timestamp,price,amount,side
1444089091,1556.74,0.031,ASK
1444089099,1556.69,0.001,ASK
1444089104,1556.78,0.146,BID
1444089104,1556.79,0.0003,BID
1444089105,1556.59,0.001,ASK
1444089105,1556.79,0.146,BID
1444089106,1556.69,0.1563,BID
1444089108,1556.68,0.0275,BID
1444089108,1556.69,0.1628,BID
1444089109,1556.69,0.6424,BID
1444089110,1556.69,0.154,BID
1444089111,1556.69,0.4189,BID
1444089114,1556.79,0.014,BID
1444089118,1556.7,0.139,ASK
1444089120,1556.7,0.0845,ASK
1444089120,1556.7,0.5655,ASK
1444089120,1556.79,0.0297,BID
1444089120,1557.01,0.02,BID
1444089120,1557.02,0.1367,BID
1444089125,1556.59,0.001,ASK
1444089125,1556.69,0.4,BID
1444089126,1556.69,0.25,BID
1444089127,1556.7,0.0012,ASK
1444089144,1556.81,0.001,ASK
1444089145,1557.01,0.0132,BID
1444089145,1557.02,0.1948,BID
1444089146,1557.02,0.0685,BID
1444089146,1557.03,0.0913,BID
1444089152,1556.79,0.001,ASK
1444089161,1557.0,0.001,ASK
1444089162,1556.82,0.06,ASK
1444089162,1556.71,0.0321,ASK
1444089162,1556.7,0.2079,ASK
1444089163,1556.7,0.1833,ASK
1444089163,1556.7,0.1167,ASK
1444089165,1556.7,0.001,ASK
1444089170,1556.7,0.1323,ASK
1444089170,1556.51,0.1436,ASK
1444089170,1555.26,0.0241,ASK
1444089182,1556.97,0.001,BID
1444089185,1556.82,0.001,ASK
1444089204,1556.96,0.01,BID
1444089204,1556.97,0.0172,BID
1444089204,1556.97,0.0507,BID
1444089204,1556.98,0.0678,BID
1444089204,1556.98,0.0544,BID
1444089205,1556.8,0.001,ASK
1444089205,1556.95,0.06,BID
1444089205,1556.98,0.1,BID
1444089206,1556.98,0.621,BID
1444089211,1556.81,0.001,BID
1444089214,1556.81,0.0078,BID
1444089214,1556.98,0.1991,BID
1444089217,1556.98,0.1,BID
1444089220,1556.9,0.01,ASK
1444089225,1556.97,0.01,BID
1444089225,1556.98,0.1786,BID
1444089225,1556.8,0.001,ASK
1444089227,1556.98,0.1362,BID
1444089227,1556.98,0.0643,BID
1444089230,1556.98,0.1144,BID
1444089231,1556.98,0.6423,BID
1444089232,1556.97,0.3839,BID
1444089232,1556.98,0.2584,BID
1444089233,1556.98,0.0716,BID
1444089233,1556.99,0.2584,BID
1444089236,1556.8,0.058,ASK
1444089236,1556.79,0.0036,BID
1444089237,1556.99,0.05,BID
1444089237,1556.98,0.0018,ASK
1444089238,1556.78,0.06,ASK
1444089238,1556.5,0.6423,BID
1444089239,1556.5,0.7,BID
1444089240,1556.49,0.0794,BID
1444089240,1556.5,0.9206,BID
1444089240,1556.5,0.4,BID
1444089240,1556.5,0.6,BID
1444089241,1556.5,0.06,BID
1444089241,1556.5,0.838,BID
1444089242,1556.5,0.1,BID
1444089243,1556.5,4.055,BID
1444089243,1556.5,0.5,BID
1444089243,1556.5,0.1,BID
1444089246,1556.5,0.5,BID
1444089247,1556.5,1.0,BID
1444089248,1556.5,0.01,BID
1444089249,1556.49,0.06,BID
1444089249,1556.5,0.44,BID
1444089251,1556.5,1.0,BID
1444089256,1556.49,0.0377,BID
1444089256,1556.5,0.1453,BID
1444089259,1556.5,1.0,BID
1444089259,1555.41,0.0011,ASK
1444089259,1556.5,0.0019,BID
1444089261,1556.5,0.05,BID
1444089262,1556.5,0.112,BID
1444089265,1556.5,1.0,BID
1444089266,1555.57,0.001,ASK
1444089268,1556.5,0.396,BID
1444089272,1556.5,1.0,BID
1444089278,1556.5,1.0,BID
1444089282,1556.5,0.27,BID
1444089284,1555.63,0.001,ASK
1444089285,1556.5,0.0024,BID
1444089286,1556.47,0.001,BID
1444089286,1556.5,0.049,BID
1444089286,1556.5,1.0,BID
1444089287,1556.5,3.09,BID
1444089289,1556.49,0.001,BID
1444089289,1556.5,0.069,BID
1444089290,1556.5,0.05,BID
1444089292,1556.5,1.0,BID
1444089300,1556.5,1.0,BID
1444089303,1556.5,1.0,BID
1444089305,1556.5,0.359,BID
1444089306,1555.68,0.0017,ASK
1444089306,1556.28,0.001,BID
1444089306,1556.5,0.001,BID
1444089317,1555.7,0.06,ASK
1444089317,1555.69,0.01,ASK
1444089317,1555.68,0.4,ASK
1444089317,1555.66,1.166,ASK
1444089317,1555.65,3.0,ASK
1444089317,1555.59,0.0307,ASK
1444089317,1555.57,0.2185,ASK
1444089317,1555.57,0.4688,BID
1444089318,1556.5,0.01,BID
1444089328,1556.49,0.06,BID
1444089328,1556.49,0.4688,BID
1444089328,1556.5,0.4712,BID
1444089329,1555.69,0.0064,BID
1444089329,1556.5,0.0046,BID
1444089330,1556.5,1.0,BID
1444089330,1556.5,0.0108,BID
1444089342,1556.49,0.02,BID
1444089346,1555.59,0.001,ASK
1444089346,1555.69,0.2,BID
1444089347,1555.69,0.822,BID
1444089347,1555.69,2.629,BID
1444089347,1555.68,0.2636,BID
1444089347,1555.69,0.2364,BID
1444089347,1555.69,0.6,BID
1444089347,1555.68,5.0,BID
1444089347,1555.68,1.012,BID
1444089348,1555.69,0.6428,BID
1444089348,1555.68,4.0,BID
1444089348,1555.68,14.975,BID
1444089349,1555.69,0.355,BID
1444089350,1555.69,0.5,BID
1444089350,1555.69,0.12,BID
1444089353,1555.69,0.5,BID
1444089354,1555.59,0.0099,ASK
1444089355,1555.68,0.0079,BID
1444089355,1555.68,0.09,BID
1444089356,1555.68,0.5,BID
1444089359,1555.68,0.5,BID
1444089362,1555.68,0.0681,BID
1444089362,1555.69,0.4319,BID
1444089365,1555.69,0.5,BID
1444089366,1555.69,1.0,BID
1444089366,1555.57,0.001,ASK
1444089367,1555.69,0.09,BID
1444089367,1555.69,1.0,BID
1444089367,1555.68,22.601,BID
1444089368,1555.69,0.5,BID
1444089370,1555.69,1.0,BID
1444089370,1555.69,0.08,BID
1444089372,1555.69,0.5,BID
1444089372,1555.69,0.345,BID
1444089376,1555.56,0.001,ASK
1444089378,1555.69,0.209,BID
1444089378,1555.69,0.508,BID
1444089378,1555.69,0.508,BID
1444089379,1555.69,0.19,BID
1444089381,1555.69,0.01,BID
1444089382,1555.69,0.5,BID
1444089384,1555.69,0.01,BID
1444089386,1555.68,0.001,ASK
1444089386,1555.69,0.25,BID
1444089395,1555.69,0.15,BID
1444089396,1555.69,0.5,BID
1444089400,1555.69,0.17,BID
1444089404,1555.69,0.9488,BID
1444089404,1555.88,0.01,BID
1444089404,1556.0,0.001,BID
1444089406,1556.02,0.0024,ASK
1444089406,1556.02,0.0378,ASK
1444089407,1555.7,0.001,ASK
1444089407,1556.0,0.5285,BID
1444089411,1555.99,0.38,BID
1444089411,1556.0,0.56,BID
1444089427,1555.74,0.001,ASK
1444089430,1555.74,0.001,ASK
1444089430,1556.0,0.0012,BID
1444089436,1556.0,0.122,BID
1444089447,1555.74,0.001,ASK
1444089447,1555.99,0.01,BID
1444089447,1556.0,1.49,BID
1444089452,1556.0,0.65,BID
1444089452,1556.0,0.149,BID
1444089454,1556.0,0.2,BID
1444089455,1555.74,0.0024,ASK
1444089456,1556.0,0.003,BID
1444089457,1556.0,0.19,BID
1444089458,1556.0,0.004,BID
1444089460,1556.0,1.0,BID
1444089463,1556.0,0.004,BID
1444089463,1556.0,0.5,BID
1444089465,1556.0,1.0,BID
1444089466,1556.0,0.103,BID
1444089466,1556.0,0.5,BID
1444089467,1555.73,0.001,ASK
1444089468,1556.0,0.004,BID
1444089470,1556.0,0.5,BID
1444089471,1556.0,0.004,BID
1444089472,1556.0,0.243,BID
1444089474,1556.0,0.5,BID
1444089477,1555.75,0.0023,ASK
1444089477,1556.0,0.5,BID
1444089478,1556.0,0.001,BID
1444089479,1556.0,0.004,BID
1444089482,1556.0,0.24,BID
1444089485,1556.0,0.2,BID
1444089486,1556.0,0.041,BID
1444089487,1555.76,0.001,ASK
1444089489,1555.99,0.0067,BID
1444089489,1556.0,0.0233,BID
1444089491,1556.0,1.0,BID
1444089492,1556.0,1.0,BID
1444089497,1556.0,1.0,BID
1444089499,1555.77,0.001,ASK
1444089500,1555.94,0.001,BID
1444089507,1555.77,0.001,ASK
1444089520,1555.79,0.001,ASK
1444089521,1556.0,0.001,BID
1444089522,1556.0,1.0,BID
1444089523,1555.97,0.28,BID
1444089525,1555.97,0.22,BID
1444089525,1556.0,0.78,BID
1444089527,1556.0,0.0937,BID
1444089528,1556.3,0.001,ASK
1444089529,1556.3,0.9053,ASK
1444089540,1555.82,0.06,ASK
1444089540,1555.81,0.001,ASK
1444089540,1555.79,0.0092,ASK
1444089540,1555.77,0.0047,ASK
1444089540,1555.75,0.1656,ASK
1444089540,1555.73,0.1679,ASK
1444089540,1555.71,0.0115,ASK
1444089540,1555.45,0.001,ASK
1444089540,1555.41,0.0366,ASK
1444089540,1555.4,0.0003,ASK
1444089542,1556.25,0.1277,BID
1444089544,1556.24,0.01,BID
1444089544,1556.26,0.001,BID
1444089545,1556.26,0.0657,ASK
1444089545,1556.26,0.1269,ASK
1444089547,1555.78,0.001,BID
1444089550,1555.46,0.001,BID
1444089550,1556.28,0.075,BID
1444089566,1556.02,0.0239,ASK
1444089566,1556.01,0.2791,ASK
1444089567,1556.02,0.014,ASK
1444089567,1556.01,0.0009,ASK
1444089569,1555.42,0.001,ASK
1444089569,1555.4,0.0176,ASK
1444089569,1555.46,0.001,BID
1444089575,1555.6,0.06,BID
1444089577,1555.41,10.0,BID
1444089577,1555.41,10.661,BID
1444089579,1556.01,0.009,BID
1444089579,1556.19,0.0239,BID
1444089579,1556.2,0.001,BID
1444089579,1556.49,0.0157,BID
1444089579,1556.5,0.9504,BID
1444089584,1556.49,0.05,BID
1444089585,1555.41,9.0,BID
1444089585,1555.41,6.692,BID
1444089585,1556.5,1.0,BID
1444089590,1555.43,0.001,ASK
1444089590,1555.41,0.0001,ASK
1444089591,1555.46,0.001,BID
1444089606,1556.48,0.001,BID
1444089606,1556.5,0.0398,BID
1444089607,1555.6,0.001,ASK
1444089610,1556.45,0.2718,BID
1444089610,1556.5,0.7282,BID
1444089611,1556.5,0.0542,BID
1444089612,1556.49,0.0832,BID
1444089612,1556.5,0.9168,BID
1444089625,1556.48,0.001,BID
1444089625,1556.5,0.999,BID
1444089628,1555.66,0.001,ASK
1444089628,1555.66,0.001,ASK
1444089629,1556.5,0.0108,BID
1444089629,1556.5,0.4,BID
1444089630,1556.5,0.0375,BID
1444089631,1556.5,0.09,BID
1444089635,1556.5,0.09,BID
1444089636,1556.5,0.0239,BID
1444089637,1556.5,0.5,BID
1444089638,1556.5,1.0,BID
1444089639,1556.5,0.2,BID
1444089640,1556.5,1.0,BID
1444089641,1556.5,0.5,BID
1444089644,1556.5,0.4,BID
1444089645,1556.5,1.0,BID
1444089661,1556.47,0.001,BID
1444089668,1556.3,0.001,ASK
1444089672,1556.49,0.1084,BID
1444089672,1556.5,0.3755,BID
1444089672,1556.5,0.5161,BID
1444089674,1556.5,1.0,BID
1444089677,1556.5,1.0,BID
1444089682,1556.31,0.0011,ASK
1444089684,1556.49,0.0011,ASK
1444089688,1556.49,0.001,ASK
1444089691,1556.49,0.0011,ASK
1444089691,1556.3,0.1321,ASK
1444089691,1556.3,0.06,ASK
1444089693,1556.0,0.09,BID
1444089693,1556.0,0.0108,BID
1444089693,1556.0,0.09,BID
1444089694,1555.99,0.06,BID
1444089694,1556.0,0.44,BID
1444089695,1556.0,0.279,BID
1444089700,1556.0,0.2,BID
1444089700,1556.0,0.5,BID
1444089702,1556.0,1.0,BID
1444089703,1556.0,0.2,BID
1444089705,1556.0,1.0,BID
1444089706,1556.0,0.5,BID
1444089706,1556.0,0.8342,BID
1444089706,1556.5,0.1658,BID
1444089712,1556.13,0.001,BID
1444089712,1556.49,0.0009,BID
1444089713,1556.48,1.0,BID
1444089713,1556.48,4.0,BID
1444089713,1556.48,6.407,BID
1444089713,1556.49,0.0001,BID
1444089713,1556.5,0.9999,BID
1444089721,1556.49,0.0034,BID
1444089721,1556.5,0.9966,BID
1444089724,1556.5,1.0,BID
1444089733,1556.17,0.06,ASK
1444089733,1556.14,0.0034,ASK
1444089733,1556.1,0.038,ASK
1444089734,1556.11,0.001,BID
1444089737,1556.16,0.01,BID
1444089750,1556.16,0.022,BID
1444089751,1556.16,0.01,BID
1444089754,1556.16,0.018,BID
1444089754,1556.19,0.001,BID
1444089754,1556.3,0.06,BID
1444089755,1556.32,0.01,ASK
1444089780,1556.33,0.0024,ASK
1444089786,1556.58,0.001,BID
1444089786,1556.58,0.001,BID
1444089786,1556.62,0.016,BID
1444089786,1556.67,0.001,BID
1444089786,1556.79,0.051,BID
1444089802,1556.77,0.0108,BID
1444089803,1556.77,0.0108,BID
1444089807,1556.57,0.05,ASK
1444089808,1556.58,0.528,ASK
1444089812,1556.56,0.001,BID
1444089814,1556.33,0.0215,ASK
1444089814,1556.32,0.3785,ASK
1444089815,1556.32,0.0215,ASK
1444089822,1556.34,0.5,BID
1444089823,1556.34,0.0215,BID
1444089824,1556.34,0.0215,BID
1444089825,1556.34,0.5,BID
1444089825,1556.34,0.0215,BID
1444089826,1556.34,0.0215,BID
1444089828,1556.34,0.5,BID
1444089831,1556.34,0.074,BID
1444089837,1556.34,0.0012,ASK
1444089846,1556.76,0.528,BID
1444089846,1556.77,0.1005,BID
1444089846,1556.79,0.0052,BID
1444089846,1556.93,0.002,BID
1444089846,1556.94,0.06,BID
1444089846,1557.0,0.299,BID
1444089846,1557.03,0.0053,BID
1444089847,1556.77,0.0365,ASK
1444089847,1556.74,0.001,ASK
1444089847,1556.74,0.9625,ASK
1444089847,1556.74,0.0375,ASK
1444089868,1556.73,0.001,BID
1444089899,1556.45,0.0028,ASK
1444089899,1556.73,0.0015,BID
1444089899,1556.45,0.5257,ASK
1444089899,1556.44,0.06,ASK
1444089899,1556.39,0.0563,ASK
1444089921,1556.42,0.001,ASK
1444089921,1556.4,0.0127,ASK
1444089921,1556.67,0.0289,BID
1444089924,1556.41,9.0,BID
1444089924,1556.41,6.0,BID
1444089924,1556.41,2.219,BID
1444089943,1556.42,0.001,ASK
1444089943,1556.4,0.0006,ASK
1444089944,1556.58,0.001,BID
1444089948,1556.4,0.0497,ASK
1444089948,1556.39,0.0342,ASK
1444089948,1556.36,0.2421,ASK
1444089951,1556.39,0.001,BID
1444089969,1556.37,0.0021,ASK
1444089969,1556.39,0.001,BID
1444089970,1556.39,0.0477,BID
1444089970,1556.39,0.001,ASK
1444089972,1556.56,2.0,ASK
1444089972,1556.56,3.28,ASK
1444089982,1556.41,0.026,ASK
1444089982,1556.4,0.0077,ASK
1444089982,1556.4,0.1037,ASK
1444089982,1556.4,0.3333,ASK
1444089983,1556.4,0.65,ASK
1444089988,1556.4,0.324,ASK
1444089989,1556.4,0.0828,ASK
1444089989,1556.4,0.0238,ASK
1444089989,1556.39,0.324,ASK
1444089990,1556.41,0.0203,ASK
1444089990,1556.39,0.4103,ASK
1444089994,1556.44,0.001,ASK
1444089995,1556.4,0.001,BID
1444089996,1556.39,0.473,ASK
1444089997,1556.39,0.65,ASK
1444089998,1556.39,0.65,ASK
1444089999,1556.39,0.65,ASK
1444089999,1556.4,0.0177,BID
1444090000,1556.4,0.3823,ASK
1444090000,1556.39,0.2677,ASK
1444090001,1556.39,0.65,ASK
1444090004,1556.4,0.4,ASK
1444090005,1556.39,3.0,ASK
1444090005,1556.39,1.071,ASK
1444090005,1556.39,0.075,ASK
1444090008,1556.39,0.384,ASK
1444090009,1556.39,2.0,ASK
1444090009,1556.39,0.65,ASK
1444090009,1556.39,0.046,ASK
1444090011,1556.39,0.725,ASK
1444090012,1556.39,0.65,ASK
1444090012,1556.4,0.001,BID
1444090013,1556.39,0.65,ASK
1444090013,1556.39,0.584,ASK
1444090014,1556.39,0.65,ASK
1444090015,1556.39,0.65,ASK
1444090016,1556.39,0.65,ASK
1444090017,1556.39,0.65,ASK
1444090018,1556.39,0.0491,ASK
1444090021,1556.32,0.461,ASK
1444090022,1556.32,0.059,ASK
1444090026,1556.31,0.01,BID
1444090032,1556.3,0.001,BID
1444090041,1556.3,0.399,BID
1444090041,1556.31,0.121,BID
1444090042,1556.31,0.33,BID
1444090042,1556.31,0.069,BID
1444090050,1556.26,0.001,ASK
1444090050,1556.26,0.001,ASK
1444090050,1556.24,0.003,ASK
1444090050,1556.07,0.001,ASK
1444090050,1556.07,0.001,ASK
1444090050,1556.07,0.001,ASK
1444090050,1556.04,0.001,ASK
1444090050,1556.04,0.001,ASK
1444090051,1556.0,0.001,ASK
1444090052,1556.0,0.299,ASK
1444090053,1556.27,0.03,BID
1444090058,1556.3,0.0225,BID
1444090058,1556.31,0.0055,BID
1444090059,1555.93,0.002,ASK
1444090059,1555.76,0.001,ASK
1444090059,1555.63,0.147,ASK
1444090065,1556.29,0.001,BID
1444090071,1556.03,0.001,ASK
1444090073,1556.28,0.01,BID
1444090073,1556.29,0.0004,BID
1444090091,1555.64,0.001,ASK
1444090092,1556.28,0.0229,BID
1444090092,1556.29,0.4,BID
1444090094,1556.29,0.05,ASK
1444090102,1556.29,0.736,ASK
1444090104,1555.64,0.999,BID
1444090105,1555.64,0.06,BID
1444090105,1555.64,0.565,BID
1444090159,1556.17,0.06,BID
1444090159,1556.17,0.94,BID
1444090161,1556.17,0.06,BID
1444090161,1556.18,0.001,BID
1444090161,1556.18,0.001,BID
1444090161,1556.26,0.138,BID
1444090162,1555.66,4.0,BID
1444090162,1555.66,0.345,BID
1444090164,1556.26,1.0,BID
1444090172,1556.25,0.0137,BID
1444090172,1556.26,0.2521,BID
1444090172,1556.26,0.0489,BID
1444090172,1556.27,0.6853,BID
1444090178,1556.26,0.0387,BID
1444090178,1556.26,0.0284,BID
1444090178,1556.27,0.9329,BID
1444090181,1556.27,0.4098,BID
1444090181,1556.28,0.1102,BID
1444090186,1556.27,0.0216,BID
1444090186,1556.28,0.5398,BID
1444090186,1556.31,0.4386,BID
1444090192,1556.27,0.242,BID
1444090192,1556.31,0.0069,BID
1444090192,1556.38,0.6009,BID
1444090192,1556.38,0.1502,BID
1444090214,1556.38,0.192,BID
1444090221,1556.37,0.1779,BID
1444090221,1556.38,0.3078,BID
1444090221,1556.41,0.001,BID
1444090221,1556.46,0.001,BID
1444090221,1556.51,0.001,BID
1444090221,1556.52,0.001,BID
1444090221,1556.56,0.23,BID
1444090221,1556.71,0.063,BID
1444090221,1556.73,0.2173,BID
1444090237,1556.71,0.002,BID
1444090237,1556.73,0.2,BID
1444090265,1556.72,0.001,ASK
1444090292,1556.71,0.01,BID
1444090292,1556.73,0.01,BID
1444090300,1556.69,0.06,BID
1444090373,1556.69,0.06,BID
1444090407,1556.66,0.0295,BID
1444090407,1556.68,0.0205,BID
1444090439,1556.11,0.06,ASK
1444090439,1556.1,0.001,ASK
1444090439,1556.1,0.001,ASK
1444090439,1556.1,0.001,ASK
1444090439,1555.89,0.0312,ASK
1444090439,1555.87,0.001,ASK
1444090439,1555.84,0.001,ASK
1444090439,1555.78,0.001,ASK
1444090439,1555.78,0.001,ASK
1444090439,1555.78,0.001,ASK
1444090439,1555.72,0.0102,ASK
1444090439,1555.71,0.2041,ASK
1444090439,1555.7,0.002,ASK
1444090439,1555.7,0.001,ASK
1444090439,1555.7,0.001,ASK
1444090439,1555.63,0.0864,ASK
1444090439,1555.62,0.001,ASK
1444090439,1555.58,0.001,ASK
1444090439,1555.44,0.001,ASK
1444090439,1555.4,0.1511,ASK
1444090445,1556.65,0.0102,BID
1444090445,1556.67,0.02,BID
1444090445,1556.68,0.0098,BID
1444090450,1556.65,0.002,BID
1444090450,1556.66,0.001,BID
1444090450,1556.67,0.06,BID
1444090450,1556.68,0.937,BID
1444090480,1555.56,0.1849,BID
1444090480,1555.57,0.0001,BID
1444090481,1555.57,0.0009,BID
1444090481,1555.57,0.001,BID
1444090508,1556.35,0.001,BID
1444090508,1556.67,0.2701,BID
1444090511,1556.67,3.0,ASK
1444090512,1556.67,0.3786,ASK
1444090512,1556.67,0.65,ASK
1444090513,1556.68,0.4,BID
1444090513,1556.67,1.508,ASK
1444090513,1556.67,0.65,ASK
1444090514,1556.68,0.6424,BID
1444090515,1556.68,0.6424,BID
1444090516,1556.68,0.3479,BID
1444090516,1556.69,0.2945,BID
1444090517,1556.69,0.6424,BID
1444090521,1556.68,0.75,ASK
1444090522,1556.68,0.6397,ASK
1444090522,1556.67,0.0103,ASK
1444090523,1556.67,0.65,ASK
1444090550,1556.67,0.1,ASK
1444090551,1556.67,0.65,ASK
1444090552,1556.67,0.65,ASK
1444090553,1556.67,0.65,ASK
1444090554,1556.68,0.01,BID
1444090554,1556.68,0.65,ASK
1444090568,1556.68,0.5,ASK
1444090589,1556.69,0.582,BID
1444090589,1556.7,0.0312,BID
1444090589,1556.7,0.001,BID
1444090589,1556.7,0.001,BID
1444090589,1556.7,0.001,BID
1444090589,1556.77,0.47,BID
1444090589,1556.78,0.001,BID
1444090589,1556.78,0.001,BID
1444090589,1556.78,0.001,BID
1444090589,1556.84,0.001,BID
1444090589,1556.84,0.001,BID
1444090589,1556.85,0.005,BID
1444090589,1556.87,0.001,BID
1444090589,1557.0,0.3,BID
1444090593,1557.0,0.01,ASK
1444090595,1557.0,0.59,ASK
1444090595,1557.0,0.2,ASK
1444090596,1557.0,0.65,ASK
1444090597,1557.0,0.65,ASK
1444090598,1557.0,0.2,ASK
1444090598,1557.0,0.65,ASK
1444090599,1557.0,0.65,ASK
1444090600,1557.0,0.65,ASK
1444090601,1557.0,0.65,ASK
1444090602,1557.0,0.65,ASK
1444090603,1557.0,0.65,ASK
1444090604,1557.0,0.65,ASK
1444090605,1557.0,1.2934,ASK
1444090605,1557.0,0.4594,ASK
1444090609,1556.84,0.0264,ASK
1444090609,1556.83,0.4936,ASK
1444090617,1556.72,0.06,ASK
1444090627,1556.72,0.09,ASK
1444090628,1556.72,0.2385,ASK
1444090628,1556.71,0.0291,ASK
1444090629,1556.7,0.582,ASK
1444090629,1556.68,0.1412,ASK
1444090629,1556.67,11.5932,ASK
1444090629,1556.46,0.001,ASK
1444090630,1556.36,1.0,ASK
1444090630,1556.36,4.166,ASK
1444090638,1556.55,0.001,ASK
1444090638,1556.35,0.053,ASK
1444090638,1556.68,0.005,BID
1444090640,1556.67,8.481,ASK
1444090676,1556.36,0.039,ASK
1444090692,1556.65,0.06,BID
1444090692,1556.66,0.0201,BID
1444090692,1556.68,0.0136,BID
1444090734,1556.68,0.0163,ASK
1444090734,1556.49,0.0537,ASK
1444090742,1556.69,0.04,BID
1444090743,1556.69,0.3313,BID
1444090743,1556.7,0.0195,BID
1444090745,1556.7,0.0205,ASK
1444090745,1556.7,0.0395,ASK
1444090746,1556.7,0.0205,ASK
1444090747,1556.7,0.3113,ASK
1444090753,1556.68,0.02,BID
1444090774,1556.68,0.0098,BID
1444090774,1556.68,0.0102,BID
1444090793,1556.68,0.0094,BID
1444090793,1556.69,0.0006,BID
1444090822,1556.53,0.0475,ASK
1444090822,1556.52,0.0085,ASK
1444090824,1556.52,0.047,ASK
1444090825,1556.52,0.0006,ASK
1444090825,1556.51,0.047,ASK
1444090839,1556.68,0.0196,BID
1444090839,1556.69,0.0104,BID
1444090842,1556.51,0.1282,ASK
1444090842,1556.5,0.0298,ASK
1444090842,1556.48,0.06,ASK
1444090842,1556.36,0.0009,ASK
1444090842,1556.35,3.0858,ASK
1444090842,1556.31,0.001,ASK
1444090842,1556.31,0.001,ASK
1444090842,1556.3,0.001,ASK
1444090842,1556.17,0.001,ASK
1444090842,1556.17,0.001,ASK
1444090842,1556.17,0.001,ASK
1444090842,1556.17,0.001,ASK
1444090842,1556.17,0.001,ASK
1444090842,1556.17,0.001,ASK
1444090842,1556.17,0.001,ASK
1444090842,1556.16,0.001,ASK
1444090842,1556.16,0.001,ASK
1444090842,1556.16,0.001,ASK
1444090842,1556.0,0.3,ASK
1444090844,1556.0,0.6,BID
1444090844,1556.0,0.4,BID
1444090845,1556.0,0.591,BID
1444090845,1556.0,0.075,BID
1444090846,1556.0,0.6427,BID
1444090847,1556.0,0.6,BID
1444090847,1556.0,1.169,BID
1444090848,1556.0,0.055,BID
1444090849,1556.0,1.0,BID
1444090849,1556.0,1.487,BID
1444090849,1556.0,0.6,BID
1444090850,1556.0,1.0,BID
1444090850,1556.0,0.6427,BID
1444090851,1556.0,0.07,BID
1444090851,1555.99,0.7,BID
1444090851,1555.99,0.6427,BID
1444090852,1555.99,0.047,BID
1444090852,1556.0,0.953,BID
1444090854,1556.0,0.71,BID
1444090855,1556.0,0.2869,BID
1444090857,1556.12,0.001,BID
1444090871,1556.11,0.02,BID
1444090872,1556.11,0.0933,BID
1444090874,1556.22,0.014,BID
1444090877,1556.22,0.046,BID
1444090877,1556.5,0.1282,BID
1444090877,1556.68,0.019,BID
1444090877,1556.69,0.0695,BID
1444090877,1556.69,0.3113,BID
1444090877,1556.7,0.0195,BID
1444090877,1556.71,0.0609,BID
1444090877,1556.71,0.3285,BID
1444090877,1556.85,0.001,BID
1444090877,1556.91,0.4,BID
1444090877,1556.97,1.165,BID
1444090877,1556.99,0.0311,BID
1444090915,1556.65,0.0385,BID
1444090915,1556.66,0.0315,BID
1444090932,1556.5,0.094,ASK
1444090951,1556.66,1.0,BID
1444090953,1556.66,1.7885,BID
1444090953,1556.84,0.001,BID
1444090953,1556.84,0.001,BID
1444090953,1556.98,0.01,BID
1444090953,1556.99,0.2,BID
1444090953,1556.99,0.001,BID
1444090953,1556.99,0.0104,BID
1444090953,1557.0,0.3,BID
1444090953,1557.03,0.0034,BID
1444090953,1557.12,0.0276,BID
1444090953,1557.13,0.002,BID
1444090953,1557.13,0.5478,BID
1444090953,1557.13,0.002,BID
1444090953,1557.16,0.001,BID
1444090953,1557.16,0.005,BID
1444090953,1557.16,0.001,BID
1444090953,1557.16,0.001,BID
1444090953,1557.16,0.001,BID
1444090953,1557.16,0.001,BID
1444090953,1557.17,0.001,BID
1444090953,1557.17,0.001,BID
1444090953,1557.17,0.001,BID
1444090953,1557.17,0.001,BID
1444090953,1557.17,0.001,BID
1444090953,1557.17,0.001,BID
1444090953,1557.17,0.001,BID
1444090953,1557.18,0.001,BID
1444090953,1557.49,0.0329,BID
1444090953,1557.5,11.7724,BID
1444090953,1557.55,0.001,BID
1444090953,1557.56,0.001,BID
1444090953,1557.57,0.001,BID
1444090953,1557.57,0.001,BID
1444090953,1557.7,0.29,BID
1444090953,1557.71,0.116,BID
1444090953,1557.72,0.001,BID
1444090953,1557.72,0.712,BID
1444090953,1557.74,1.0,BID
1444090953,1557.75,0.004,BID
1444090953,1557.77,0.5,BID
1444090953,1557.79,1.0,BID
1444090953,1557.85,2.2,BID
1444090954,1556.67,0.0285,ASK
1444090957,1557.07,15.0,BID
1444090957,1557.07,3.024,BID
1444090959,1557.04,15.0,BID
1444090959,1557.04,7.616,BID
1444090968,1556.69,0.06,ASK
1444090968,1556.68,0.03,ASK
1444091000,1556.69,0.02,ASK
1444091000,1556.68,0.16,ASK
1444091021,1556.8,0.239,ASK
1444091023,1556.81,0.01,ASK
1444091024,1556.81,0.086,ASK
1444091024,1556.81,0.0199,ASK
1444091024,1556.8,0.5441,ASK
1444091025,1556.81,0.096,ASK
1444091029,1556.99,0.1087,BID
1444091029,1556.99,0.01,BID
1444091029,1556.99,0.0951,ASK
1444091029,1556.81,0.2149,ASK
1444091030,1556.81,0.086,ASK
1444091031,1556.81,0.0031,ASK
1444091031,1556.81,0.3009,ASK
1444091032,1556.82,0.0307,ASK
1444091032,1556.81,0.6193,ASK
1444091033,1556.81,0.4688,ASK
1444091033,1556.8,0.1812,ASK
1444091035,1556.8,0.65,ASK
1444091035,1556.8,0.65,ASK
1444091055,1557.01,0.05,BID
1444091078,1557.04,0.0247,BID
1444091078,1557.05,0.0053,BID
1444091083,1557.02,0.06,ASK
1444091094,1556.83,0.05,ASK
1444091094,1556.82,0.001,ASK
1444091094,1556.82,0.001,ASK
1444091094,1556.7,0.1087,ASK
1444091094,1556.68,0.001,ASK
1444091094,1556.68,0.001,ASK
1444091094,1556.68,0.0248,ASK
1444091094,1556.67,0.5625,ASK
1444091098,1556.82,0.05,BID
1444091098,1557.01,0.06,BID
1444091098,1557.03,0.0244,BID
1444091098,1557.04,0.4883,BID
1444091109,1557.05,0.05,ASK
1444091135,1557.08,0.001,BID
1444091135,1557.09,0.02,BID
1444091136,1557.13,0.028,ASK
1444091136,1557.06,0.622,ASK
1444091137,1557.06,0.04,ASK
1444091145,1557.08,0.001,ASK
1444091145,1557.06,0.0089,ASK
1444091150,1557.06,0.11,ASK
1444091165,1557.07,0.0192,ASK
1444091165,1557.06,0.3841,ASK
1444091165,1557.05,0.1167,ASK
1444091178,1557.06,0.5285,ASK
1444091178,1557.05,5.2984,ASK
1444091192,1557.08,0.239,ASK
1444091215,1557.08,0.65,ASK
1444091218,1557.08,0.024,ASK
1444091234,1557.1,1.0,ASK
1444091238,1557.1,0.75,ASK
1444091242,1557.61,0.06,BID
1444091244,1557.62,0.491,ASK
1444091244,1557.62,0.215,ASK
1444091244,1557.62,0.0429,ASK
1444091248,1557.51,0.0353,BID
1444091248,1557.52,0.7047,BID
1444091252,1557.11,0.06,ASK
1444091255,1557.11,0.0404,ASK
1444091255,1557.1,0.0596,ASK
1444091256,1557.1,0.04,ASK
1444091262,1557.1,0.599,ASK
1444091263,1557.46,0.0264,BID
1444091263,1557.47,0.1873,BID
1444091266,1557.1,0.4922,ASK
1444091268,1557.1,0.75,ASK
1444091285,1557.11,0.0264,ASK
1444091285,1557.1,0.7236,ASK
1444091294,1557.11,0.583,ASK
1444091299,1557.11,0.59,ASK
1444091330,1557.11,0.63,ASK
1444091345,1557.12,0.0373,ASK
1444091345,1557.11,0.0127,ASK
1444091359,1557.12,0.3,ASK
1444091359,1557.11,0.45,ASK
1444091389,1557.12,0.0054,ASK
1444091389,1557.11,0.7446,ASK
1444091410,1557.38,0.0171,BID
1444091410,1557.4,0.3,BID
1444091410,1557.4,0.06,BID
1444091410,1557.41,0.0054,BID
1444091410,1557.5,0.0373,BID
1444091410,1557.59,0.0694,BID
1444091410,1557.6,1.389,BID
1444091410,1557.68,0.001,BID
1444091410,1557.75,0.4,BID
1444091410,1557.79,1.165,BID
1444091410,1557.8,1.2,BID
1444091410,1557.83,3.0,BID
1444091410,1557.85,0.3,BID
1444091410,1557.85,4.451,BID
1444091410,1557.86,0.5,BID
1444091410,1557.98,0.1,BID
1444091410,1558.0,0.3,BID
1444091410,1558.1,0.002,BID
1444091410,1558.44,0.001,BID
1444091410,1558.51,2.14,BID
1444091410,1558.52,5.0,BID
1444091410,1558.57,7.3057,BID
1444091410,1558.69,0.001,BID
1444091410,1558.69,0.001,BID
1444091410,1558.7,0.194,BID
1444091410,1558.71,0.001,BID
1444091410,1558.71,0.001,BID
1444091410,1558.72,0.004,BID
1444091410,1558.72,0.001,BID
1444091410,1558.72,0.001,BID
1444091410,1558.72,0.001,BID
1444091410,1558.72,0.001,BID
1444091410,1558.72,0.001,BID
1444091410,1558.73,0.115,BID
1444091410,1558.74,0.001,BID
1444091410,1558.74,13.001,BID
1444091414,1557.23,11.0,BID
1444091414,1557.23,4.522,BID
1444091423,1557.97,0.1482,BID
1444091423,1558.28,0.107,BID
1444091423,1558.53,0.16,BID
1444091423,1558.54,0.0921,BID
1444091423,1558.54,0.018,BID
1444091423,1558.55,3.0,BID
1444091423,1558.72,0.002,BID
1444091423,1558.74,9.4727,BID
1444091435,1557.26,0.06,ASK
1444091435,1557.25,0.02,ASK
1444091450,1557.38,0.001,ASK
1444091450,1557.33,0.019,ASK
1444091466,1557.5,0.001,ASK
1444091466,1557.33,0.001,ASK
1444091466,1557.33,0.018,ASK
1444091490,1557.52,0.027,ASK
1444091490,1557.51,0.001,ASK
1444091490,1557.51,0.4,ASK
1444091490,1557.51,0.0313,ASK
1444091490,1557.5,0.0407,ASK
1444091491,1557.5,0.4814,ASK
1444091495,1557.6,0.18,ASK
1444091495,1557.52,0.01,ASK
1444091503,1557.6,0.001,ASK
1444091503,1557.52,0.39,ASK
1444091503,1557.51,1.3891,ASK
1444091504,1557.51,0.0695,BID
1444091504,1557.51,0.0108,BID
1444091508,1557.51,1.166,BID
1444091509,1557.5,0.14,ASK
1444091510,1557.51,0.6421,BID
1444091511,1557.5,0.65,ASK
1444091512,1557.5,0.1,ASK
1444091513,1557.5,0.65,ASK
1444091514,1557.5,0.65,ASK
1444091515,1557.5,1.3891,ASK
1444091515,1557.5,0.4699,ASK
1444091517,1557.49,0.01,BID
1444091517,1557.48,0.3,BID
1444091522,1557.48,0.001,BID
1444091526,1557.26,0.0658,ASK
1444091526,1557.23,0.1042,ASK
1444091534,1557.24,0.01,BID
1444091536,1557.25,0.0658,BID
1444091537,1557.26,0.0312,ASK
1444091538,1557.26,0.04,ASK
1444091590,1557.3,0.0014,ASK
1444091590,1557.28,0.0014,ASK
1444091590,1557.27,0.1672,ASK
1444091591,1557.27,0.0716,ASK
1444091616,1557.46,0.1161,BID
1444091616,1557.48,0.025,BID
1444091616,1557.48,0.016,BID
1444091616,1557.49,0.1701,BID
1444091616,1557.49,0.4128,BID
1444091624,1557.47,0.1161,ASK
1444091640,1557.44,0.0187,BID
1444091640,1557.45,0.1139,BID
1444091642,1557.47,0.01,ASK
1444091643,1557.47,2.58,ASK
1444091644,1557.47,0.011,ASK
1444091645,1557.47,0.65,ASK
1444091649,1557.47,0.01,ASK
1444091659,1557.47,0.15,ASK
1444091660,1557.48,0.0148,BID
1444091660,1557.48,0.0551,BID
1444091660,1557.49,0.0601,BID
1444091691,1557.49,0.1771,BID
1444091691,1557.49,0.0632,BID
1444091691,1557.5,0.7597,BID
1444091691,1557.5,0.0014,BID
1444091692,1557.5,0.4049,BID
1444091692,1557.5,0.0776,BID
1444091692,1557.5,0.2388,BID
1444091692,1557.51,0.1377,BID
1444091705,1557.51,0.02,BID
1444091707,1557.5,0.23,ASK
1444091717,1557.51,1.18,BID
1444091718,1557.5,0.0103,ASK
1444091719,1557.49,0.23,BID
1444091719,1557.51,0.4121,BID
1444091720,1557.51,1.18,BID
1444091721,1557.51,2.58,BID
1444091721,1557.51,0.6421,BID
1444091722,1557.51,1.18,BID
1444091722,1557.51,0.6421,BID
1444091725,1557.51,0.03,BID
1444091737,1557.51,0.017,BID
1444091738,1557.51,0.6,BID
1444091739,1557.51,0.0014,BID
1444091740,1557.5,0.004,ASK
1444091742,1557.51,0.0014,BID
1444091744,1557.51,0.0014,BID
1444091747,1557.51,0.0014,BID
1444091750,1557.5,0.0137,ASK
1444091750,1557.49,0.0529,ASK
1444091750,1557.49,0.2134,ASK
1444091753,1557.49,0.004,ASK
1444091753,1557.51,0.027,BID
1444091753,1557.51,0.05,BID
1444091754,1557.51,0.54,BID
1444091755,1557.51,0.23,BID
1444091755,1557.51,0.0328,BID
1444091756,1557.51,0.6421,BID
1444091757,1557.51,0.8,BID
1444091758,1557.51,0.6421,BID
1444091759,1557.51,0.1,BID
1444091759,1557.51,0.036,BID
1444091759,1557.51,0.1,BID
1444091759,1557.51,0.6421,BID
1444091759,1557.51,0.83,BID
1444091760,1557.51,0.0281,BID
1444091760,1557.51,0.6421,BID
1444091760,1557.51,0.39,BID
1444091761,1557.51,0.0014,BID
1444091761,1557.51,0.562,BID
1444091762,1557.51,0.449,BID
1444091762,1557.51,0.372,BID
1444091762,1557.51,4.5882,BID
1444091764,1557.61,0.62,ASK
1444091764,1557.52,0.6,ASK
1444091764,1557.52,0.39,ASK
1444091764,1557.52,0.6421,ASK
1444091764,1557.52,0.5284,ASK
1444091764,1557.51,3.0857,ASK
1444091765,1557.55,0.1,ASK
1444091769,1557.68,0.5284,BID
1444091769,1557.69,0.06,BID
1444091769,1557.97,0.1,BID
1444091769,1558.25,0.001,BID
1444091769,1558.25,0.001,BID
1444091769,1558.25,0.001,BID
1444091769,1558.25,0.001,BID
1444091769,1558.27,0.001,BID
1444091769,1558.29,0.0188,BID
1444091769,1558.3,0.4,BID
1444091769,1558.32,0.0341,BID
1444091769,1558.33,0.001,BID
1444091769,1558.33,0.1768,BID
1444091769,1558.33,0.5032,BID
1444091769,1558.35,0.001,BID
1444091769,1558.35,0.001,BID
1444091769,1558.35,0.001,BID
1444091769,1558.35,0.001,BID
1444091769,1558.35,0.001,BID
1444091769,1558.35,0.001,BID
1444091769,1558.5,1.4908,BID
1444091769,1557.7,0.0177,ASK
1444091771,1558.5,1.5195,BID
1444091771,1558.54,0.4805,BID
1444091782,1558.53,0.4,BID
1444091782,1558.54,0.908,BID
1444091784,1558.35,0.001,BID
1444091784,1558.54,0.399,BID
1444091786,1558.5,0.3,BID
1444091786,1558.54,0.7333,BID
1444091789,1558.54,0.724,BID
1444091791,1558.54,0.111,BID
1444091791,1558.54,1.0,BID
1444091792,1558.54,0.398,BID
1444091799,1558.54,1.0,BID
1444091811,1558.51,0.448,BID
1444091811,1558.54,1.552,BID
1444091813,1558.54,0.713,BID
1444091815,1558.54,1.732,BID
1444091816,1558.29,0.011,ASK
1444091823,1558.51,0.0305,BID
1444091832,1558.31,0.01,ASK
1444091836,1558.32,0.5282,ASK
1444091836,1558.31,0.05,ASK
1444091836,1558.3,0.101,ASK
1444091839,1558.3,0.1208,BID
1444091839,1558.3,0.05,BID
1444091839,1558.5,0.011,BID
1444091839,1558.51,0.3152,BID
1444091841,1558.29,0.03,BID
1444091852,1558.52,0.4637,BID
1444091853,1558.53,0.2136,BID
1444091854,1558.52,0.06,BID
1444091854,1558.53,0.4868,BID
1444091854,1558.54,1.4532,BID
1444091855,1558.51,0.0345,BID
1444091855,1558.54,0.2955,BID
1444091890,1558.55,0.06,ASK
1444091890,1558.53,0.06,ASK
1444091890,1558.37,0.001,ASK
1444091890,1558.32,0.0793,ASK
1444091890,1558.32,0.0855,ASK
1444091890,1558.31,0.2942,ASK
1444091894,1558.56,0.06,ASK
1444091898,1558.55,0.0217,BID
1444091902,1558.43,0.0014,ASK
1444091903,1558.38,0.088,BID
1444091905,1558.38,0.438,BID
1444091906,1558.38,0.6417,BID
1444091907,1558.38,0.0226,BID
1444091908,1558.38,0.6417,BID
1444091910,1558.38,0.452,BID
1444091911,1558.38,0.6417,BID
1444091913,1558.38,0.6417,BID
1444091914,1558.38,0.324,BID
1444091930,1558.39,0.3177,ASK
1444091930,1558.39,0.6417,ASK
1444091930,1558.38,4.0106,ASK
1444091930,1558.32,0.0318,ASK
1444091930,1558.31,0.5595,ASK
1444091936,1558.31,0.171,ASK
1444091936,1558.31,0.171,ASK
1444091936,1558.31,0.4,ASK
1444091936,1558.31,1.165,ASK
1444091936,1558.3,2.4981,ASK
1444091937,1558.3,0.65,ASK
1444091939,1558.36,8.0,ASK
1444091939,1558.36,17.737,ASK
1444091952,1558.31,0.4,ASK
1444091952,1558.3,4.7297,ASK
1444091958,1558.37,0.0325,BID
1444091958,1558.38,0.65,BID
1444091958,1558.5,0.06,BID
1444091958,1558.54,0.0297,BID
1444091958,1558.55,0.2278,BID
1444091962,1558.39,4.376,BID
1444091967,1558.39,0.0122,BID
1444091979,1558.38,0.0325,ASK
1444091979,1558.31,0.0298,ASK
1444091979,1558.31,0.0325,ASK
1444091979,1558.3,0.0762,ASK
1444091995,1558.3,0.2543,ASK
1444092000,1558.37,0.0325,BID
1444092000,1558.39,0.0175,BID
1444092001,1558.3,0.65,ASK
1444092011,1558.38,0.024,BID
1444092011,1558.39,0.016,BID
1444092012,1558.37,0.001,ASK
1444092012,1558.3,0.649,ASK
1444092012,1558.32,6.0,BID
1444092012,1558.32,3.956,BID
1444092017,1558.38,0.0232,BID
1444092017,1558.39,0.1198,BID
1444092018,1558.39,0.197,BID
1444092020,1558.39,0.1475,BID
1444092022,1558.51,0.0122,BID
1444092022,1558.54,0.015,BID
1444092022,1558.55,0.3004,BID
1444092032,1558.68,0.0169,ASK
1444092032,1558.58,0.0048,BID
1444092032,1558.72,0.0052,BID
1444092033,1558.72,0.0375,BID
1444092033,1558.72,0.0582,BID
1444092033,1558.73,0.8537,BID
1444092033,1558.73,0.0506,BID
1444092039,1558.71,0.06,BID
1444092039,1558.72,0.0336,BID
1444092039,1558.73,0.9064,BID
1444092050,1558.73,0.011,BID
1444092082,1558.73,0.0014,BID
1444092121,1558.6,0.0014,ASK
1444092121,1558.58,0.0014,ASK
1444092121,1558.53,0.06,ASK
1444092121,1558.45,0.0014,ASK
1444092121,1558.41,0.0331,ASK
1444092121,1558.4,0.0677,ASK
1444092146,1558.72,0.06,BID
1444092146,1558.73,0.1956,BID
1444092146,1558.73,0.0331,BID
1444092146,1558.74,10.0,BID
1444092146,1558.87,0.3882,BID
1444092146,1558.89,0.001,BID
1444092146,1558.91,0.002,BID
1444092146,1558.98,0.4,BID
1444092146,1558.99,3.5,BID
1444092146,1558.99,4.0,BID
1444092146,1558.99,2.174,BID
1444092164,1558.46,0.128,ASK
1444092166,1558.69,0.2135,BID
1444092173,1558.43,0.0089,ASK
1444092174,1558.68,0.128,BID
1444092174,1558.69,0.2305,BID
1444092176,1558.7,0.0855,ASK
1444092176,1558.46,0.0014,ASK
1444092176,1558.43,0.0511,ASK
1444092176,1558.41,0.0297,ASK
1444092176,1558.4,0.2491,ASK
1444092176,1558.4,0.3445,ASK
1444092176,1558.33,0.0485,ASK
1444092176,1558.32,0.97,ASK
1444092176,1558.32,0.0694,ASK
1444092176,1558.31,1.3886,ASK
1444092176,1558.3,2.5058,ASK
1444092177,1558.71,0.355,ASK
1444092178,1558.71,0.138,ASK
1444092180,1558.7,0.01,BID
1444092203,1558.59,0.07,BID
1444092203,1558.61,0.0498,BID
1444092215,1558.62,0.0101,ASK
1444092233,1558.62,0.01,ASK
1444092234,1558.89,0.1741,BID
1444092234,1558.89,0.147,BID
1444092245,1558.61,0.0202,ASK
1444092245,1558.31,0.0491,ASK
1444092245,1558.31,0.195,ASK
1444092245,1558.3,0.0357,ASK
1444092258,1558.52,0.05,BID
1444092258,1558.82,0.003,BID
1444092259,1558.89,0.02,ASK
1444092259,1558.89,0.16,ASK
1444092260,1558.89,0.825,ASK
1444092260,1558.89,4.8269,ASK
1444092261,1558.89,0.64,ASK
1444092261,1558.89,0.6,ASK
1444092262,1558.89,0.6,ASK
1444092262,1558.89,0.6143,ASK
1444092268,1558.32,0.04,ASK
1444092268,1558.31,0.003,ASK
1444092268,1558.3,2.537,ASK
1444092268,1558.3,1.18,ASK
1444092268,1558.3,2.0,ASK
1444092316,1558.34,0.02,ASK
1444092316,1558.3,0.38,ASK
1444092322,1558.3,0.1047,ASK
1444092340,1558.3,1.088,ASK
1444092344,1558.3,0.349,ASK
1444092353,1558.6,0.06,BID
1444092353,1558.66,0.0111,BID
1444092353,1558.67,0.2222,BID
1444092353,1558.72,0.0247,BID
1444092355,1558.72,0.0003,BID
1444092355,1558.73,0.4997,BID
1444092357,1558.71,0.346,BID
1444092357,1558.73,0.0003,BID
1444092357,1558.85,0.8877,BID
1444092358,1558.8,0.08,ASK
1444092360,1558.84,0.0104,BID
1444092360,1558.85,0.2773,BID
1444092360,1558.85,0.0583,BID
1444092360,1558.85,0.0111,BID
1444092360,1558.86,0.4889,BID
1444092361,1558.86,0.3467,BID
1444092362,1558.86,0.553,BID
1444092362,1558.88,0.2643,BID
1444092367,1558.87,0.0479,BID
1444092367,1558.87,0.0329,BID
1444092367,1558.88,0.0302,BID
1444092368,1558.88,0.0808,BID
1444092378,1558.88,0.222,BID
1444092380,1558.88,0.0527,BID
1444092380,1558.88,0.1433,BID
1444092381,1558.88,0.6415,BID
1444092384,1558.88,0.1809,BID
1444092385,1558.88,0.0343,BID
1444092385,1558.88,0.6072,BID
1444092386,1558.88,0.0428,BID
1444092396,1558.92,0.01,BID
1444092398,1558.89,0.5987,ASK
1444092398,1558.89,0.1413,ASK
1444092399,1558.89,0.0098,ASK
1444092399,1558.89,0.0428,ASK
1444092411,1558.88,0.2244,BID
1444092419,1558.88,0.01,BID
1444092420,1558.88,0.363,BID
1444092420,1558.88,0.2344,BID
1444092421,1558.88,0.4156,BID
1444092425,1558.89,0.2259,ASK
1444092425,1558.83,0.0103,ASK
1444092425,1558.82,0.1018,ASK
1444092426,1558.88,0.135,BID
1444092429,1558.89,0.5065,ASK
1444092429,1558.82,0.1035,ASK
1444092429,1558.81,0.0305,ASK
1444092429,1558.8,0.1035,ASK
1444092429,1558.8,0.4,ASK
1444092429,1558.8,0.1065,ASK
1444092434,1558.71,0.06,ASK
1444092434,1558.49,0.174,ASK
1444092434,1558.37,0.02,ASK
1444092434,1558.36,0.074,ASK
1444092439,1558.37,0.326,ASK
1444092446,1558.37,0.0163,ASK
1444092446,1558.36,0.3257,ASK
1444092449,1558.36,0.0003,ASK
1444092449,1558.34,0.02,ASK
1444092449,1558.33,0.4,ASK
1444092449,1558.33,0.0577,ASK
1444092453,1558.33,0.0006,ASK
1444092453,1558.32,0.3204,ASK
1444092456,1558.33,0.0137,ASK
1444092456,1558.32,0.1163,ASK
1444092466,1558.32,0.4299,ASK
1444092467,1558.32,0.2994,ASK
1444092471,1558.32,0.02,BID
1444092473,1558.32,0.1105,BID
1444092473,1558.32,0.4299,BID
1444092473,1558.32,0.4299,BID
1444092473,1558.32,0.4299,BID
1444092473,1558.32,0.4299,BID
1444092473,1558.59,0.01,BID
1444092473,1558.75,0.021,BID
1444092473,1558.76,0.1389,BID
1444092473,1558.76,0.2811,BID
1444092473,1558.79,0.6,BID
1444092473,1558.81,0.1035,BID
1444092473,1558.87,0.0253,BID
1444092473,1558.88,0.506,BID
1444092473,1558.91,0.0808,BID
1444092473,1558.92,0.39,BID
1444092473,1558.98,0.5933,BID
1444092485,1558.35,0.0134,ASK
1444092485,1558.34,0.3436,ASK
1444092488,1558.36,0.14,ASK
1444092506,1558.36,0.003,ASK
1444092506,1558.34,0.117,ASK
1444092530,1558.34,0.0094,ASK
1444092530,1558.32,0.0606,ASK
1444092537,1558.66,0.3,BID
1444092548,1558.66,0.026,BID
1444092548,1558.67,0.034,BID
1444092549,1558.67,0.026,BID
1444092549,1558.96,0.0254,BID
1444092549,1558.96,0.0529,BID
1444092549,1558.97,0.0097,BID
1444092558,1558.97,0.237,BID
1444092567,1558.95,0.02,BID
1444092567,1558.96,0.391,BID
1444092578,1558.8,0.0064,ASK
1444092578,1558.75,0.0536,ASK
1444092580,1558.75,0.0064,ASK
1444092580,1558.61,0.009,ASK
1444092580,1558.61,0.1191,ASK
1444092580,1558.61,0.0472,ASK
1444092580,1558.6,0.1621,ASK
1444092581,1558.6,0.5422,ASK
1444092582,1558.95,0.0064,BID
1444092582,1558.95,0.0205,BID
1444092582,1558.96,0.009,BID
1444092582,1558.96,0.4,BID
1444092582,1558.96,0.0472,BID
1444092582,1558.97,2.0169,BID
1444092588,1558.91,0.025,BID
1444092588,1558.92,0.5,BID
1444092588,1558.95,0.046,BID
1444092588,1558.96,0.919,BID
1444092588,1558.96,0.06,BID
1444092588,1558.96,0.0316,BID
1444092588,1558.97,8.6531,BID
1444092588,1559.0,10.7653,BID
1444092588,1558.61,0.017,ASK
1444092590,1558.62,0.5283,ASK
1444092590,1558.6,0.0617,ASK
1444092614,1558.62,0.06,ASK
1444092614,1558.61,0.1748,ASK
1444092614,1558.6,3.434,ASK
1444092624,1558.41,0.2232,ASK
1444092624,1558.35,0.0068,ASK
1444092625,1558.5,0.253,BID
1444092626,1558.5,0.01,BID
1444092627,1558.5,0.037,BID
1444092627,1558.58,0.06,BID
1444092627,1558.6,0.213,BID
1444092631,1558.51,0.0212,ASK
1444092640,1558.59,0.0434,BID
1444092640,1558.59,0.0189,BID
1444092640,1558.59,0.1295,BID
1444092640,1558.6,1.2862,BID
1444092640,1558.6,0.192,BID
1444092641,1558.6,1.3979,BID
1444092641,1558.6,0.6,BID
1444092641,1558.6,0.192,BID
1444092641,1558.55,0.047,ASK
1444092641,1558.56,7.0,BID
1444092641,1558.56,15.736,BID
1444092642,1558.56,0.0101,ASK
1444092642,1558.55,0.1555,ASK
1444092643,1558.54,0.02,BID
1444092644,1558.54,0.0169,BID
1444092644,1558.6,0.5511,BID
1444092644,1558.54,0.2025,BID
1444092644,1558.6,0.3655,BID
1444092646,1558.6,0.297,BID
1444092647,1558.6,0.222,BID
1444092647,1558.61,0.06,BID
1444092655,1558.61,0.058,ASK
1444092655,1558.61,0.152,ASK
1444092655,1558.9,0.15,BID
1444092660,1558.62,0.0183,ASK
1444092660,1558.62,0.06,ASK
1444092660,1558.61,0.367,ASK
1444092660,1558.55,0.0369,ASK
1444092660,1558.51,0.0258,ASK
1444092660,1558.36,0.0729,ASK
1444092660,1558.35,0.3932,ASK
1444092660,1558.35,1.157,ASK
1444092660,1558.34,0.45,ASK
1444092660,1558.34,0.1256,ASK
1444092667,1558.7,0.42,ASK
1444092691,1558.85,0.022,BID
1444092692,1558.7,0.001,ASK
1444092696,1558.35,3.2408,ASK
1444092696,1558.34,0.45,ASK
1444092696,1558.33,1.3092,ASK
1444092696,1558.33,0.6908,ASK
1444092696,1558.31,0.2,ASK
1444092696,1558.31,13.805,ASK
1444092696,1558.31,0.8,ASK
1444092697,1558.31,0.05,ASK
1444092698,1558.31,0.2,ASK
1444092699,1558.31,0.1575,ASK
1444092699,1558.31,0.45,ASK
1444092700,1558.31,0.2,ASK
1444092700,1558.31,0.2,ASK
1444092700,1558.31,0.2,ASK
1444092700,1558.31,0.65,ASK
1444092700,1558.31,0.2,ASK
1444092701,1558.31,2.8292,ASK
1444092701,1558.31,0.2,ASK
1444092701,1558.31,0.65,ASK
1444092701,1558.32,0.01,ASK
1444092702,1558.32,0.6,ASK
1444092702,1558.32,3.408,ASK
1444092702,1558.32,1.0732,ASK
1444092702,1558.31,0.1698,ASK
1444092702,1558.31,2.6285,ASK
1444092702,1558.3,0.3715,ASK
1444092702,1558.3,0.098,ASK
1444092702,1558.33,0.3,BID
1444092702,1558.3,0.5,ASK
1444092702,1558.3,0.65,ASK
1444092703,1558.3,0.2,ASK
1444092703,1558.3,0.3,ASK
1444092703,1558.3,0.2,ASK
1444092703,1558.3,0.65,ASK
1444092704,1558.3,2.0,ASK
1444092704,1558.3,0.2,ASK
1444092704,1558.3,4.0,ASK
1444092705,1558.3,4.37,ASK
1444092705,1558.3,3.0,ASK
1444092705,1558.3,1.18,ASK
1444092705,1558.3,4.593,ASK
1444092705,1558.3,0.025,ASK
1444092706,1558.3,0.01,ASK
1444092706,1558.3,0.0036,ASK
1444092706,1558.29,0.001,ASK
1444092706,1558.25,0.001,ASK
1444092706,1558.25,0.001,ASK
1444092706,1558.18,0.003,ASK
1444092706,1558.15,0.001,ASK
1444092706,1558.15,0.001,ASK
1444092706,1558.15,0.001,ASK
1444092706,1558.15,0.001,ASK
1444092706,1558.15,0.001,ASK
1444092706,1558.15,0.001,ASK
1444092706,1558.15,0.001,ASK
1444092706,1558.14,0.001,ASK
1444092706,1558.14,0.001,ASK
1444092706,1558.14,0.001,ASK
1444092706,1558.14,0.001,ASK
1444092706,1558.14,0.001,ASK
1444092706,1558.14,0.001,ASK
1444092706,1558.14,0.001,ASK
1444092706,1558.13,0.001,ASK
1444092706,1558.12,0.001,ASK
1444092706,1558.09,0.001,ASK
1444092706,1558.09,0.001,ASK
1444092706,1558.09,0.001,ASK
1444092706,1558.08,0.001,ASK
1444092706,1558.08,0.001,ASK
1444092706,1558.07,0.001,ASK
1444092706,1558.05,0.001,ASK
1444092706,1558.03,0.001,ASK
1444092706,1558.03,0.001,ASK
1444092706,1558.03,0.001,ASK
1444092706,1558.03,0.001,ASK
1444092706,1558.03,0.001,ASK
1444092706,1558.03,0.001,ASK
1444092706,1558.03,0.001,ASK
1444092706,1558.03,0.001,ASK
1444092706,1558.02,0.001,ASK
1444092706,1558.02,0.001,ASK
1444092706,1558.02,0.001,ASK
1444092706,1558.02,0.001,ASK
1444092706,1558.01,0.001,ASK
1444092706,1557.97,0.001,ASK
1444092706,1557.87,0.002,ASK
1444092706,1557.85,0.001,ASK
1444092706,1557.75,0.1075,ASK
1444092706,1557.69,0.0429,ASK
1444092707,1557.7,4.0,ASK
1444092707,1557.7,3.0,ASK
1444092707,1557.7,4.65,ASK
1444092707,1558.28,5.0,ASK
1444092707,1558.28,13.162,ASK
1444092709,1557.69,0.2,ASK
1444092709,1557.69,0.2855,ASK
1444092709,1557.63,0.242,ASK
1444092710,1557.62,0.001,BID
1444092710,1557.57,0.48,ASK
1444092710,1557.57,0.01,ASK
1444092711,1557.57,0.503,ASK
1444092712,1557.57,0.2,ASK
1444092713,1557.57,0.04,ASK
1444092713,1557.57,0.65,ASK
1444092714,1557.57,0.65,ASK
1444092715,1557.57,0.65,ASK
1444092716,1557.57,0.756,ASK
1444092716,1557.57,0.199,ASK
1444092716,1558.27,0.0213,BID
1444092716,1557.57,0.2,ASK
1444092716,1557.57,0.65,ASK
1444092717,1557.58,0.0954,ASK
1444092717,1557.57,0.5546,ASK
1444092718,1557.58,0.0213,ASK
1444092718,1557.57,0.6287,ASK
1444092718,1557.57,0.01,ASK
1444092718,1557.57,0.174,ASK
1444092719,1557.57,0.65,ASK
1444092720,1557.57,0.2,ASK
1444092721,1557.57,0.02,ASK
1444092721,1557.76,0.01,BID
1444092721,1557.77,0.038,BID
1444092721,1557.57,1.0,ASK
1444092722,1557.75,11.0,ASK
1444092722,1557.75,1.002,ASK
1444092722,1557.57,2.0,ASK
1444092722,1557.57,0.65,ASK
1444092723,1557.76,0.0493,BID
1444092723,1557.77,0.0107,BID
1444092723,1557.57,0.172,ASK
1444092724,1557.57,0.657,ASK
1444092724,1557.57,0.269,ASK
1444092724,1557.57,1.18,ASK
1444092724,1557.57,0.3192,ASK
1444092724,1557.57,0.3308,ASK
1444092724,1557.57,2.0,ASK
1444092725,1557.58,13.23,ASK
1444092725,1557.57,0.2,ASK
1444092725,1557.68,0.0493,BID
1444092725,1557.57,0.65,ASK
1444092725,1557.58,12.0,ASK
1444092725,1557.58,8.471,ASK
1444092726,1557.57,0.4129,ASK
1444092726,1557.57,0.8,ASK
1444092727,1557.57,0.65,ASK
1444092727,1557.57,0.4129,ASK
1444092728,1557.57,0.65,ASK
1444092728,1557.57,0.192,ASK
1444092729,1557.57,0.2,ASK
1444092729,1557.57,0.2,ASK
1444092729,1557.57,0.17,ASK
1444092729,1557.57,0.0375,ASK
1444092730,1557.58,6.0,ASK
1444092730,1557.58,11.355,ASK
1444092730,1557.57,0.0375,ASK
1444092730,1557.57,0.02,ASK
1444092730,1557.57,0.2289,ASK
1444092730,1557.54,0.001,ASK
1444092730,1557.53,0.001,ASK
1444092730,1557.53,0.001,ASK
1444092730,1557.53,0.001,ASK
1444092730,1557.52,0.6421,ASK
1444092730,1557.49,0.125,ASK
1444092731,1557.49,0.0116,ASK
1444092731,1557.49,0.04,ASK
1444092731,1557.47,0.1484,ASK
1444092732,1557.47,2.58,ASK
1444092732,1557.47,0.148,ASK
1444092732,1557.47,0.0019,ASK
1444092732,1557.43,0.001,ASK
1444092732,1557.3,0.0187,ASK
1444092732,1557.29,0.0304,ASK
1444092732,1557.29,0.0247,ASK
1444092732,1557.25,0.004,ASK
1444092732,1557.23,0.0028,ASK
1444092732,1557.22,0.002,ASK
1444092734,1557.08,0.021,ASK
1444092735,1557.08,0.2,ASK
1444092736,1557.08,0.066,ASK
1444092736,1557.08,0.08,ASK
1444092736,1557.05,0.854,ASK
1444092736,1557.05,0.2369,ASK
1444092736,1557.0,0.0491,ASK
1444092737,1557.01,1.0,ASK
1444092737,1557.01,18.844,ASK
1444092745,1557.0,0.2509,ASK
1444092745,1557.0,0.001,ASK
1444092745,1557.0,0.001,ASK
1444092745,1557.0,0.001,ASK
1444092745,1557.0,0.4961,ASK
1444092746,1557.0,0.5039,ASK
1444092749,1557.0,0.15,BID
1444092750,1556.99,0.001,ASK
1444092750,1556.99,0.001,ASK
1444092750,1556.99,0.001,ASK
1444092750,1556.99,0.001,ASK
1444092750,1556.96,0.001,ASK
1444092750,1556.94,0.001,ASK
1444092750,1556.9,0.01,ASK
1444092750,1556.83,0.05,ASK
1444092750,1556.67,0.0514,ASK
1444092750,1556.61,0.29,ASK
1444092750,1556.59,0.17,ASK
1444092750,1556.53,0.0285,ASK
1444092750,1556.25,0.0385,ASK
1444092750,1556.02,0.1133,ASK
1444092750,1556.0,0.2423,ASK
1444092751,1557.0,0.6423,BID
1444092755,1556.02,0.005,ASK
1444092755,1556.02,0.002,ASK
1444092756,1556.01,0.003,BID
1444092756,1556.77,0.11,BID
1444092756,1556.98,0.005,BID
1444092756,1556.98,0.02,BID
1444092756,1556.99,0.4,BID
1444092756,1556.99,0.0543,BID
1444092756,1557.0,0.8349,BID
1444092756,1557.0,0.6423,BID
1444092757,1556.02,4.0,BID
1444092757,1556.02,2.987,BID
1444092763,1556.05,0.005,ASK
1444092763,1556.03,0.002,ASK
1444092763,1556.01,0.003,ASK
1444092772,1556.88,0.001,BID
1444092772,1556.9,0.0283,BID
1444092772,1556.91,0.06,BID
1444092772,1556.92,0.005,BID
1444092772,1556.94,0.002,BID
1444092772,1556.96,0.1176,BID
1444092772,1556.96,0.1256,BID
1444092772,1556.99,1.166,BID
1444092772,1557.0,5.7347,BID
1444092772,1557.1,0.0968,BID
1444092772,1557.56,0.65,BID
1444092773,1557.56,0.5063,ASK
1444092774,1557.56,3.0,ASK
1444092776,1557.57,0.5283,ASK
1444092776,1557.56,1.2767,ASK
1444092777,1556.32,0.161,ASK
1444092777,1556.01,0.007,ASK
1444092777,1556.0,0.0577,ASK
1444092777,1556.0,0.008,ASK
1444092777,1555.77,0.1674,ASK
1444092777,1555.77,0.0989,ASK
1444092780,1557.28,0.0018,BID
1444092788,1556.56,0.02,BID
1444092794,1555.84,0.06,ASK
1444092800,1555.84,0.084,ASK
1444092800,1555.83,0.4,ASK
1444092800,1555.81,0.005,ASK
1444092800,1555.8,1.511,ASK
1444092829,1556.57,0.06,ASK
1444092829,1556.56,0.28,ASK
1444092869,1556.58,0.0206,ASK
1444092899,1556.84,0.06,BID
1444092899,1556.85,0.0206,BID
1444092899,1556.87,0.0786,BID
1444092899,1556.88,0.001,BID
1444092899,1557.0,0.15,BID
1444092899,1557.03,0.005,BID
1444092899,1557.28,0.0998,BID
1444092921,1556.58,0.06,ASK
1444092921,1556.57,0.1,ASK
1444092923,1556.57,1.066,ASK
1444092923,1556.56,2.739,ASK
1444092933,1556.57,0.01,ASK
1444092941,1556.57,0.2263,ASK
1444092953,1556.56,0.0005,ASK
1444093003,1556.45,0.06,BID
1444093003,1556.46,0.05,BID
1444093003,1556.47,0.1108,ASK
1444093005,1556.47,0.0018,ASK
1444093006,1556.47,2.88,ASK
1444093006,1556.47,0.01,ASK
1444093007,1556.47,0.157,ASK
1444093008,1556.47,0.2,ASK
1444093008,1556.47,1.0,ASK
1444093008,1556.47,0.8,ASK
1444093008,1556.47,0.4,ASK
1444093010,1556.48,0.65,ASK
1444093011,1556.48,0.2573,ASK
1444093011,1556.48,0.226,ASK
1444093012,1556.48,0.2,ASK
1444093012,1556.48,0.0573,ASK
1444093012,1556.47,0.5427,ASK
1444093012,1556.47,0.5277,ASK
1444093015,1556.49,0.06,ASK
1444093015,1556.47,0.74,ASK
1444093015,1556.47,0.555,ASK
1444093015,1556.47,0.2,ASK
1444093016,1556.47,0.117,ASK
1444093019,1555.85,0.03,ASK
1444093027,1555.85,0.01,ASK
1444093029,1556.21,0.0018,BID
1444093029,1556.24,0.06,BID
1444093029,1556.45,0.0262,BID
1444093029,1556.45,0.022,BID
1444093032,1555.85,0.06,ASK
1444093032,1555.85,0.1,ASK
1444093043,1555.82,0.06,ASK
1444093045,1555.83,0.018,BID
1444093045,1556.45,0.002,BID
1444093075,1556.3,0.0198,BID
1444093075,1556.43,0.025,BID
1444093075,1556.44,0.5,BID
1444093075,1556.45,0.0266,BID
1444093075,1556.46,0.533,BID
1444093075,1556.46,0.341,ASK
1444093076,1556.46,0.06,ASK
1444093077,1556.46,0.103,ASK
1444093077,1556.46,0.103,ASK
1444093077,1556.46,1.0,ASK
1444093077,1556.46,0.103,ASK
1444093079,1556.46,0.65,ASK
1444093080,1556.46,0.54,ASK
1444093080,1556.46,0.2,ASK
1444093081,1556.46,0.65,ASK
1444093083,1556.46,0.0134,ASK
1444093084,1556.46,0.65,ASK
1444093084,1556.46,2.689,ASK
1444093084,1556.46,0.1832,ASK
1444093085,1556.32,0.0168,BID
1444093097,1556.23,0.01,BID
1444093106,1556.48,0.0033,ASK
1444093107,1556.26,0.0067,BID
1444093117,1556.49,0.01,ASK
1444093118,1556.49,0.0333,ASK
1444093177,1555.82,0.01,ASK
1444093185,1555.82,0.0044,ASK
1444093185,1555.81,0.0786,ASK
1444093189,1555.81,1.0,BID
1444093190,1555.81,0.6,BID
1444093192,1555.81,0.6,BID
1444093193,1555.8,0.6428,BID
1444093194,1555.8,0.53,BID
1444093200,1555.8,0.2178,BID
1444093200,1555.81,8.2322,BID
1444093201,1555.81,0.6428,BID
1444093204,1555.81,1.988,BID
1444093206,1555.81,0.01,BID
1444093207,1555.81,0.6428,BID
1444093209,1555.81,0.001,BID
1444093210,1555.81,0.6428,BID
1444093222,1555.81,0.4,BID
1444093223,1555.81,0.6428,BID
1444093224,1555.81,0.6428,BID
1444093225,1555.81,0.6428,BID
1444093226,1555.81,0.2657,BID
1444093228,1555.82,0.02,ASK
1444093232,1555.82,0.01,ASK
1444093247,1555.82,0.14,ASK
1444093277,1555.82,0.16,ASK
1444093278,1555.82,0.0471,ASK
1444093278,1555.82,0.6029,ASK
1444093335,1556.23,0.06,BID
1444093342,1556.24,0.0144,BID
1444093347,1556.24,0.01,ASK
1444093354,1556.24,0.01,ASK
1444093365,1556.24,0.051,ASK
1444093367,1556.24,0.01,ASK
1444093374,1556.29,0.001,BID
1444093374,1556.3,0.001,BID
1444093426,1556.67,0.001,BID
1444093433,1556.33,0.06,ASK
1444093433,1556.3,0.298,ASK
1444093464,1556.54,0.015,BID
1444093464,1556.55,0.3,BID
1444093467,1556.65,0.06,BID
1444093467,1556.66,0.0541,BID
1444093467,1556.68,0.039,BID
1444093467,1556.68,0.0247,BID
1444093467,1556.69,0.0133,BID
1444093467,1556.69,1.093,BID
1444093470,1556.69,0.073,BID
1444093470,1556.69,0.0954,BID
1444093470,1556.69,0.0135,BID
1444093470,1556.7,0.869,BID
1444093470,1556.7,0.869,BID
1444093470,1556.76,0.001,BID
1444093470,1556.76,0.001,BID
1444093470,1556.76,0.001,BID
1444093470,1556.76,0.001,BID
1444093470,1556.76,0.001,BID
1444093470,1556.76,0.001,BID
1444093470,1556.76,0.001,BID
1444093470,1556.76,0.001,BID
1444093470,1556.83,0.2284,BID
1444093470,1556.89,0.146,BID
1444093470,1556.92,0.001,BID
1444093470,1556.97,0.001,BID
1444093470,1556.97,0.001,BID
1444093470,1556.97,0.001,BID
1444093470,1557.0,0.2737,BID
1444093470,1556.68,16.136,BID
1444093471,1556.69,0.02,BID
1444093471,1557.0,0.0263,BID
1444093471,1557.02,0.001,BID
1444093471,1557.02,0.001,BID
1444093471,1557.04,0.001,BID
1444093471,1557.04,0.001,BID
1444093471,1557.05,0.001,BID
1444093471,1557.07,0.001,BID
1444093471,1557.08,0.001,BID
1444093471,1557.15,0.4,BID
1444093471,1557.16,0.001,BID
1444093471,1557.16,0.001,BID
1444093471,1557.17,0.001,BID
1444093471,1557.27,0.2363,BID
1444093471,1557.27,0.4874,BID
1444093475,1556.56,0.1371,ASK
1444093475,1556.56,0.0149,ASK
1444093475,1556.56,0.1177,ASK
1444093475,1556.55,1.0323,ASK
1444093497,1556.7,0.4,ASK
1444093498,1556.66,0.3,BID
1444093504,1556.65,0.01,ASK
1444093504,1556.57,0.19,ASK
1444093511,1556.57,0.2,ASK
1444093516,1556.57,0.01,ASK
1444093516,1556.56,0.19,ASK
1444093517,1556.56,0.21,ASK
1444093520,1556.57,0.2,ASK
1444093535,1556.66,0.1,BID
1444093537,1556.66,0.1246,ASK
1444093544,1556.67,0.1,ASK
1444093544,1556.66,0.0246,ASK
1444093547,1556.66,10.0,ASK
1444093548,1556.66,0.492,ASK
1444093559,1556.67,0.039,ASK
1444093560,1556.68,0.02,BID
1444093560,1556.69,0.38,BID
1444093560,1556.67,0.65,ASK
1444093561,1556.67,0.477,ASK
1444093561,1556.67,0.1,ASK
1444093561,1556.66,0.073,ASK
1444093571,1556.69,0.02,BID
1444093571,1556.76,0.001,BID
1444093571,1556.89,0.015,BID
1444093571,1556.9,0.3,BID
1444093571,1556.92,0.0469,BID
1444093571,1556.93,0.469,BID
1444093571,1556.93,0.469,BID
1444093573,1557.01,6.0,BID
1444093573,1557.01,8.0,BID
1444093573,1557.01,2.475,BID
1444093573,1557.0,2.038,ASK
1444093573,1557.0,0.19,ASK
1444093574,1557.0,0.65,ASK
1444093576,1557.0,0.2,ASK
1444093577,1557.0,0.65,ASK
1444093578,1557.0,0.65,ASK
1444093580,1557.0,0.65,ASK
1444093582,1557.0,0.2,ASK
1444093583,1557.0,0.2246,ASK
1444093584,1557.0,0.2,ASK
1444093588,1557.0,0.2,ASK
1444093592,1557.0,0.2,ASK
1444093594,1557.0,0.2,ASK
1444093595,1557.0,1.0,ASK
1444093597,1557.13,24.858,ASK
1444093597,1557.0,0.2,ASK
1444093601,1557.0,0.2,ASK
1444093605,1557.0,2.58,ASK
1444093605,1557.0,1.18,ASK
1444093610,1557.01,0.2,ASK
1444093613,1557.01,0.1,ASK
1444093618,1557.01,0.2,ASK
1444093620,1557.01,0.015,ASK
1444093626,1557.01,0.2,ASK
1444093628,1557.01,0.2,ASK
1444093629,1557.01,0.113,ASK
1444093633,1557.01,0.2,ASK
1444093639,1557.02,0.0612,ASK
1444093639,1557.01,0.1388,ASK
1444093639,1557.01,0.2,ASK
1444093640,1557.01,0.0447,ASK
1444093640,1557.01,0.0608,ASK
1444093640,1557.0,0.0945,ASK
1444093646,1557.0,1.0,ASK
1444093646,1557.0,0.2,ASK
1444093651,1557.0,0.2,ASK
1444093651,1557.0,0.2,ASK
1444093652,1557.16,0.001,BID
1444093655,1557.16,0.2,ASK
1444093657,1557.16,0.578,ASK
1444093658,1557.16,0.4,ASK
1444093663,1557.16,1.0,ASK
1444093669,1557.16,0.2,ASK
1444093672,1557.16,0.2,ASK
1444093672,1557.16,0.872,ASK
1444093674,1557.16,0.018,ASK
1444093674,1557.16,1.0,ASK
1444093676,1557.16,1.0,ASK
1444093680,1557.16,1.0,ASK
1444093682,1557.16,1.0,ASK
1444093682,1557.16,0.2,ASK
1444093683,1557.16,1.0,ASK
1444093683,1557.16,0.444,ASK
1444093684,1557.16,0.5,ASK
1444093685,1557.16,1.0,ASK
1444093691,1557.16,1.0,ASK
1444093695,1557.16,0.2,ASK
1444093697,1557.16,1.0,ASK
1444093698,1557.16,0.2,ASK
1444093701,1557.16,0.6,ASK
1444093704,1557.16,0.2,ASK
1444093705,1557.16,0.2,ASK
1444093707,1557.16,0.1,ASK
1444093709,1557.16,0.2,ASK
1444093712,1557.16,0.2,ASK
1444093713,1557.16,0.01,ASK
1444093715,1557.16,0.2,ASK
1444093716,1557.16,0.2,ASK
1444093716,1557.16,0.351,ASK
1444093717,1557.16,0.1,ASK
1444093717,1557.16,0.5,ASK
1444093719,1557.16,0.5,ASK
1444093720,1557.16,0.2,ASK
1444093721,1557.16,0.5,ASK
1444093721,1557.16,0.6,ASK
1444093721,1557.16,0.01,ASK
1444093723,1557.16,1.0,ASK
1444093724,1557.16,0.2,ASK
1444093726,1557.16,0.1,ASK
1444093727,1557.16,0.2,ASK
1444093732,1557.16,0.5118,ASK
1444093732,1557.05,0.06,ASK
1444093732,1557.01,0.0282,ASK
1444093732,1557.01,0.2,ASK
1444093736,1557.01,0.0666,ASK
1444093736,1557.0,0.1334,ASK
1444093740,1557.0,0.2,ASK
1444093744,1557.02,0.0282,ASK
1444093744,1557.0,0.1718,ASK
1444093749,1557.0,0.2,ASK
1444093750,1557.01,12.113,ASK
1444093753,1557.24,0.06,BID
1444093753,1557.24,0.0282,BID
1444093753,1557.25,0.0583,BID
1444093755,1557.25,0.2,ASK
1444093756,1557.25,0.8094,ASK
1444093756,1557.25,0.0882,ASK
1444093759,1557.01,0.0672,ASK
1444093759,1557.0,0.1328,ASK
1444093760,1557.0,0.2,ASK
1444093760,1557.23,3.0,ASK
1444093760,1557.23,0.687,ASK
1444093764,1557.02,0.01,ASK
1444093764,1557.02,0.1334,ASK
1444093764,1557.01,0.0566,ASK
1444093766,1557.01,0.0034,ASK
1444093766,1557.0,0.0066,ASK
1444093767,1557.0,0.2,ASK
1444093768,1557.0,0.2,ASK
1444093769,1557.0,0.5,ASK
1444093772,1557.0,0.2,ASK
1444093776,1557.0,0.4,ASK
1444093776,1557.0,0.2,ASK
1444093783,1557.0,1.0,ASK
1444093784,1557.0,0.2,ASK
1444093787,1557.0,1.0,ASK
1444093793,1557.0,0.2,ASK
1444093793,1557.0,0.2,ASK
1444093794,1557.0,0.01,ASK
1444093796,1557.0,0.2,ASK
1444093800,1557.03,0.07,ASK
1444093800,1557.0,0.13,ASK
1444093805,1557.0,0.2,ASK
1444093807,1557.0,0.07,ASK
1444093807,1557.0,0.2,ASK
1444093810,1557.03,0.04,ASK
1444093810,1557.0,0.16,ASK
1444093819,1557.0,0.417,ASK
1444093820,1557.0,0.2,ASK
1444093821,1557.0,0.08,ASK
1444093824,1557.0,0.04,ASK
1444093831,1557.03,0.11,ASK
1444093831,1557.0,0.09,ASK
1444093836,1557.0,0.11,ASK
1444093838,1557.0,0.2,ASK
1444093842,1557.03,0.11,ASK
1444093843,1557.0,0.2,ASK
1444093847,1557.0,0.11,ASK
1444093850,1557.0,1.0,ASK
1444093853,1557.02,0.07,ASK
1444093858,1557.01,0.07,ASK
1444093859,1557.21,0.06,BID
1444093862,1557.22,0.01,ASK
1444093868,1557.22,0.001,ASK
1444093890,1557.22,0.001,ASK
1444093891,1557.22,0.2,ASK
1444093895,1557.22,0.2154,ASK
1444093895,1557.22,0.06,ASK
1444093899,1557.04,0.02,ASK
1444093899,1557.03,0.06,ASK
1444093899,1557.01,0.3954,ASK
1444093902,1557.01,0.201,ASK
1444093904,1557.01,0.02,ASK
1444093907,1557.01,0.034,ASK
1444093909,1557.01,0.128,ASK
1444093909,1557.01,1.1516,ASK
1444093909,1557.01,0.001,ASK
1444093909,1557.0,17.915,ASK
1444093909,1557.0,6.9548,ASK
1444093909,1556.99,0.02,ASK
1444093909,1556.84,0.001,ASK
1444093910,1556.84,0.162,BID
1444093910,1556.96,0.338,BID
1444093911,1556.85,0.146,BID
1444093911,1556.96,0.1384,BID
1444093911,1556.97,0.01,ASK
1444093913,1556.97,0.01,ASK
1444093916,1556.97,0.212,ASK
1444093930,1557.19,0.126,BID
1444093930,1557.21,0.01,BID
1444093930,1557.22,0.06,BID
1444093932,1557.22,0.04,ASK
1444093932,1557.22,0.5,ASK
1444093932,1557.22,0.01,ASK
1444093933,1557.22,0.412,ASK
1444093933,1557.22,0.687,ASK
1444093938,1557.22,1.0,ASK
1444093945,1557.22,1.0,ASK
1444093945,1557.22,1.0,ASK
1444093950,1557.22,11.3413,ASK
1444093950,1557.22,0.2,ASK
1444093953,1557.22,3.6115,ASK
1444093958,1557.22,0.454,ASK
1444093969,1557.23,0.1334,BID
1444093969,1557.24,0.0882,BID
1444093969,1557.26,0.02,BID
1444093969,1557.27,0.4,BID
1444093969,1557.27,0.02,BID
1444093969,1557.28,0.0984,BID
1444093969,1557.28,0.126,BID
1444093969,1557.28,0.126,BID
1444093969,1557.35,0.005,BID
1444093969,1557.37,0.001,BID
1444093969,1557.38,0.001,BID
1444093969,1557.4,0.001,BID
1444093969,1557.4,0.001,BID
1444093969,1557.41,0.001,BID
1444093969,1557.47,0.001,BID
1444093969,1557.47,0.001,BID
1444093969,1557.47,0.001,BID
1444093969,1557.47,0.001,BID
1444093969,1557.52,0.002,BID
1444093969,1557.55,0.336,BID
1444093969,1557.58,0.001,BID
1444093969,1557.63,0.001,BID
1444093969,1557.63,0.001,BID
1444093969,1557.63,0.001,BID
1444093969,1557.63,0.001,BID
1444093969,1557.63,0.001,BID
1444093969,1557.63,0.001,BID
1444093969,1557.64,0.001,BID
1444093969,1557.64,0.001,BID
1444093969,1557.64,0.001,BID
1444093969,1557.64,0.001,BID
1444093969,1557.65,0.001,BID
1444093969,1557.69,0.002,BID
1444093969,1557.69,0.4,BID
1444093969,1557.71,0.001,BID
1444093969,1557.71,0.001,BID
1444093969,1557.71,0.001,BID
1444093969,1557.71,0.001,BID
1444093969,1557.73,0.001,BID
1444093969,1557.76,0.001,BID
1444093969,1557.78,0.001,BID
1444093969,1557.82,0.001,BID
1444093969,1558.0,0.154,BID
1444093972,1557.26,0.644,BID
1444093977,1557.22,0.412,ASK
1444093989,1557.28,0.06,ASK
1444093989,1557.27,0.09,ASK
1444093990,1557.27,0.05,ASK
1444093996,1557.27,0.01,ASK
1444093996,1557.24,0.0183,ASK
1444093996,1557.23,0.4,ASK
1444093996,1557.23,0.0216,ASK
1444093996,1557.22,1.6121,ASK
1444094016,1557.17,0.01,BID
1444094016,1557.17,0.01,BID
1444094016,1557.22,0.316,BID
1444094023,1557.22,1.0,BID
1444094024,1557.06,0.001,ASK
1444094024,1557.04,0.009,ASK
1444094039,1557.21,0.0511,BID
1444094039,1557.22,0.3489,BID
1444094039,1557.04,0.07,ASK
1444094040,1557.22,0.0511,BID
1444094056,1557.04,0.121,ASK
1444094057,1557.01,0.001,ASK
1444094060,1556.97,0.12,BID
1444094068,1557.21,0.01,BID
1444094100,1557.2,0.06,BID
1444094100,1557.21,0.0211,BID
1444094100,1557.21,0.01,BID
1444094100,1557.22,0.6219,BID
1444094104,1557.21,0.01,ASK
1444094105,1557.22,0.0001,BID
1444094124,1557.24,0.002,ASK
1444094125,1557.58,0.0019,BID
1444094125,1557.24,0.058,ASK
1444094125,1557.23,0.4,ASK
1444094125,1557.21,0.05,ASK
1444094129,1557.04,0.735,BID
1444094131,1557.03,0.4,BID
1444094133,1557.04,0.499,BID
1444094134,1557.04,0.4,BID
1444094135,1557.04,0.6422,BID
1444094135,1557.04,1.255,BID
1444094136,1557.04,0.6422,BID
1444094139,1557.04,0.135,BID
1444094139,1557.04,0.135,BID
1444094139,1557.04,0.135,BID
1444094139,1557.04,0.079,BID
1444094139,1557.04,0.135,BID
1444094139,1557.04,0.0501,BID
1444094140,1557.04,0.477,BID
1444094140,1557.04,0.5515,BID
1444094142,1557.05,0.0144,ASK
1444094142,1557.05,0.6422,ASK
1444094142,1557.05,0.6422,ASK
1444094142,1557.05,0.6422,ASK
1444094144,1557.04,0.2812,BID
1444094146,1557.03,0.014,ASK
1444094147,1557.04,0.03,BID
1444094147,1557.04,0.6422,BID
1444094148,1557.03,0.142,ASK
1444094148,1557.03,0.001,ASK
1444094148,1557.03,0.057,BID
1444094148,1557.04,0.543,BID
1444094149,1557.04,0.262,BID
1444094157,1557.03,1.166,BID
1444094157,1557.04,0.834,BID
1444094158,1557.04,0.6422,BID
1444094159,1557.04,2.206,BID
1444094161,1557.04,0.503,BID
1444094161,1557.04,0.503,BID
1444094162,1557.04,0.6422,BID
1444094164,1557.04,0.6,BID
1444094164,1557.04,0.6,BID
1444094165,1557.04,2.924,BID
1444094165,1557.04,0.6422,BID
1444094166,1557.04,0.6422,BID
1444094166,1557.04,0.6422,BID
1444094167,1557.04,0.6422,BID
1444094168,1556.92,0.002,ASK
1444094169,1557.04,1.4068,BID
1444094169,1557.04,0.65,BID
1444094169,1557.12,0.06,BID
1444094171,1557.22,0.001,ASK
1444094175,1557.58,0.0156,BID
1444094175,1557.6,0.1104,BID
1444094193,1557.24,0.085,ASK
1444094193,1557.24,0.23,ASK
1444094194,1557.24,0.085,ASK
1444094194,1557.24,0.06,ASK
1444094194,1557.23,0.117,ASK
1444094194,1557.23,0.041,ASK
1444094195,1557.23,0.2108,ASK
1444094195,1557.23,0.07,ASK
1444094196,1557.23,0.1292,ASK
1444094196,1557.23,0.598,ASK
1444094196,1557.23,0.052,ASK
1444094196,1557.23,0.0031,ASK
1444094196,1557.23,0.0225,ASK
1444094197,1557.24,0.001,BID
1444094197,1557.23,0.65,ASK
1444094198,1557.23,0.2098,ASK
1444094198,1557.24,0.01,BID
1444094199,1557.23,0.4522,ASK
1444094199,1557.23,0.0595,ASK
1444094199,1557.23,0.0196,ASK
1444094199,1557.23,0.0307,ASK
1444094199,1557.22,0.088,ASK
1444094200,1557.22,0.2174,ASK
1444094200,1557.22,0.65,ASK
1444094201,1557.22,0.6524,ASK
1444094202,1557.22,0.0049,ASK
1444094203,1557.22,0.122,ASK
1444094203,1557.22,0.122,ASK
1444094204,1557.22,0.65,ASK
1444094204,1557.22,1.099,ASK
1444094205,1557.22,0.3565,ASK
1444094213,1557.11,0.001,ASK
1444094213,1557.06,0.04,ASK
1444094213,1557.05,0.564,ASK
1444094220,1557.21,0.001,BID
1444094227,1557.11,0.001,ASK
1444094227,1557.05,0.0782,ASK
1444094227,1557.05,0.1208,ASK
1444094232,1557.05,0.04,ASK
1444094241,1557.05,0.4814,ASK
1444094241,1557.05,0.0782,ASK
1444094242,1557.05,0.0568,ASK
1444094242,1557.04,0.09,ASK
1444094243,1557.01,0.0686,ASK
1444094244,1557.04,0.4696,BID
1444094244,1557.04,0.1354,BID
1444094246,1557.01,0.09,ASK
1444094252,1557.04,0.002,BID
1444094253,1557.01,0.65,ASK
1444094259,1557.01,1.114,ASK
1444094260,1557.01,0.0001,ASK
1444094260,1557.0,0.001,ASK
1444094264,1556.92,0.2,ASK
1444094267,1556.91,0.001,ASK
1444094267,1556.87,0.009,ASK
1444094268,1556.87,0.01,ASK
1444094269,1556.87,0.3319,ASK
1444094276,1556.91,0.0031,BID
1444094277,1556.87,0.0378,ASK
1444094277,1556.87,0.003,ASK
1444094281,1556.83,0.001,ASK
1444094281,1556.83,0.001,ASK
1444094281,1556.83,0.001,ASK
1444094281,1556.83,0.001,ASK
1444094281,1556.83,0.001,ASK
1444094281,1556.83,0.001,ASK
1444094281,1556.82,0.001,ASK
1444094283,1556.72,19.53,ASK
1444094306,1556.82,0.001,BID
1444094306,1556.85,0.0089,BID
1444094310,1556.71,0.001,ASK
1444094310,1556.71,0.001,ASK
1444094310,1556.71,0.001,ASK
1444094310,1556.71,0.001,ASK
1444094310,1556.66,0.811,ASK
1444094317,1556.66,0.01,ASK
1444094320,1556.66,0.01,ASK
1444094321,1556.66,0.04,ASK
1444094322,1556.72,0.0986,ASK
1444094322,1556.66,0.1014,ASK
1444094322,1556.66,1.2222,ASK
1444094322,1556.65,0.001,ASK
1444094322,1556.64,0.001,ASK
1444094322,1556.64,0.001,ASK
1444094322,1556.64,0.001,ASK
1444094322,1556.64,0.001,ASK
1444094322,1556.63,0.001,ASK
1444094322,1556.63,0.001,ASK
1444094322,1556.63,0.001,ASK
1444094322,1556.63,0.001,ASK
1444094322,1556.63,0.001,ASK
1444094322,1556.63,0.001,ASK
1444094327,1556.61,0.001,ASK
1444094327,1556.61,0.001,BID
1444094332,1556.56,0.001,ASK
1444094355,1556.56,0.001,ASK
1444094384,1556.52,0.002,BID
1444094388,1556.52,0.198,BID
1444094388,1556.59,0.0017,BID
1444094388,1556.64,0.02,BID
1444094388,1556.64,0.0125,BID
1444094388,1556.65,0.65,BID
1444094388,1556.67,0.06,BID
1444094388,1556.85,0.0986,BID
1444094388,1556.85,0.0191,BID
1444094388,1556.86,0.3419,BID
1444094388,1556.86,0.0408,BID
1444094388,1556.88,0.001,BID
1444094388,1556.9,0.001,BID
1444094388,1556.91,0.1969,BID
1444094388,1556.93,1.3896,BID
1444094388,1556.94,1.166,BID
1444094388,1556.94,1.0,BID
1444094388,1556.95,0.774,BID
1444094388,1557.0,0.1089,BID
1444094391,1556.49,0.3078,BID
1444094394,1556.71,0.086,ASK
1444094400,1556.72,0.06,ASK
1444094400,1556.71,0.0042,ASK
1444094404,1556.54,0.0458,BID
1444094404,1556.87,0.001,BID
1444094404,1556.93,0.2015,BID
1444094410,1556.47,0.001,ASK
1444094410,1556.47,0.001,ASK
1444094410,1556.47,0.001,ASK
1444094410,1556.47,0.001,ASK
1444094410,1556.47,0.0016,BID
1444094410,1556.45,0.001,ASK
1444094426,1556.47,0.0052,BID
1444094439,1556.54,0.0011,ASK
1444094440,1556.54,0.09,ASK
1444094443,1556.89,0.06,BID
1444094443,1556.9,0.1965,BID
1444094443,1556.91,0.0121,BID
1444094443,1556.92,0.2426,BID
1444094443,1556.93,0.1928,BID
1444094443,1556.93,0.05,BID
1444094443,1556.94,0.426,BID
1444094459,1556.56,0.06,ASK
1444094459,1556.55,0.0605,ASK
1444094459,1556.54,0.3085,ASK
1444094459,1556.54,0.429,ASK
1444094467,1556.57,0.001,ASK
1444094472,1556.58,0.02,ASK
1444094472,1556.57,0.224,ASK
1444094488,1556.59,0.0042,ASK
1444094495,1556.91,0.0281,BID
1444094497,1556.92,0.0167,ASK
1444094497,1556.89,0.095,ASK
1444094497,1556.89,0.0003,ASK
1444094500,1556.89,0.334,ASK
1444094502,1556.9,7.0,ASK
1444094502,1556.9,4.083,ASK
1444094508,1556.89,0.2,ASK
1444094509,1556.89,0.0013,ASK
1444094512,1556.89,0.112,ASK
1444094514,1556.89,0.637,ASK
1444094520,1556.93,0.0145,BID
1444094520,1556.93,0.0142,BID
1444094520,1556.94,0.1013,BID
1444094522,1556.74,0.05,ASK
1444094522,1556.59,0.0239,ASK
1444094522,1556.58,0.01,ASK
1444094522,1556.57,0.0281,ASK
1444094531,1556.88,0.112,BID
1444094531,1556.88,0.0164,BID
1444094532,1556.57,0.02,ASK
1444094533,1556.57,0.1525,ASK
1444094533,1556.55,0.029,ASK
1444094533,1556.54,0.5796,ASK
1444094536,1556.54,0.15,BID
1444094552,1556.54,0.017,BID
1444094557,1556.44,0.001,ASK
1444094557,1556.44,0.001,ASK
1444094557,1556.44,0.0044,BID
1444094559,1556.53,0.0096,ASK
1444094562,1556.4,0.001,ASK
1444094562,1556.39,0.001,ASK
1444094562,1556.35,0.001,ASK
1444094562,1556.35,0.001,ASK
1444094562,1556.33,0.001,ASK
1444094562,1556.33,0.001,ASK
1444094562,1556.33,0.001,ASK
1444094562,1556.09,0.002,ASK
1444094562,1556.03,0.063,ASK
1444094564,1556.47,4.52,ASK
1444094565,1556.48,0.0004,BID
1444094578,1556.54,0.001,ASK
1444094584,1556.54,0.08,ASK
1444094585,1556.54,0.02,ASK
1444094589,1556.54,0.398,ASK
1444094607,1556.56,0.0011,ASK
1444094607,1556.8,0.001,BID
1444094612,1556.79,0.1504,BID
1444094612,1556.79,0.06,BID
1444094612,1556.8,0.0544,BID
1444094612,1556.82,0.01,BID
1444094612,1556.83,0.1992,BID
1444094619,1556.82,0.0716,BID
1444094619,1556.83,0.0008,BID
1444094619,1556.93,0.0266,BID
1444094619,1556.94,0.401,BID
1444094621,1556.93,8.157,BID
1444094632,1556.58,0.0022,ASK
1444094645,1556.78,0.0088,ASK
1444094645,1556.74,0.0012,ASK
1444094653,1556.64,0.005,BID
1444094654,1556.64,0.005,BID
1444094654,1556.77,0.01,BID
1444094654,1556.94,0.0717,BID
1444094654,1556.99,0.0203,BID
1444094665,1556.77,0.02,BID
1444094685,1556.67,0.001,ASK
1444094692,1556.76,0.0616,ASK
1444094692,1556.69,0.06,ASK
1444094692,1556.67,0.009,ASK
1444094692,1556.59,0.0118,ASK
1444094692,1556.58,0.236,ASK
1444094692,1556.57,0.0716,ASK
1444094692,1556.56,0.0543,ASK
1444094692,1556.56,0.0651,ASK
1444094692,1556.55,1.3899,ASK
1444094692,1556.55,0.0407,ASK
1444094694,1556.98,4.0,ASK
1444094694,1556.98,16.081,ASK
1444094714,1556.77,0.001,ASK
1444094721,1556.77,0.0526,ASK
1444094721,1556.77,0.3213,ASK
1444094722,1556.57,2.131,BID
1444094723,1556.57,0.0044,BID
1444094729,1556.77,0.0049,BID
1444094729,1556.88,0.0536,BID
1444094729,1556.97,0.06,BID
1444094729,1556.98,0.07,BID
1444094729,1556.99,0.01,BID
1444094729,1556.99,1.3899,BID
1444094729,1556.99,0.1049,BID
1444094729,1557.0,0.0137,BID
1444094734,1557.0,0.5263,BID
1444094734,1557.0,0.65,BID
1444094734,1557.0,0.001,BID
1444094734,1557.0,0.001,BID
1444094734,1557.0,0.001,BID
1444094734,1557.0,0.7139,BID
1444094747,1556.76,0.005,BID
1444094763,1556.74,0.0016,ASK
1444094772,1556.95,0.0049,BID
1444094772,1556.96,0.254,BID
1444094772,1557.0,1.741,BID
1444094787,1556.77,0.0102,ASK
1444094789,1556.78,1.0,ASK
1444094789,1556.78,9.81,ASK
1444094793,1556.98,0.01,BID
1444094808,1556.81,0.0014,ASK
1444094810,1556.82,5.0,ASK
1444094810,1556.82,3.791,ASK
1444094864,1556.98,0.0002,BID
1444094864,1556.99,0.2093,BID
1444094864,1557.0,0.6051,BID
1444094864,1557.0,0.001,BID
1444094864,1557.0,1.299,ASK
1444094872,1557.01,0.001,BID
1444094872,1557.01,0.001,BID
1444094872,1557.01,0.001,BID
1444094872,1557.01,0.001,BID
1444094889,1557.01,0.07,ASK
1444094905,1557.01,1.3159,ASK
1444094905,1557.01,0.4,ASK
1444094905,1557.01,0.7771,BID
1444094912,1557.01,0.3889,ASK
1444094912,1557.01,0.4,ASK
1444094912,1557.0,4.3211,ASK
1444094913,1557.0,0.3889,ASK
1444094921,1557.0,0.3528,ASK
1444094946,1557.02,0.04,BID
1444094951,1557.03,0.0347,ASK
1444094955,1557.04,0.479,BID
1444094982,1557.14,0.0544,BID
1444094982,1557.15,0.006,BID
1444094982,1557.21,0.2925,BID
1444094982,1557.21,0.6491,BID
1444094983,1557.21,0.0009,BID
1444094984,1557.23,0.0675,BID
1444094985,1557.23,0.3212,BID
1444094985,1557.24,0.0678,BID
1444094985,1557.24,0.0702,BID
1444094985,1557.24,0.024,BID
1444094985,1557.27,0.001,BID
1444094985,1557.27,0.001,BID
1444094985,1557.27,0.001,BID
1444094985,1557.28,0.001,BID
1444094985,1557.28,0.001,BID
1444094985,1557.28,0.001,BID
1444094985,1557.28,0.001,BID
1444094985,1557.28,0.001,BID
1444094985,1557.28,0.001,BID
1444094985,1557.29,0.001,BID
1444094985,1557.3,0.001,BID
1444094985,1557.34,0.001,BID
1444094985,1557.46,0.002,BID
1444094985,1557.51,0.2805,BID
1444094987,1557.51,0.1195,BID
1444094987,1557.51,0.4405,BID
1444094987,1557.51,0.9494,BID
1444094987,1557.59,0.001,BID
1444094987,1557.6,0.0196,BID
1444094987,1557.7,0.001,BID
1444094987,1557.7,0.001,BID
1444094987,1557.7,0.001,BID
1444094987,1557.7,0.001,BID
1444094987,1557.77,0.001,BID
1444094987,1557.77,0.001,BID
1444094987,1557.78,0.001,BID
1444094987,1557.79,0.001,BID
1444094987,1557.79,0.001,BID
1444094987,1557.8,0.4254,BID
1444094987,1557.8,1.4973,BID
1444094987,1557.86,1.0827,BID
1444095027,1557.53,0.06,ASK
1444095027,1557.52,0.5596,ASK
1444095027,1557.25,0.0194,ASK
1444095027,1557.24,0.3887,ASK
1444095027,1557.23,0.05,ASK
1444095027,1557.22,0.9991,ASK
1444095027,1557.15,0.0544,ASK
1444095027,1557.14,0.005,ASK
1444095027,1557.05,0.0284,ASK
1444095027,1557.04,0.0544,ASK
1444095027,1557.04,0.5137,ASK
1444095027,1557.03,0.0053,ASK
1444095029,1557.0,11.67,BID
1444095029,1557.0,0.5,BID
1444095029,1557.0,1.22,BID
1444095030,1557.0,0.084,BID
1444095030,1557.0,0.6423,BID
1444095031,1557.0,0.673,BID
1444095031,1557.0,0.6423,BID
1444095032,1557.0,0.6423,BID
1444095033,1557.0,0.6,BID
1444095033,1557.0,2.0,BID
1444095033,1557.0,0.6423,BID
1444095033,1557.0,0.387,BID
1444095034,1557.0,0.6423,BID
1444095035,1557.0,0.6165,BID
1444095036,1557.8,9.0,BID
1444095036,1557.8,9.408,BID
1444095063,1557.73,0.02,BID
1444095063,1557.75,0.4,BID
1444095063,1557.79,0.005,BID
1444095063,1557.87,0.001,BID
1444095063,1557.93,0.001,BID
1444095063,1557.98,0.0394,BID
1444095063,1557.99,2.1136,BID
1444095064,1557.73,0.06,BID
1444095064,1557.99,1.94,BID
1444095065,1557.72,0.5283,BID
1444095065,1557.98,0.0398,BID
1444095065,1557.99,1.4319,BID
1444095073,1557.88,0.05,ASK
1444095085,1557.77,0.05,BID
1444095087,1557.77,0.01,BID
1444095126,1557.76,0.0015,BID
1444095130,1557.81,0.1183,ASK
1444095130,1557.8,1.8827,ASK
1444095138,1557.82,0.029,ASK
1444095144,1557.82,0.02,ASK
1444095165,1557.87,0.05,BID
1444095166,1557.82,0.0006,ASK
1444095166,1557.82,0.0287,ASK
1444095167,1557.81,0.02,ASK
1444095167,1557.81,0.0293,ASK
1444095173,1557.81,0.2973,ASK
1444095174,1557.81,0.65,ASK
1444095175,1557.81,0.393,ASK
1444095175,1557.81,0.257,ASK
1444095176,1557.81,0.143,ASK
1444095176,1557.8,0.507,ASK
1444095178,1557.8,0.65,ASK
1444095194,1557.8,0.2705,ASK
1444095195,1557.8,0.65,ASK
1444095196,1557.8,0.65,ASK
1444095205,1557.83,0.01,ASK
1444095221,1557.92,0.003,BID
1444095221,1557.97,0.0583,BID
1444095221,1557.98,0.902,BID
1444095236,1557.9,0.01,ASK
1444095257,1557.9,0.004,ASK
1444095259,1557.9,0.004,ASK
1444095261,1557.91,0.003,BID
1444095264,1557.9,0.01,ASK
1444095271,1557.9,0.002,ASK
1444095271,1557.82,0.0187,ASK
1444095271,1557.82,0.0257,ASK
1444095271,1557.81,0.902,ASK
1444095271,1557.81,0.0132,ASK
1444095271,1557.8,2.1902,ASK
1444095307,1557.8,0.03,ASK
1444095308,1557.8,0.4485,ASK
1444095310,1557.83,0.01,BID
1444095310,1557.86,0.05,BID
1444095310,1557.91,0.0693,BID
1444095310,1557.98,0.0429,BID
1444095310,1557.98,0.0266,BID
1444095310,1557.99,1.3896,BID
1444095310,1557.99,0.0517,BID
1444095310,1557.99,0.264,BID
1444095310,1558.0,2.0797,BID
1444095310,1558.0,0.3,BID
1444095310,1558.0,0.532,BID
1444095310,1558.23,0.002,BID
1444095310,1558.3,0.1,BID
1444095310,1558.34,0.5,BID
1444095310,1558.35,0.051,BID
1444095310,1558.53,1.0,BID
1444095310,1558.64,0.225,BID
1444095310,1558.74,2.932,BID
1444095326,1557.87,0.06,ASK
1444095326,1557.84,0.1283,BID
1444095340,1557.87,0.0158,ASK
1444095340,1557.86,0.339,ASK
1444095340,1557.82,0.264,ASK
1444095340,1557.82,0.0563,ASK
1444095340,1557.81,0.3389,ASK
1444095343,1557.89,7.0,ASK
1444095343,1557.89,2.187,ASK
1444095359,1557.87,0.5282,ASK
1444095359,1557.84,0.005,ASK
1444095359,1557.83,0.0264,ASK
1444095359,1557.83,0.002,BID
1444095361,1557.83,0.005,BID
1444095372,1557.83,1.3898,BID
1444095385,1557.82,1.3898,ASK
1444095394,1557.83,2.0,BID
1444095394,1557.83,2.0,BID
1444095395,1557.83,0.6419,BID
1444095396,1557.83,0.141,BID
1444095396,1557.83,0.0709,BID
1444095396,1557.83,0.6419,BID
1444095398,1557.83,0.6419,BID
1444095399,1557.83,0.6419,BID
1444095399,1557.82,0.0749,ASK
1444095401,1557.83,0.6419,BID
1444095402,1557.83,0.6222,BID
1444095444,1557.95,0.5282,BID
1444095444,1557.96,0.05,BID
1444095445,1557.96,0.0264,ASK
1444095451,1558.06,0.06,BID
1444095462,1558.31,0.004,BID
1444095462,1558.48,0.002,BID
1444095471,1558.49,0.004,ASK
1444095475,1558.32,0.002,BID
1444095492,1558.26,0.01,ASK
1444095523,1558.27,0.05,ASK
1444095523,1558.26,0.0783,ASK
1444095525,1558.25,0.2,ASK
1444095534,1558.25,1.168,BID
1444095535,1558.25,0.6417,BID
1444095536,1558.25,0.6417,BID
1444095536,1558.25,0.01,BID
1444095542,1558.25,0.642,BID
1444095543,1558.25,0.6417,BID
1444095544,1558.25,0.6417,BID
1444095545,1558.25,0.6417,BID
1444095546,1558.25,0.1851,BID
1444095546,1558.26,0.0573,BID
1444095548,1558.26,0.0783,ASK
1444095550,1558.26,0.321,ASK
1444095550,1558.26,0.0783,ASK
1444095551,1558.26,0.5634,ASK
1444095556,1558.25,0.005,BID
1444095564,1558.25,0.01,BID
1444095566,1558.25,0.01,BID
1444095591,1558.25,0.0616,BID
1444095591,1558.25,0.1419,BID
1444095592,1558.25,0.5081,BID
1444095593,1558.29,1.0,BID
1444095593,1558.29,2.0,BID
1444095593,1558.29,4.892,BID
1444095594,1558.26,0.1336,ASK
1444095594,1558.26,0.3664,ASK
1444095618,1558.26,0.1,ASK
1444095657,1558.41,12.19,ASK
1444095657,1558.26,0.1753,ASK
1444095659,1558.25,0.1284,BID
1444095672,1558.25,0.0469,BID
1444095672,1558.26,1.251,BID
1444095673,1558.26,0.0469,BID
1444095684,1558.26,0.949,BID
1444095685,1558.26,0.5878,BID
1444095685,1558.26,0.0539,BID
1444095686,1558.26,0.6417,BID
1444095687,1558.26,0.3007,BID
1444095727,1558.29,0.5281,ASK
1444095727,1558.28,0.52,ASK
1444095730,1558.28,0.01,BID
1444095746,1558.28,0.1089,BID
1444095748,1558.28,0.35,BID
1444095750,1558.27,0.341,ASK
1444095750,1558.27,0.6417,ASK
1444095750,1558.27,0.113,BID
1444095755,1558.26,0.1,BID
1444095756,1558.26,0.55,BID
1444095756,1558.27,0.0703,BID
1444095775,1558.28,1.18,BID
1444095776,1558.28,0.6417,BID
1444095777,1558.28,1.18,BID
1444095777,1558.28,0.33,BID
1444095777,1558.28,0.6417,BID
1444095788,1558.28,0.1239,BID
1444095789,1558.28,0.1867,BID
1444095805,1558.29,0.1239,ASK
1444095805,1558.29,0.215,ASK
1444095806,1558.29,0.0956,ASK
1444095810,1558.27,0.0092,ASK
1444095815,1558.28,0.126,BID
1444095816,1558.28,0.01,BID
1444095816,1558.28,0.01,BID
1444095816,1558.28,0.1929,BID
1444095820,1558.29,0.146,ASK
1444095820,1558.29,0.2129,ASK
1444095820,1558.27,0.0122,ASK
1444095820,1558.27,0.6417,ASK
1444095820,1558.16,0.22,ASK
1444095820,1558.11,0.0591,ASK
1444095820,1558.11,0.001,ASK
1444095820,1558.07,0.06,ASK
1444095821,1558.07,0.0113,BID
1444095822,1558.04,11.0,BID
1444095822,1558.04,2.0,BID
1444095822,1558.04,2.905,BID
1444095823,1558.07,4.062,BID
1444095823,1558.07,0.6,BID
1444095824,1558.07,0.6418,BID
1444095824,1558.07,0.128,BID
1444095825,1558.07,5.0,BID
1444095825,1558.07,0.6418,BID
1444095826,1558.07,0.6418,BID
1444095827,1558.07,0.4204,BID
1444095828,1558.23,0.06,BID
1444095828,1558.27,0.0179,BID
1444095828,1558.28,0.0901,BID
1444095831,1558.27,0.0205,BID
1444095832,1558.28,0.0205,BID
1444095834,1558.27,0.0124,BID
1444095834,1558.28,0.2483,BID
1444095834,1558.28,0.1073,BID
1444095834,1558.29,0.041,BID
1444095835,1558.29,0.01,BID
1444095835,1558.29,0.062,BID
1444095835,1558.26,0.1116,ASK
1444095835,1558.25,0.94,ASK
1444095835,1558.16,0.032,ASK
1444095835,1558.15,0.64,ASK
1444095835,1558.11,0.052,ASK
1444095835,1558.09,0.0864,ASK
1444095835,1558.08,0.138,ASK
1444095838,1558.09,0.0795,ASK
1444095838,1558.09,0.06,ASK
1444095838,1558.08,0.0834,ASK
1444095838,1558.08,0.5,ASK
1444095838,1558.08,0.6418,ASK
1444095838,1558.08,0.108,ASK
1444095838,1558.08,0.128,ASK
1444095838,1558.02,0.3885,ASK
1444095838,1558.0,0.001,ASK
1444095838,1557.96,0.0098,ASK
1444095839,1558.24,1.0,ASK
1444095839,1558.24,14.0,ASK
1444095839,1558.24,1.925,ASK
1444095839,1557.97,0.0264,ASK
1444095839,1557.96,0.5184,ASK
1444095839,1557.86,0.001,ASK
1444095839,1557.85,0.001,ASK
1444095839,1557.85,1.3897,ASK
1444095839,1557.84,0.0197,ASK
1444095839,1557.84,0.6238,ASK
1444095840,1558.24,3.0,ASK
1444095840,1558.24,7.409,ASK
1444095841,1558.25,0.1116,BID
1444095841,1558.28,0.032,BID
1444095841,1558.28,0.0284,BID
1444095851,1558.03,0.6446,BID
1444095854,1558.04,0.0004,ASK
1444095854,1558.04,0.6418,ASK
1444095854,1557.97,0.5378,ASK
1444095856,1558.04,0.6422,ASK
1444095857,1558.08,0.6,ASK
1444095857,1558.05,0.0136,ASK
1444095857,1558.04,0.0028,ASK
1444095858,1558.03,0.0258,BID
1444095858,1558.27,0.06,BID
1444095858,1558.27,0.0222,BID
1444095859,1558.27,0.0358,BID
1444095859,1558.28,0.0822,BID
1444095873,1558.27,0.039,BID
1444095873,1558.27,0.0264,BID
1444095873,1558.28,0.5556,BID
1444095873,1558.28,0.621,BID
1444095873,1558.28,0.1309,BID
1444095873,1558.28,0.0541,BID
1444095873,1558.29,0.436,BID
1444095875,1558.29,0.11,BID
1444095875,1558.29,0.12,BID
1444095877,1558.29,0.0654,BID
1444095877,1558.29,0.2,BID
1444095880,1558.28,0.538,BID
1444095880,1558.29,0.462,BID
1444095881,1558.29,0.01,BID
1444095900,1558.29,0.02,BID
1444095905,1558.04,0.4,ASK
1444095905,1557.85,0.06,ASK
1444095905,1557.84,0.0181,ASK
1444095905,1557.84,0.0647,ASK
1444095905,1557.84,0.055,ASK
1444095905,1557.83,1.167,ASK
1444095905,1557.83,1.2352,ASK
1444095905,1557.83,0.155,ASK
1444095905,1557.82,0.575,ASK
1444095907,1558.04,0.022,BID
1444095907,1558.28,0.055,BID
1444095907,1558.29,0.544,BID
1444095908,1558.28,20.55,ASK
1444095911,1558.05,0.022,ASK
1444095912,1557.83,0.077,BID
1444095912,1557.83,0.023,BID
1444095913,1557.83,0.5176,BID
1444095914,1558.04,0.022,BID
1444095921,1558.27,0.077,BID
1444095921,1558.28,0.928,BID
1444095922,1558.16,0.22,ASK
1444095922,1558.15,0.018,ASK
1444095922,1558.05,0.022,ASK
1444095922,1558.03,0.077,BID
1444095923,1558.03,0.063,BID
1444095923,1558.27,1.167,BID
1444095923,1558.28,0.4622,BID
1444095923,1558.29,0.6168,BID
1444095924,1558.15,0.22,BID
1444095924,1558.26,0.0583,BID
1444095924,1558.29,0.2486,BID
1444095926,1558.29,0.0133,BID
1444095928,1558.29,0.077,BID
1444095941,1558.29,0.618,BID
1444095942,1558.29,0.6417,BID
1444095943,1558.29,1.18,BID
1444095943,1558.29,0.6417,BID
1444095944,1558.29,0.6417,BID
1444095945,1558.29,0.6417,BID
1444095946,1558.29,0.6417,BID
1444095947,1558.29,0.6417,BID
1444095949,1558.29,0.6417,BID
1444095951,1558.29,0.6417,BID
1444095952,1558.29,0.6417,BID
1444095953,1558.29,0.6417,BID
1444095955,1558.29,0.6417,BID
1444095956,1558.29,0.6417,BID
1444095957,1558.29,0.6417,BID
1444095958,1558.29,0.6417,BID
1444095959,1558.29,0.6417,BID
1444095960,1558.29,0.478,BID
1444095962,1558.29,0.4,BID
1444095964,1558.29,0.5094,BID
1444095970,1558.29,0.01,BID
1444095985,1558.29,0.143,BID
1444096018,1558.48,0.2124,BID
1444096023,1558.48,0.0101,BID
1444096045,1558.49,0.01,BID
1444096048,1558.49,0.01,ASK
1444096049,1558.49,0.01,BID
1444096059,1558.35,0.001,ASK
1444096062,1558.48,0.0133,BID
1444096067,1558.48,0.2623,BID
1444096067,1558.49,0.0133,BID
1444096070,1558.5,0.275,BID
1444096075,1558.49,0.2,ASK
1444096076,1558.49,0.0001,ASK
1444096077,1558.48,0.01,BID
1444096084,1558.35,0.001,ASK
1444096090,1558.48,0.01,BID
1444096092,1558.48,0.1901,BID
1444096092,1558.5,0.725,BID
1444096107,1558.57,0.001,BID
1444096107,1558.57,0.001,BID
1444096107,1558.57,0.001,BID
1444096107,1558.65,0.007,BID
1444096109,1558.51,0.0029,ASK
1444096111,1558.65,0.01,BID
1444096131,1558.52,0.001,ASK
1444096132,1558.52,0.0699,ASK
1444096132,1558.51,0.0531,ASK
1444096133,1558.51,0.123,ASK
1444096134,1558.52,0.0696,ASK
1444096134,1558.51,0.0013,ASK
1444096138,1558.64,0.01,BID
1444096139,1558.64,0.0096,BID
1444096146,1558.65,1.0,BID
1444096153,1558.66,0.0501,BID
1444096154,1558.66,1.3397,ASK
1444096154,1558.65,32.3629,ASK
1444096154,1558.64,0.0004,ASK
1444096154,1558.57,5.7754,ASK
1444096154,1558.51,0.0047,ASK
1444096154,1558.51,0.0498,ASK
1444096154,1558.51,0.0196,ASK
1444096154,1558.5,3.5763,ASK
1444096154,1558.49,0.2001,ASK
1444096155,1558.4,0.4,BID
1444096162,1558.4,1.166,BID
1444096162,1558.4,0.01,BID
1444096175,1558.39,0.4,BID
1444096176,1558.39,0.018,BID
1444096177,1558.35,0.0113,ASK
1444096177,1558.34,0.0487,ASK
1444096178,1558.39,0.2259,BID
1444096184,1558.34,0.001,ASK
1444096184,1558.39,0.001,BID
1444096185,1558.39,0.01,BID
1444096187,1558.38,0.0445,BID
1444096187,1558.39,0.3555,BID
1444096192,1558.39,0.3794,BID
1444096192,1558.39,0.1406,BID
1444096210,1558.34,0.0021,ASK
1444096223,1558.38,0.0325,BID
1444096223,1558.38,0.0305,BID
1444096223,1558.39,0.2594,BID
1444096223,1558.39,1.0,BID
1444096223,1558.39,0.023,BID
1444096226,1558.4,0.52,BID
1444096226,1558.39,9.0,ASK
1444096227,1558.39,2.0,ASK
1444096227,1558.4,0.123,BID
1444096228,1558.4,0.4,BID
1444096228,1558.39,0.65,ASK
1444096229,1558.4,0.6,BID
1444096229,1558.4,0.0386,BID
1444096229,1558.4,0.4,BID
1444096230,1558.39,1.18,ASK
1444096230,1558.4,0.0386,BID
1444096231,1558.4,1.3898,BID
1444096232,1558.4,0.101,BID
1444096232,1558.39,0.002,ASK
1444096233,1558.4,1.0,BID
1444096233,1558.39,1.18,ASK
1444096233,1558.4,0.6053,BID
1444096234,1558.4,3.0,BID
1444096234,1558.4,0.52,BID
1444096236,1558.4,0.2,BID
1444096236,1558.4,0.01,BID
1444096239,1558.4,1.0,BID
1444096240,1558.39,1.166,ASK
1444096241,1558.39,0.65,ASK
1444096242,1558.39,0.65,ASK
1444096243,1558.39,1.3898,ASK
1444096243,1558.39,0.65,ASK
1444096245,1558.39,0.65,ASK
1444096246,1558.4,1.0,BID
1444096246,1558.39,0.65,ASK
1444096247,1558.4,0.6417,BID
1444096248,1558.4,1.0,BID
1444096248,1558.4,0.6417,BID
1444096249,1558.4,0.6417,BID
1444096250,1558.4,0.5502,BID
1444096256,1558.63,0.0161,BID
1444096256,1558.64,0.0339,BID
1444096257,1558.63,16.886,BID
1444096258,1558.64,0.0161,BID
1444096260,1558.56,0.001,ASK
1444096260,1558.56,0.348,ASK
1444096261,1558.56,0.65,ASK
1444096262,1558.56,0.65,ASK
1444096262,1558.56,0.392,ASK
1444096263,1558.57,0.0507,ASK
1444096263,1558.56,0.5993,ASK
1444096265,1558.57,0.2972,ASK
1444096265,1558.56,0.3528,ASK
1444096265,1558.56,0.49,ASK
1444096266,1558.56,0.65,ASK
1444096267,1558.56,0.301,ASK
1444096268,1558.56,1.18,ASK
1444096268,1558.56,0.65,ASK
1444096269,1558.56,0.65,ASK
1444096269,1558.56,0.311,ASK
1444096270,1558.56,0.677,ASK
1444096270,1558.57,0.65,ASK
1444096271,1558.57,0.517,ASK
1444096271,1558.56,0.133,ASK
1444096272,1558.56,0.517,ASK
1444096272,1558.56,0.016,ASK
1444096273,1558.56,0.65,ASK
1444096274,1558.56,0.7819,ASK
1444096278,1558.5,0.1,ASK
1444096279,1558.5,0.65,ASK
1444096279,1558.5,0.7,ASK
1444096280,1558.5,0.1,ASK
1444096280,1558.5,0.65,ASK
1444096280,1558.53,0.1,BID
1444096280,1558.54,0.642,BID
1444096280,1558.54,0.05,BID
1444096280,1558.55,0.388,BID
1444096281,1558.5,0.65,ASK
1444096283,1558.5,0.65,ASK
1444096283,1558.55,0.262,BID
1444096283,1558.55,0.65,BID
1444096283,1558.55,0.5502,BID
1444096283,1558.63,0.03,BID
1444096283,1558.64,0.6,BID
1444096283,1558.67,0.001,BID
1444096283,1558.69,0.002,BID
1444096283,1558.73,0.0207,BID
1444096283,1558.74,0.4641,BID
1444096284,1558.5,0.65,ASK
1444096286,1558.5,0.65,ASK
1444096287,1558.5,0.106,ASK
1444096287,1558.73,0.2972,BID
1444096287,1558.74,1.7028,BID
1444096288,1558.51,0.5281,ASK
1444096288,1558.5,0.1219,ASK
1444096290,1558.51,0.0312,ASK
1444096290,1558.51,0.1129,ASK
1444096290,1558.5,0.5059,ASK
1444096291,1558.5,0.1441,ASK
1444096301,1558.55,0.01,ASK
1444096301,1558.55,0.1119,BID
1444096302,1558.55,0.4062,BID
1444096302,1558.56,0.0026,BID
1444096302,1558.71,0.06,BID
1444096302,1558.72,0.0312,BID
1444096302,1558.73,0.0879,BID
1444096302,1558.73,0.025,BID
1444096302,1558.74,5.5346,BID
1444096304,1558.73,1.167,BID
1444096304,1558.74,0.013,BID
1444096305,1558.71,0.215,BID
1444096305,1558.71,0.285,BID
1444096305,1558.74,1.715,BID
1444096322,1558.58,0.0062,ASK
1444096330,1558.74,0.0281,BID
1444096330,1558.75,0.64,BID
1444096330,1558.78,0.3885,BID
1444096330,1558.8,0.001,BID
1444096330,1558.8,0.001,BID
1444096330,1558.9,0.001,BID
1444096330,1558.9,0.001,BID
1444096330,1558.91,0.001,BID
1444096330,1558.97,0.001,BID
1444096330,1558.99,0.1174,BID
1444096351,1558.59,0.0011,ASK
1444096355,1558.59,0.0589,ASK
1444096355,1558.58,0.0264,ASK
1444096355,1558.58,0.0147,ASK
1444096356,1558.58,0.0284,ASK
1444096356,1558.58,0.0583,ASK
1444096356,1558.57,0.8823,ASK
1444096373,1558.73,0.412,ASK
1444096374,1558.73,0.001,ASK
1444096375,1558.73,0.65,ASK
1444096376,1558.73,1.117,ASK
1444096376,1558.73,0.65,ASK
1444096376,1558.9,12.948,ASK
1444096377,1558.73,0.65,ASK
1444096400,1558.74,0.0012,ASK
1444096402,1558.91,0.0062,BID
1444096402,1558.92,0.0062,BID
1444096402,1558.93,0.06,BID
1444096402,1558.96,0.0441,BID
1444096402,1558.97,0.8823,BID
1444096402,1558.99,0.2826,BID
1444096402,1559.0,18.3859,BID
1444096412,1558.77,0.528,ASK
1444096412,1558.76,0.0222,ASK
1444096412,1558.76,0.06,ASK
1444096412,1558.74,1.1658,ASK
1444096412,1558.74,0.804,ASK
1444096421,1558.75,0.001,ASK
1444096447,1558.75,0.0011,ASK
1444096456,1558.94,0.528,BID
1444096456,1558.95,0.06,BID
1444096456,1558.98,0.0222,BID
1444096456,1558.99,0.0275,BID
1444096456,1558.99,0.0461,BID
1444096456,1558.99,0.0122,BID
1444096456,1559.0,5.864,BID
1444096457,1558.92,0.06,BID
1444096457,1558.91,2.0,BID
1444096457,1558.91,17.791,BID
1444096460,1558.77,28.0,BID
1444096460,1558.77,16.498,BID
1444096465,1558.92,0.44,BID
1444096465,1559.0,11.7424,BID
1444096468,1558.93,0.0109,ASK
1444096476,1559.0,0.898,BID
1444096493,1558.93,0.0019,ASK
1444096495,1558.99,0.2133,BID
1444096496,1558.99,0.6414,BID
1444096497,1558.99,0.3123,BID
1444096497,1559.0,0.3291,BID
1444096499,1559.0,0.3123,BID
1444096504,1558.94,0.0214,ASK
1444096504,1558.93,0.4272,ASK
1444096504,1558.8,0.06,ASK
1444096504,1558.75,0.0293,ASK
1444096504,1558.74,0.5858,ASK
1444096504,1558.74,0.0563,ASK
1444096508,1558.93,0.01,BID
1444096512,1558.93,0.0114,BID
1444096512,1558.94,0.06,BID
1444096512,1558.98,0.0293,BID
1444096512,1558.98,0.0214,BID
1444096512,1558.99,0.3419,BID
1444096514,1558.93,0.0017,ASK
1444096516,1558.98,0.01,BID
1444096540,1558.93,0.001,ASK
1444096541,1558.93,0.0133,ASK
1444096559,1558.93,2.0252,BID
1444096559,1558.98,0.0463,BID
1444096559,1558.99,1.0479,BID
1444096559,1559.0,30.8004,BID
1444096561,1558.99,20.829,BID
1444096562,1558.99,150.0,BID
1444096562,1558.94,0.5,ASK
1444096562,1558.94,0.1415,ASK
1444096562,1558.93,0.2585,ASK
1444096563,1559.0,1.5868,BID
1444096563,1558.95,0.0321,ASK
1444096563,1558.93,0.0969,ASK
1444096563,1558.93,0.6415,ASK
1444096565,1558.93,0.001,ASK
1444096565,1558.97,0.5,BID
1444096565,1559.0,0.1414,BID
1444096567,1558.99,0.0321,BID
1444096567,1559.0,0.6093,BID
1444096568,1559.0,3.6829,BID
1444096569,1559.0,0.0321,BID
1444096570,1559.0,0.6414,BID
1444096571,1559.0,0.6414,BID
1444096571,1559.0,2.58,BID
1444096572,1559.0,0.6414,BID
1444096578,1559.0,3.3883,BID
1444096578,1559.0,1.8032,BID
1444096578,1559.0,0.8071,BID
1444096578,1559.0,1.0,BID
1444096578,1559.0,0.3,BID
1444096578,1559.0,0.1,BID
1444096578,1559.0,0.001,BID
1444096578,1559.03,0.001,BID
1444096578,1559.03,0.001,BID
1444096578,1559.03,0.001,BID
1444096578,1559.03,0.001,BID
1444096578,1559.03,0.001,BID
1444096578,1559.03,0.001,BID
1444096578,1559.11,0.001,BID
1444096578,1559.12,0.006,BID
1444096578,1559.15,0.001,BID
1444096578,1559.16,0.001,BID
1444096578,1559.19,0.001,BID
1444096578,1559.22,0.001,BID
1444096578,1559.23,0.001,BID
1444096578,1559.32,0.56,BID
1444096578,1559.35,0.001,BID
1444096578,1559.35,0.001,BID
1444096578,1559.43,0.002,BID
1444096578,1559.75,0.001,BID
1444096578,1559.81,0.001,BID
1444096578,1559.83,0.001,BID
1444096578,1559.83,0.001,BID
1444096578,1559.83,0.001,BID
1444096578,1559.83,0.001,BID
1444096578,1559.84,0.001,BID
1444096578,1559.84,0.001,BID
1444096578,1559.84,0.001,BID
1444096578,1559.84,0.001,BID
1444096578,1559.84,0.001,BID
1444096578,1559.95,4.0,BID
1444096578,1559.97,1.3568,BID
1444096579,1559.96,7.0,BID
1444096579,1559.96,2.21,BID
1444096586,1559.04,0.001,ASK
1444096588,1559.05,0.06,ASK
1444096588,1559.02,0.0321,ASK
1444096588,1559.01,0.5494,ASK
1444096591,1559.06,0.01,ASK
1444096593,1559.01,0.092,ASK
1444096593,1559.0,0.016,BID
1444096632,1558.88,0.001,ASK
1444096633,1558.93,0.001,BID
1444096633,1558.8,0.02,ASK
1444096636,1558.8,0.715,BID
1444096636,1558.8,0.001,BID
1444096638,1558.8,0.107,BID
1444096639,1558.8,0.307,BID
1444096639,1558.77,5.0,BID
1444096639,1558.77,3.604,BID
1444096640,1558.8,0.6415,BID
1444096641,1558.8,0.6415,BID
1444096641,1558.8,0.45,BID
1444096643,1558.8,0.8,BID
1444096643,1558.8,0.106,BID
1444096644,1558.8,0.001,BID
1444096644,1558.8,0.6415,BID
1444096645,1558.8,0.6415,BID
1444096645,1558.79,12.0,BID
1444096645,1558.79,5.733,BID
1444096646,1558.8,0.6415,BID
1444096647,1558.8,0.76,BID
1444096647,1558.8,0.6415,BID
1444096649,1558.8,0.6415,BID
1444096650,1558.8,0.01,BID
1444096651,1558.8,0.6415,BID
1444096652,1558.8,0.6415,BID
1444096653,1558.8,0.6415,BID
1444096654,1558.8,0.6415,BID
1444096654,1558.8,0.6415,BID
1444096655,1558.8,0.6415,BID
1444096655,1558.8,0.02,BID
1444096655,1558.8,0.6415,BID
1444096656,1558.8,0.6415,BID
1444096657,1558.8,1.1037,BID
1444096657,1558.8,0.6415,BID
1444096658,1558.75,0.002,BID
1444096658,1558.8,0.6395,BID
1444096659,1558.8,0.01,BID
1444096660,1558.8,0.1283,BID
1444096663,1558.8,0.02,BID
1444096688,1558.72,0.1,BID
1444096689,1558.78,0.001,BID
1444096704,1558.73,0.1,ASK
1444096704,1558.73,0.4,ASK
1444096704,1558.73,1.39,ASK
1444096704,1558.72,0.11,ASK
1444096705,1558.72,0.5,ASK
1444096706,1558.72,1.18,ASK
1444096707,1558.72,0.65,ASK
1444096707,1558.72,2.0,ASK
1444096708,1558.73,12.0,ASK
1444096708,1558.73,7.288,ASK
1444096708,1558.72,1.18,ASK
1444096708,1558.72,0.65,ASK
1444096709,1558.72,0.65,ASK
1444096710,1558.73,11.0,ASK
1444096710,1558.73,2.705,ASK
1444096710,1558.72,0.65,ASK
1444096711,1558.78,3.0,ASK
1444096711,1558.78,16.0,ASK
1444096711,1558.78,6.914,ASK
1444096711,1558.72,1.0442,ASK
1444096711,1558.6,0.05,ASK
1444096711,1558.59,0.0062,ASK
1444096711,1558.56,0.3885,ASK
1444096711,1558.5,0.5111,ASK
1444096714,1558.7,0.0019,BID
1444096717,1558.5,0.869,ASK
1444096717,1558.5,1.0,ASK
1444096717,1558.39,0.711,ASK
1444096717,1558.7,0.0146,BID
1444096717,1558.7,0.0204,BID
1444096718,1558.7,0.465,ASK
1444096725,1558.49,0.185,BID
1444096726,1558.7,0.0252,BID
1444096726,1558.7,0.06,BID
1444096726,1558.71,0.5473,BID
1444096727,1558.59,0.315,ASK
1444096728,1558.7,0.01,ASK
1444096728,1558.59,0.0009,ASK
1444096738,1558.5,0.0092,ASK
1444096764,1558.58,0.305,BID
1444096768,1558.71,0.1027,BID
1444096768,1558.71,0.65,BID
1444096769,1558.72,0.6416,BID
1444096770,1558.72,0.018,BID
1444096770,1558.72,0.01,BID
1444096771,1558.6,0.0121,ASK
1444096772,1558.72,0.01,BID
1444096772,1558.72,0.1,BID
1444096772,1558.72,0.6104,BID
1444096772,1558.73,0.1096,BID
1444096773,1558.71,0.0121,BID
1444096773,1558.73,1.0,BID
1444096773,1558.73,1.4,BID
1444096774,1558.73,0.5,BID
1444096774,1558.73,0.6158,BID
1444096774,1558.8,0.0121,BID
1444096775,1558.8,0.1,BID
1444096777,1558.8,0.01,BID
1444096779,1558.75,0.7,ASK
1444096779,1558.74,0.0373,ASK
1444096782,1558.73,0.348,ASK
1444096783,1558.73,0.2936,ASK
1444096783,1558.73,0.0354,ASK
1444096783,1558.72,0.321,ASK
1444096785,1558.72,0.387,ASK
1444096786,1558.73,0.0194,ASK
1444096786,1558.72,0.0003,ASK
1444096786,1558.72,0.6303,BID
1444096786,1558.74,0.4627,BID
1444096786,1558.74,0.65,BID
1444096786,1558.79,0.0373,BID
1444096786,1558.79,0.0245,BID
1444096786,1558.8,0.6789,BID
1444096788,1558.72,0.019,BID
1444096789,1558.75,0.339,ASK
1444096791,1558.75,0.2835,ASK
1444096791,1558.6,0.0152,ASK
1444096791,1558.59,0.2833,ASK
1444096799,1558.69,0.0017,BID
1444096803,1558.6,0.05,ASK
1444096803,1558.59,0.0217,ASK
1444096803,1558.54,0.0554,ASK
1444096809,1558.59,0.022,BID
1444096810,1558.59,0.028,BID
1444096827,1558.6,0.001,ASK
1444096828,1558.73,0.001,BID
1444096829,1558.73,0.0099,BID
1444096829,1558.73,0.0001,BID
1444096833,1558.73,0.01,BID
1444096853,1558.61,0.011,ASK
1444096854,1558.72,0.001,BID
1444096875,1558.61,0.001,ASK
1444096876,1558.72,0.001,BID
1444096876,1558.72,0.0288,BID
1444096876,1558.73,0.001,BID
1444096877,1558.73,0.0041,BID
1444096877,1558.73,0.0133,BID
1444096882,1558.74,0.2835,BID
1444096882,1558.74,0.284,BID
1444096899,1558.8,0.06,BID
1444096900,1558.8,0.497,BID
1444096900,1558.81,0.0137,ASK
1444096904,1558.81,0.0463,ASK
1444096904,1558.81,0.557,ASK
1444096904,1558.8,0.01,BID
1444096914,1558.8,0.01,BID
1444096915,1558.8,0.033,BID
1444096916,1558.8,0.3437,BID
1444096916,1558.8,0.0463,BID
1444096918,1558.86,0.02,BID
1444096922,1558.86,0.3685,BID
1444096922,1558.87,0.0315,BID
1444096923,1558.87,0.3685,BID
1444096923,1558.87,0.3885,BID
1444096925,1558.82,0.0375,ASK
1444096925,1558.81,0.0383,ASK
1444096926,1558.81,0.0047,ASK
1444096926,1558.81,0.284,ASK
1444096926,1558.81,0.3613,ASK
1444096926,1558.87,0.057,BID
1444096927,1558.81,0.0617,ASK
1444096929,1558.8,0.588,BID
1444096929,1558.8,0.0003,BID
1444096929,1558.8,0.0197,BID
1444096930,1558.8,0.237,BID
1444096930,1558.74,2.0,BID
1444096930,1558.74,1.939,BID
1444096931,1558.8,0.3933,BID
1444096931,1558.8,0.0281,BID
1444096933,1558.86,0.071,ASK
1444096933,1558.82,0.0184,ASK
1444096934,1558.87,0.01,BID
1444096950,1558.82,0.1283,ASK
1444096951,1558.82,0.4328,ASK
1444096951,1558.82,0.1283,ASK
1444096952,1558.82,0.65,ASK
1444096953,1558.82,0.3887,ASK
1444096953,1558.81,0.1669,ASK
1444096953,1558.81,0.0944,ASK
1444096953,1558.81,0.001,ASK
1444096954,1558.81,0.432,ASK
1444096954,1558.81,0.1141,ASK
1444096954,1558.81,0.5359,ASK
1444096955,1558.81,0.1056,ASK
1444096955,1558.73,0.0124,ASK
1444096955,1558.73,0.066,ASK
1444096955,1558.72,0.001,ASK
1444096955,1558.72,0.001,ASK
1444096955,1558.65,0.01,ASK
1444096955,1558.61,0.0188,ASK
1444096955,1558.6,0.021,ASK
1444096955,1558.6,0.05,ASK
1444096955,1558.57,0.001,ASK
1444096955,1558.5,0.1758,ASK
1444096955,1558.5,0.0599,ASK
1444096955,1558.5,0.9798,ASK
1444096958,1558.8,0.001,BID
1444096975,1558.5,0.001,BID
1444096978,1558.5,0.001,BID
1444096983,1558.5,0.0022,BID
1444096985,1558.65,0.0078,ASK
1444096985,1558.5,0.1283,ASK
1444096985,1558.5,0.02,BID
1444096986,1558.5,0.392,BID
1444096987,1558.5,0.01,BID
1444096988,1558.5,0.2782,BID
1444096989,1558.65,0.01,ASK
1444096989,1558.49,0.1569,ASK
1444096990,1558.66,0.1,ASK
1444096990,1558.65,0.2782,ASK
1444096990,1558.51,0.2718,ASK
1444096998,1558.69,0.001,BID
1444096999,1558.69,0.01,BID
1444096999,1558.69,0.049,BID
1444096999,1558.7,0.011,BID
1444097000,1558.51,0.0021,ASK
1444097000,1558.7,0.009,BID
1444097006,1558.79,0.032,BID
1444097007,1558.79,0.0005,BID
1444097007,1558.8,0.032,BID
1444097012,1558.79,0.02,BID
1444097012,1558.79,0.0108,BID
1444097012,1558.8,0.6062,BID
1444097013,1558.79,0.0108,ASK
1444097014,1558.8,0.0108,BID
1444097014,1558.85,0.0489,BID
1444097015,1558.85,0.02,BID
1444097015,1558.85,0.0021,BID
1444097015,1558.87,0.0079,BID
1444097017,1558.79,0.0092,ASK
1444097018,1558.79,0.0221,BID
1444097018,1558.79,0.097,BID
1444097018,1558.87,0.1366,BID
1444097018,1559.05,0.0146,BID
1444097018,1559.05,0.011,BID
1444097018,1559.06,0.1408,BID
1444097018,1559.06,0.3712,BID
1444097019,1559.13,0.0078,ASK
1444097024,1559.24,0.11,BID
1444097025,1559.13,0.0017,ASK
1444097025,1559.25,0.016,ASK
1444097026,1559.66,17.15,ASK
1444097054,1559.28,0.0323,ASK
1444097060,1559.3,0.517,ASK
1444097062,1559.3,0.475,ASK
1444097064,1559.3,1.161,ASK
1444097065,1559.3,0.01,ASK
1444097067,1559.3,1.123,ASK
1444097069,1559.31,0.06,ASK
1444097069,1559.3,1.551,ASK
1444097076,1559.31,0.4,ASK
1444097079,1559.31,0.001,ASK
1444097104,1559.31,0.001,ASK
1444097105,1559.31,0.1581,ASK
1444097105,1559.31,0.0127,ASK
1444097105,1559.31,0.02,ASK
1444097105,1559.3,0.3959,ASK
1444097118,1559.3,0.01,ASK
1444097121,1559.3,0.0179,ASK
1444097125,1559.3,0.001,ASK
1444097132,1559.46,0.0323,BID
1444097132,1559.5,0.042,BID
1444097145,1559.48,0.5279,ASK
1444097145,1559.47,0.0323,ASK
1444097145,1559.3,0.001,ASK
1444097146,1559.46,0.1282,BID
1444097164,1559.36,0.03,BID
1444097164,1559.45,0.0319,BID
1444097164,1559.46,0.1116,BID
1444097164,1559.46,0.527,BID
1444097164,1559.5,0.02,BID
1444097164,1559.74,0.001,BID
1444097164,1559.75,0.001,BID
1444097164,1559.75,0.001,BID
1444097164,1559.76,0.049,BID
1444097164,1559.77,0.9798,BID
1444097164,1559.77,0.001,BID
1444097164,1559.81,0.002,BID
1444097164,1559.84,0.001,BID
1444097164,1559.92,0.0583,BID
1444097164,1559.93,1.167,BID
1444097164,1559.93,0.0574,BID
1444097164,1559.94,0.171,BID
1444097170,1559.31,0.0016,ASK
1444097191,1559.33,0.001,ASK
1444097204,1559.51,0.133,ASK
1444097206,1559.52,0.01,ASK
1444097208,1559.52,0.0439,ASK
1444097208,1559.52,0.06,BID
1444097209,1559.51,0.11,ASK
1444097213,1559.51,0.5279,ASK
1444097214,1559.51,0.6192,ASK
1444097214,1559.51,0.0308,ASK
1444097215,1559.51,0.0363,ASK
1444097215,1559.51,0.074,ASK
1444097215,1559.5,0.5397,ASK
1444097216,1559.51,0.65,ASK
1444097216,1559.51,0.0029,ASK
1444097217,1559.51,0.161,ASK
1444097217,1559.51,0.1103,ASK
1444097218,1559.51,0.2428,ASK
1444097218,1559.5,0.4072,ASK
1444097219,1559.5,0.5141,ASK
1444097221,1559.5,0.8,ASK
1444097222,1559.5,0.65,ASK
1444097223,1559.5,0.65,ASK
1444097224,1559.5,0.65,ASK
1444097225,1559.5,0.65,ASK
1444097226,1559.5,0.65,ASK
1444097227,1559.5,0.65,ASK
1444097228,1559.5,0.65,ASK
1444097229,1559.5,0.65,ASK
1444097230,1559.5,0.3875,ASK
1444097230,1559.5,0.65,ASK
1444097231,1559.5,0.65,ASK
1444097232,1559.5,0.65,ASK
1444097233,1559.5,0.2015,ASK
1444097253,1559.49,0.01,BID
1444097257,1559.49,0.4385,BID
1444097257,1559.49,0.65,BID
1444097257,1559.49,0.225,BID
1444097257,1559.5,0.01,BID
1444097257,1559.51,0.0101,BID
1444097257,1559.51,0.06,BID
1444097257,1559.52,0.2021,BID
1444097260,1559.92,0.078,ASK
1444097261,1559.92,0.65,ASK
1444097262,1559.92,0.65,ASK
1444097263,1559.92,0.01,ASK
1444097263,1559.92,0.5,ASK
1444097263,1559.92,0.65,ASK
1444097263,1559.92,8.2974,ASK
1444097263,1559.51,0.0101,ASK
1444097263,1559.5,0.6412,ASK
1444097266,1559.5,0.81,BID
1444097267,1559.5,0.6412,BID
1444097267,1559.31,0.001,ASK
1444097268,1559.5,0.6412,BID
1444097268,1559.5,0.721,BID
1444097269,1559.5,0.6412,BID
1444097271,1559.49,0.001,ASK
1444097271,1559.5,0.6412,BID
1444097271,1559.5,0.6,BID
1444097272,1559.5,0.6412,BID
1444097272,1559.49,0.009,ASK
1444097273,1559.49,0.6412,BID
1444097276,1559.48,0.037,BID
1444097276,1559.49,0.7399,BID
1444097276,1559.49,0.0207,BID
1444097276,1559.49,0.1089,BID
1444097276,1559.5,1.0935,BID
1444097276,1559.5,1.18,BID
