timestamp,price,amount,side
1443137384,1513.19,5.2338,BID
1443137384,1513.19,0.5,BID
1443137385,1513.19,0.01,BID
1443137386,1513.19,0.1245,BID
1443137387,1513.19,0.1317,BID
1443137389,1513.37,0.002,BID
1443137390,1513.56,0.095,BID
1443137390,1513.57,1.7074,BID
1443137390,1513.58,3.5826,BID
1443137392,1513.58,25.5623,BID
1443137392,1513.58,1.18,BID
1443137393,1513.58,0.6607,BID
1443137398,1513.58,5.5454,BID
1443137399,1513.58,0.6607,BID
1443137401,1513.58,0.01,BID
1443137406,1513.58,5.1447,BID
1443137408,1513.58,0.5,BID
1443137411,1513.58,0.5,BID
1443137412,1513.58,0.01,BID
1443137415,1513.58,0.03,BID
1443137420,1513.58,0.01,BID
1443137421,1513.58,0.295,BID
1443137422,1513.58,5.8548,BID
1443137429,1513.58,0.01,BID
1443137430,1513.58,0.05,BID
1443137438,1513.58,0.01,BID
1443137444,1513.58,0.01,BID
1443137456,1513.19,0.3019,BID
1443137456,1513.19,0.5,BID
1443137457,1513.19,0.1,BID
1443137457,1513.19,0.01,BID
1443137458,1513.19,0.05,BID
1443137460,1513.19,0.5,BID
1443137461,1513.19,0.1,BID
1443137463,1513.19,0.1,BID
1443137463,1513.19,0.5,BID
1443137463,1513.19,3.8381,BID
1443137466,1513.58,0.5,BID
1443137469,1513.58,0.5,BID
1443137470,1513.58,40.5,BID
1443137473,1513.58,0.01,BID
1443137479,1513.58,0.01,BID
1443137485,1513.58,0.01,BID
1443137493,1513.58,0.01,BID
1443137500,1513.58,0.01,BID
1443137506,1513.58,0.5,BID
1443137507,1513.57,16.59,BID
1443137510,1513.58,0.01,BID
1443137510,1513.58,0.5,BID
1443137517,1513.58,0.01,BID
1443137523,1513.59,0.01,BID
1443137531,1513.58,0.01,BID
1443137537,1513.58,0.01,BID
1443137543,1513.58,0.01,BID
1443137550,1513.58,0.01,BID
1443137553,1513.58,0.5,BID
1443137557,1513.58,0.01,BID
1443137559,1513.58,0.5,BID
1443137561,1513.58,0.018,BID
1443137564,1513.58,0.01,BID
1443137564,1513.58,0.5,BID
1443137568,1513.58,0.5,BID
1443137571,1513.58,0.01,BID
1443137572,1513.58,0.5,BID
1443137576,1513.58,0.5,BID
1443137577,1513.58,0.01,BID
1443137583,1513.58,0.01,BID
1443137584,1513.58,0.044,BID
1443137588,1513.58,0.05,BID
1443137590,1513.58,0.01,BID
1443137592,1513.58,0.5,BID
1443137599,1513.29,0.01,BID
1443137601,1513.29,0.5,BID
1443137602,1513.29,0.4207,BID
1443137602,1513.29,0.05,BID
1443137605,1513.29,0.01,BID
1443137606,1513.29,0.5,BID
1443137609,1513.29,0.05,BID
1443137610,1513.29,0.5,BID
1443137611,1513.29,0.01,BID
1443137613,1513.29,0.5,BID
1443137614,1513.29,0.05,BID
1443137616,1513.29,0.5,BID
1443137617,1513.29,0.01,BID
1443137619,1513.29,0.05,BID
1443137619,1513.29,0.5,BID
1443137623,1513.29,0.5,BID
1443137624,1513.29,0.05,BID
1443137624,1513.29,0.01,BID
1443137625,1513.29,1.18,BID
1443137626,1513.29,0.5,BID
1443137631,1513.29,0.01,BID
1443137636,1513.29,0.5,BID
1443137638,1513.29,0.01,BID
1443137639,1513.29,0.221,BID
1443137640,1513.29,0.5,BID
1443137641,1513.29,0.05,BID
1443137643,1513.29,0.5,BID
1443137644,1513.29,0.01,BID
1443137644,1513.29,0.4,BID
1443137644,1513.29,0.6,BID
1443137644,1513.29,0.6,BID
1443137645,1513.29,0.2,BID
1443137645,1513.29,1.0,BID
1443137646,1513.29,0.05,BID
1443137646,1513.29,0.5,BID
1443137651,1513.29,0.01,BID
1443137651,1513.29,0.5,BID
1443137653,1513.29,0.05,BID
1443137655,1513.29,0.342,BID
1443137655,1513.29,0.5,BID
1443137656,1513.29,0.06,BID
1443137656,1513.29,0.02,BID
1443137657,1513.29,0.01,BID
1443137659,1513.29,0.05,BID
1443137659,1513.29,0.5,BID
1443137663,1513.29,0.0363,BID
1443137663,1513.37,0.002,BID
1443137663,1513.59,0.02,BID
1443137663,1513.73,0.003,BID
1443137663,1513.75,0.3451,BID
1443137664,1513.57,0.01,ASK
1443137664,1513.56,0.05,ASK
1443137665,1513.39,0.1,BID
1443137667,1513.39,5.3788,BID
1443137669,1513.39,5.5653,BID
1443137671,1513.39,0.01,BID
1443137674,1513.39,0.5,BID
1443137675,1513.39,0.0061,BID
1443137676,1513.39,0.01,BID
1443137679,1513.39,0.5,BID
1443137681,1513.39,0.01,BID
1443137682,1513.39,0.5,BID
1443137685,1513.3,0.0312,ASK
1443137685,1513.39,0.05,BID
1443137685,1513.39,0.5,BID
1443137686,1513.3,0.0516,ASK
1443137686,1513.29,0.0312,ASK
1443137687,1513.39,0.01,BID
1443137688,1513.29,0.0828,ASK
1443137689,1513.38,0.0405,BID
1443137689,1513.39,0.4595,BID
1443137689,1513.29,0.65,ASK
1443137689,1513.39,0.05,BID
1443137690,1513.39,0.0405,BID
1443137691,1513.38,0.0145,BID
1443137691,1513.39,0.1511,BID
1443137692,1513.39,0.01,BID
1443137692,1513.39,0.0887,BID
1443137698,1513.67,0.01,BID
1443137703,1513.67,0.01,BID
1443137708,1513.67,0.01,BID
1443137713,1513.67,0.01,BID
1443137719,1513.67,0.01,BID
1443137724,1513.66,0.01,BID
1443137727,1513.66,0.07,BID
1443137727,1513.67,0.05,BID
1443137727,1513.87,0.002,BID
1443137727,1513.99,0.0111,BID
1443137727,1514.0,0.3,BID
1443137727,1514.04,0.002,BID
1443137735,1514.3,0.0985,BID
1443137735,1514.64,0.004,BID
1443137735,1514.75,0.114,BID
1443137735,1514.8,2.9697,BID
1443137735,1514.8,1.8345,BID
1443137738,1514.3,0.01,ASK
1443137740,1514.3,0.01,ASK
1443137769,1514.32,0.01,ASK
1443137771,1514.87,0.002,BID
1443137870,1513.95,0.0041,ASK
1443137870,1513.96,8.0,ASK
1443137870,1513.96,10.21,ASK
1443137902,1514.97,0.01,BID
1443137902,1514.98,0.0167,BID
1443137902,1514.99,0.0033,BID
1443137903,1514.99,0.01,BID
1443137906,1514.99,0.01,BID
1443137928,1514.98,0.0097,BID
1443137940,1514.98,0.007,BID
1443137947,1514.98,0.0053,BID
1443137952,1514.98,0.01,BID
1443137961,1514.98,0.01,BID
1443137976,1514.2,5.2195,BID
1443137977,1514.2,0.5,BID
1443137977,1514.2,0.452,BID
1443137977,1514.2,0.4,BID
1443137979,1514.2,0.05,BID
1443137979,1514.2,0.01,BID
1443137981,1514.2,0.5,BID
1443137981,1514.2,0.6,BID
1443137982,1514.2,0.06,BID
1443137983,1514.2,0.132,BID
1443137984,1514.2,0.05,BID
1443137984,1514.2,0.5,BID
1443137985,1514.2,0.01,BID
1443137985,1514.2,5.8246,BID
1443137987,1514.2,0.5,BID
1443137990,1514.2,0.01,BID
1443137990,1514.2,0.5,BID
1443137994,1514.2,0.5,BID
1443137994,1514.2,0.01,BID
1443137997,1514.2,0.05,BID
1443138000,1514.2,0.01,BID
1443138003,1514.2,0.5,BID
1443138005,1514.2,0.01,BID
1443138007,1514.2,0.5,BID
1443138011,1514.2,0.01,BID
1443138013,1514.2,0.5,BID
1443138014,1514.19,3.0,BID
1443138014,1514.19,11.877,BID
1443138016,1514.2,0.01,BID
1443138016,1514.2,0.02,BID
1443138016,1514.2,0.5,BID
1443138021,1514.2,0.01,BID
1443138022,1514.2,5.4084,BID
1443138026,1514.2,0.01,BID
1443138027,1514.19,5.0,BID
1443138027,1514.19,5.512,BID
1443138029,1514.2,0.142,BID
1443138029,1514.2,0.142,BID
1443138030,1514.2,0.5,BID
1443138030,1514.2,0.142,BID
1443138030,1514.2,0.114,BID
1443138031,1514.2,0.01,BID
1443138037,1514.2,0.122,BID
1443138037,1514.2,0.01,BID
1443138038,1514.2,0.4,BID
1443138040,1514.2,0.6,BID
1443138041,1514.2,0.2,BID
1443138041,1514.2,0.5,BID
1443138041,1514.2,0.2,BID
1443138042,1514.2,0.05,BID
1443138042,1514.2,0.6,BID
1443138042,1514.12,8.0,BID
1443138042,1514.12,2.0,BID
1443138042,1514.12,3.382,BID
1443138043,1514.2,3.8359,BID
1443138043,1514.2,0.01,BID
1443138044,1514.2,0.6,BID
1443138044,1514.2,0.5,BID
1443138045,1514.2,4.0,BID
1443138046,1514.2,0.332,BID
1443138047,1514.2,0.05,BID
1443138048,1514.2,0.5,BID
1443138048,1514.2,0.01,BID
1443138050,1514.2,0.6,BID
1443138051,1514.2,1.0,BID
1443138051,1514.2,0.5,BID
1443138052,1514.2,0.05,BID
1443138052,1514.2,0.2,BID
1443138052,1514.2,0.498,BID
1443138052,1514.2,0.2,BID
1443138053,1514.2,0.6,BID
1443138054,1514.2,0.2,BID
1443138054,1514.2,0.01,BID
1443138054,1514.2,1.0,BID
1443138054,1514.2,1.0,BID
1443138054,1514.19,1.0,BID
1443138054,1514.19,4.939,BID
1443138055,1514.2,0.144,BID
1443138055,1514.2,0.5,BID
1443138056,1514.2,0.6,BID
1443138056,1514.2,0.13,BID
1443138056,1514.2,1.7152,BID
1443138057,1514.2,1.0,BID
1443138057,1514.2,0.02,BID
1443138057,1514.2,0.05,BID
1443138057,1514.2,0.2,BID
1443138058,1514.2,1.0,BID
1443138058,1514.2,0.02,BID
1443138058,1514.2,0.5,BID
1443138058,1514.2,0.6,BID
1443138058,1514.2,0.12,BID
1443138058,1514.2,0.124,BID
1443138059,1514.2,0.01,BID
1443138059,1514.2,0.0202,BID
1443138060,1514.2,0.2,BID
1443138060,1514.2,0.2,BID
1443138060,1514.2,0.083,BID
1443138060,1514.2,1.0,BID
1443138061,1514.2,1.0,BID
1443138061,1514.2,0.6,BID
1443138062,1514.2,0.7663,BID
1443138062,1514.2,0.5,BID
1443138062,1514.2,0.221,BID
1443138062,1514.2,0.1,BID
1443138063,1514.2,0.05,BID
1443138065,1514.2,0.01,BID
1443138065,1514.2,0.5,BID
1443138069,1514.2,0.5,BID
1443138070,1514.2,0.01,BID
1443138075,1514.2,0.5,BID
1443138075,1514.2,0.01,BID
1443138078,1514.2,0.5,BID
1443138081,1514.2,0.01,BID
1443138081,1514.2,0.5,BID
1443138081,1514.2,0.05,BID
1443138082,1514.07,0.02,ASK
1443138084,1514.2,0.5,BID
1443138085,1514.2,0.261,BID
1443138085,1514.2,0.1409,BID
1443138086,1514.37,0.002,BID
1443138093,1514.76,0.01,BID
1443138098,1514.76,0.01,BID
1443138102,1514.63,0.01,ASK
1443138103,1514.63,0.01,BID
1443138108,1514.76,0.01,BID
1443138114,1514.76,0.01,BID
1443138120,1514.76,0.01,BID
1443138125,1514.76,0.01,BID
1443138130,1514.76,0.01,BID
1443138131,1514.27,6.167,BID
1443138135,1514.76,0.01,BID
1443138140,1514.76,0.01,BID
1443138143,1514.76,0.01,BID
1443138143,1514.87,0.002,BID
1443138143,1514.98,0.458,BID
1443138143,1515.0,0.03,BID
1443138144,1514.99,20.443,BID
1443138145,1515.0,0.05,BID
1443138145,1515.0,0.01,BID
1443138146,1515.0,0.5,BID
1443138149,1514.26,0.0801,ASK
1443138151,1515.0,0.01,BID
1443138155,1515.0,0.16,BID
1443138156,1515.0,0.01,BID
1443138161,1515.0,0.01,BID
1443138164,1515.0,10.0,BID
1443138165,1515.0,0.02,BID
1443138167,1515.0,0.01,BID
1443138172,1514.99,0.05,BID
1443138172,1514.99,0.01,BID
1443138175,1514.67,0.0475,ASK
1443138176,1514.65,0.3525,BID
1443138178,1514.98,0.01,BID
1443138180,1514.98,0.016,BID
1443138180,1514.98,0.0113,BID
1443138180,1514.99,0.44,BID
1443138180,1514.99,0.08,BID
1443138180,1514.99,0.0143,BID
1443138180,1515.0,4.4975,BID
1443138180,1515.0,0.3,BID
1443138180,1515.0,3.5234,BID
1443138182,1515.0,0.5,BID
1443138183,1515.0,0.01,BID
1443138183,1514.68,0.01,ASK
1443138183,1514.65,0.348,ASK
1443138185,1515.0,0.5,BID
1443138188,1515.0,0.01,BID
1443138190,1515.0,0.5,BID
1443138194,1515.0,0.01,BID
1443138195,1515.0,0.5,BID
1443138199,1515.0,0.01,BID
1443138204,1515.0,0.01,BID
1443138209,1515.0,0.01,BID
1443138214,1515.0,0.01,BID
1443138223,1514.99,0.01,BID
1443138228,1514.99,0.01,BID
1443138233,1514.99,0.01,BID
1443138238,1514.99,0.01,BID
1443138242,1514.99,0.46,BID
1443138242,1515.0,0.04,BID
1443138244,1515.0,0.01,BID
1443138245,1515.0,0.5,BID
1443138248,1515.0,0.5,BID
1443138250,1515.0,0.01,BID
1443138255,1515.0,0.01,BID
1443138258,1514.64,0.0928,ASK
1443138261,1515.0,0.01,BID
1443138266,1515.0,0.01,BID
1443138266,1515.0,0.5,BID
1443138267,1514.99,8.0,BID
1443138267,1514.99,12.632,BID
1443138270,1515.0,0.5,BID
1443138271,1515.0,0.01,BID
1443138279,1515.0,0.01,BID
1443138284,1515.0,0.01,BID
1443138291,1515.0,0.01,BID
1443138292,1515.0,5.4897,BID
1443138295,1515.0,0.6,ASK
1443138295,1515.0,0.4,ASK
1443138295,1515.0,0.6,ASK
1443138296,1515.15,0.004,BID
1443138296,1515.15,0.006,BID
1443138296,1515.0,0.65,ASK
1443138297,1515.0,0.65,ASK
1443138298,1515.0,0.65,ASK
1443138299,1515.0,0.65,ASK
1443138300,1515.0,0.65,ASK
1443138300,1515.14,17.0,ASK
1443138300,1515.14,5.986,ASK
1443138301,1515.15,0.01,BID
1443138301,1515.0,0.65,ASK
1443138303,1515.0,0.65,ASK
1443138304,1515.01,0.0126,ASK
1443138304,1515.01,0.115,ASK
1443138304,1515.0,0.5224,ASK
1443138305,1515.0,0.65,ASK
1443138306,1515.01,21.154,ASK
1443138306,1515.15,0.01,BID
1443138311,1515.14,0.01,BID
1443138316,1515.14,0.0007,BID
1443138316,1515.15,0.0093,BID
1443138322,1515.15,0.01,BID
1443138323,1515.01,0.08,ASK
1443138323,1515.0,0.04,ASK
1443138324,1515.0,0.0406,ASK
1443138327,1515.0,0.01,BID
1443138329,1515.0,0.0294,BID
1443138329,1515.15,0.0206,BID
1443138333,1515.15,0.01,BID
1443138338,1515.09,0.01,BID
1443138344,1515.09,0.01,BID
1443138349,1515.09,0.005,BID
1443138349,1515.09,0.005,BID
1443138354,1514.31,0.013,ASK
1443138355,1515.09,0.005,BID
1443138355,1515.09,0.005,BID
1443138361,1515.09,0.005,BID
1443138361,1515.09,0.005,BID
1443138365,1515.0,0.11,ASK
1443138366,1515.09,0.005,BID
1443138366,1515.09,0.01,BID
1443138366,1515.1,0.485,BID
1443138366,1515.1,0.01,BID
1443138366,1515.01,0.0601,ASK
1443138366,1515.01,0.037,ASK
1443138366,1515.0,0.5529,ASK
1443138367,1515.0,5.4067,ASK
1443138367,1515.0,0.65,ASK
1443138368,1515.0,0.65,ASK
1443138369,1515.01,0.015,ASK
1443138369,1515.0,0.635,ASK
1443138370,1515.01,0.0196,ASK
1443138370,1515.0,0.6304,ASK
1443138371,1515.1,0.005,BID
1443138371,1515.15,0.005,BID
1443138374,1515.0,11.6325,ASK
1443138374,1514.72,1.0,ASK
1443138376,1514.99,0.01,BID
1443138378,1514.99,0.05,BID
1443138379,1514.99,0.59,BID
1443138382,1515.15,0.01,BID
1443138382,1515.01,0.095,ASK
1443138382,1515.0,0.05,ASK
1443138382,1515.0,0.0043,ASK
1443138383,1515.0,0.05,ASK
1443138384,1515.0,0.05,ASK
1443138385,1515.0,0.5357,ASK
1443138387,1514.99,0.01,BID
1443138389,1514.99,0.05,BID
1443138391,1514.99,0.5,BID
1443138391,1514.99,0.0257,BID
1443138391,1514.99,0.0543,BID
1443138391,1514.72,1.0,ASK
1443138392,1514.72,0.01,BID
1443138392,1514.72,0.0893,BID
1443138395,1514.98,0.01,BID
1443138395,1514.98,0.0166,BID
1443138395,1514.99,0.4734,BID
1443138396,1514.98,0.05,BID
1443138398,1514.98,0.01,BID
1443138404,1514.98,0.01,BID
1443138413,1514.99,0.01,BID
1443138418,1514.99,0.01,BID
1443138423,1514.99,0.01,BID
1443138426,1514.99,0.028,BID
1443138426,1515.15,0.022,BID
1443138429,1515.15,0.01,BID
1443138432,1514.83,0.05,BID
1443138433,1514.83,0.6601,BID
1443138433,1514.83,0.01,BID
1443138434,1514.83,0.6601,BID
1443138435,1514.83,0.6601,BID
1443138437,1514.83,0.05,BID
1443138437,1514.83,0.6601,BID
1443138437,1514.83,0.5,BID
1443138438,1514.83,0.6601,BID
1443138439,1514.83,0.6601,BID
1443138440,1514.83,0.01,BID
1443138440,1514.83,0.6601,BID
1443138441,1514.83,0.6601,BID
1443138441,1514.83,0.5,BID
1443138442,1514.83,0.6601,BID
1443138443,1514.83,0.6601,BID
1443138443,1514.81,0.326,ASK
1443138444,1514.83,0.07,BID
1443138444,1514.83,0.6601,BID
1443138444,1514.83,0.05,BID
1443138444,1514.83,0.5,BID
1443138444,1514.83,0.463,BID
1443138444,1514.83,0.463,BID
1443138445,1514.83,0.01,BID
1443138445,1514.83,0.6601,BID
1443138446,1514.81,0.6601,BID
1443138447,1514.81,0.0139,BID
1443138447,1514.83,0.4861,BID
1443138449,1514.83,0.05,BID
1443138450,1514.83,0.01,BID
1443138450,1514.83,0.6601,BID
1443138451,1514.83,0.5,BID
1443138451,1514.83,0.6601,BID
1443138454,1514.83,0.05,BID
1443138454,1514.83,0.5,BID
1443138455,1514.83,0.01,BID
1443138457,1514.82,0.095,BID
1443138457,1514.83,0.405,BID
1443138458,1514.83,0.095,BID
1443138459,1514.83,0.05,BID
1443138460,1514.83,0.08,BID
1443138460,1514.83,0.01,BID
1443138461,1514.83,0.5,BID
1443138464,1514.83,0.5,BID
1443138464,1514.83,0.05,BID
1443138466,1514.83,0.01,BID
1443138467,1514.83,0.5,BID
1443138468,1514.83,0.05,BID
1443138470,1514.83,2.0,BID
1443138472,1514.83,0.5,BID
1443138472,1514.83,0.01,BID
1443138474,1514.83,0.261,BID
1443138475,1514.83,0.05,BID
1443138475,1514.83,0.5,BID
1443138475,1514.83,0.26,BID
1443138478,1514.83,0.01,BID
1443138478,1514.83,1.0,BID
1443138478,1514.83,1.0,BID
1443138478,1514.83,0.5,BID
1443138479,1514.83,1.0,BID
1443138480,1514.83,0.05,BID
1443138481,1514.83,0.315,BID
1443138481,1514.83,0.315,BID
1443138481,1514.83,0.02,BID
1443138482,1514.83,0.5,BID
1443138483,1514.83,0.01,BID
1443138485,1514.83,0.5,BID
1443138485,1514.83,0.05,BID
1443138488,1514.83,0.5,BID
1443138488,1514.83,0.01,BID
1443138491,1514.83,0.05,BID
1443138492,1514.72,1.0,ASK
1443138492,1514.72,0.592,ASK
1443138492,1514.72,0.0266,BID
1443138494,1514.71,0.01,BID
1443138494,1514.71,0.5,BID
1443138495,1514.71,0.14,BID
1443138495,1514.72,0.099,BID
1443138499,1514.82,0.01,BID
1443138500,1514.82,0.0705,BID
1443138500,1514.82,0.0803,BID
1443138500,1514.83,0.3492,BID
1443138501,1514.72,0.3463,ASK
1443138501,1514.72,0.65,ASK
1443138502,1514.83,0.05,BID
1443138504,1514.71,0.05,BID
1443138504,1514.71,0.5,BID
1443138505,1514.71,0.1,BID
1443138506,1514.82,0.01,BID
1443138507,1514.82,0.0258,BID
1443138507,1514.82,0.05,BID
1443138507,1514.83,0.4242,BID
1443138507,1514.83,0.05,BID
1443138511,1514.83,0.5,BID
1443138511,1514.83,0.01,BID
1443138512,1514.83,0.05,BID
1443138514,1514.83,0.0577,BID
1443138514,1514.83,0.5,BID
1443138516,1514.83,0.01,BID
1443138517,1514.83,0.05,BID
1443138517,1514.83,0.5,BID
1443138521,1514.83,0.5,BID
1443138521,1514.83,0.01,BID
1443138523,1514.83,0.05,BID
1443138527,1514.83,0.01,BID
1443138528,1514.83,0.0944,BID
1443138528,1514.87,0.002,BID
1443138530,1515.1,0.5,BID
1443138532,1515.06,0.0036,ASK
1443138532,1515.06,0.01,BID
1443138537,1515.1,0.01,BID
1443138539,1515.1,0.5,BID
1443138541,1515.01,0.08,ASK
1443138542,1515.0,0.01,BID
1443138547,1514.74,0.0993,ASK
1443138547,1514.73,0.0325,ASK
1443138547,1514.72,0.0082,ASK
1443138550,1515.0,0.01,BID
1443138556,1515.0,0.01,BID
1443138561,1515.0,0.01,BID
1443138564,1514.99,0.0993,BID
1443138564,1515.0,0.04,BID
1443138564,1515.09,0.0325,BID
1443138564,1515.1,0.3282,BID
1443138565,1514.73,0.0321,ASK
1443138565,1514.72,0.6418,ASK
1443138565,1514.67,0.002,ASK
1443138565,1514.61,0.122,ASK
1443138565,1514.6,4.6164,ASK
1443138567,1515.1,0.01,BID
1443138567,1515.09,0.0331,BID
1443138567,1515.1,0.4669,BID
1443138569,1514.62,0.0425,ASK
1443138570,1514.61,0.0025,ASK
1443138570,1514.61,0.0306,ASK
1443138570,1514.61,0.0425,ASK
1443138570,1514.6,1.953,ASK
1443138571,1514.6,0.0306,ASK
1443138571,1514.37,0.002,ASK
1443138571,1514.24,0.6604,ASK
1443138571,1514.12,4.8644,ASK
1443138574,1514.24,0.01,BID
1443138574,1514.24,0.2,BID
1443138575,1514.24,0.4,BID
1443138576,1514.59,0.1037,BID
1443138576,1514.6,0.3963,BID
1443138577,1514.67,0.01,ASK
1443138577,1514.61,0.095,ASK
1443138577,1514.28,0.2,ASK
1443138577,1514.12,6.5515,ASK
1443138577,1514.67,0.0183,ASK
1443138586,1514.83,1.5,ASK
1443138586,1514.83,0.6,ASK
1443138586,1514.83,0.4,ASK
1443138588,1514.83,0.6,ASK
1443138589,1514.83,0.6,ASK
1443138590,1514.83,1.5,ASK
1443138593,1514.83,1.5,ASK
1443138594,1514.83,0.65,ASK
1443138595,1514.83,0.65,ASK
1443138596,1514.83,1.5,ASK
1443138597,1514.83,0.65,ASK
1443138598,1514.83,0.65,ASK
1443138599,1514.83,0.65,ASK
1443138600,1514.83,1.25,ASK
1443138603,1514.82,0.01,BID
1443138604,1514.82,0.5,BID
1443138610,1514.82,0.01,BID
1443138617,1514.82,0.01,BID
1443138657,1514.27,0.06,ASK
1443138693,1514.81,0.0025,BID
1443138709,1514.81,0.04,ASK
1443138710,1514.81,0.65,ASK
1443138711,1514.81,0.65,ASK
1443138711,1514.81,5.0707,ASK
1443138713,1514.81,0.65,ASK
1443138714,1514.81,0.65,ASK
1443138715,1514.81,0.65,ASK
1443138716,1514.81,0.65,ASK
1443138717,1514.81,0.65,ASK
1443138718,1514.81,0.65,ASK
1443138719,1514.81,0.65,ASK
1443138720,1514.81,0.65,ASK
1443138721,1514.81,0.65,ASK
1443138722,1514.81,0.65,ASK
1443138723,1514.81,0.0393,ASK
1443138743,1514.8,0.3292,BID
1443138798,1514.28,0.0993,ASK
1443138798,1514.27,0.0107,ASK
1443138799,1514.27,0.0493,ASK
1443138802,1514.27,0.0107,BID
1443138803,1514.77,0.01,ASK
1443138803,1514.64,0.0393,ASK
1443138804,1514.06,0.3098,ASK
1443138804,1514.06,0.0501,ASK
1443138804,1514.05,0.4501,ASK
1443138804,1514.23,0.95,BID
1443138805,1514.23,0.0007,BID
1443138808,1514.64,0.028,BID
1443138819,1514.78,0.0993,BID
1443138819,1514.79,0.0466,BID
1443138819,1514.8,0.2815,BID
1443138819,1514.8,0.0726,BID
1443138822,1514.79,0.028,BID
1443138822,1514.8,0.472,BID
1443138823,1514.79,9.0,BID
1443138823,1514.79,4.538,BID
1443138845,1514.8,0.1054,BID
1443138845,1514.82,0.12,BID
1443138845,1514.87,0.002,BID
1443138845,1514.95,0.003,BID
1443138845,1514.99,0.0501,BID
1443138845,1515.0,0.2195,BID
1443138850,1514.99,0.095,BID
1443138850,1515.0,0.405,BID
1443138856,1515.0,0.5,BID
1443138859,1515.0,0.5,BID
1443138863,1515.0,0.3755,BID
1443138863,1515.1,0.1245,BID
1443138985,1515.1,0.0604,BID
1443138985,1515.15,0.1071,BID
1443138985,1515.26,0.002,BID
1443138985,1515.3,0.3305,BID
1443138989,1515.3,0.5,BID
1443138992,1515.3,0.1695,BID
1443138992,1515.3,0.3305,BID
1443138995,1515.3,0.5,BID
1443138999,1515.3,0.5,BID
1443139002,1515.3,0.5,BID
1443139044,1515.3,0.01,BID
1443139064,1515.3,0.04,BID
1443139084,1514.29,0.0994,ASK
1443139084,1514.28,0.0938,ASK
1443139101,1514.82,0.05,BID
1443139105,1514.83,0.05,BID
1443139109,1514.82,0.0494,BID
1443139109,1514.83,0.0006,BID
1443139111,1514.83,0.03,BID
1443139113,1514.83,0.0394,BID
1443139113,1514.87,0.002,BID
1443139131,1515.3,0.02,BID
1443139161,1515.29,0.01,BID
1443139161,1515.3,0.01,BID
1443139193,1515.03,0.19,BID
1443139196,1515.29,1.7881,ASK
1443139222,1515.28,0.5,BID
1443139223,1515.28,0.15,BID
1443139261,1515.29,0.5,ASK
1443139261,1515.29,0.15,ASK
1443139261,1515.04,0.19,ASK
1443139269,1515.28,0.5,BID
1443139282,1515.28,0.15,BID
1443139282,1515.3,0.0895,BID
1443139282,1515.3,0.2605,BID
1443139315,1515.3,0.2395,BID
1443139315,1515.3,0.2605,BID
1443139318,1515.3,0.5,BID
1443139321,1515.3,0.5,BID
1443139325,1515.3,0.5,BID
1443139329,1515.3,0.5,BID
1443139332,1514.84,0.0324,ASK
1443139332,1514.84,0.05,ASK
1443139332,1514.84,0.1142,ASK
1443139332,1514.83,0.3182,ASK
1443139332,1515.3,0.5,BID
1443139333,1515.3,0.02,BID
1443139336,1515.3,0.5,BID
1443139339,1515.3,0.5,BID
1443139341,1515.3,0.04,BID
1443139342,1515.3,0.5,BID
1443139345,1515.3,0.5,BID
1443139348,1515.29,0.094,BID
1443139348,1515.3,0.406,BID
1443139352,1515.3,0.5,BID
1443139370,1515.3,0.02,BID
1443139388,1515.09,0.05,BID
1443139390,1515.09,0.01,BID
1443139392,1515.29,0.0324,BID
1443139392,1515.29,0.0176,BID
1443139393,1515.29,0.0324,BID
1443139393,1515.29,0.1142,BID
1443139393,1515.3,0.05,BID
1443139393,1515.3,0.1,BID
1443139394,1515.3,0.1466,BID
1443139395,1515.3,0.5,BID
1443139396,1515.3,0.6599,BID
1443139398,1515.3,0.6599,BID
1443139399,1515.3,0.5,BID
1443139399,1515.3,0.6599,BID
1443139400,1515.3,0.6599,BID
1443139401,1515.12,1.0,BID
1443139401,1515.12,13.814,BID
1443139401,1515.3,0.3173,BID
1443139419,1515.31,0.01,ASK
1443139421,1515.31,0.01,ASK
1443139440,1515.31,0.158,ASK
1443139441,1515.31,0.1646,ASK
1443139441,1515.31,0.4854,ASK
1443139442,1515.31,0.1745,ASK
1443139459,1515.11,0.0993,ASK
1443139459,1515.1,0.0007,ASK
1443139460,1515.22,0.01,BID
1443139545,1515.21,0.0027,BID
1443139569,1515.22,0.0073,BID
1443139624,1515.11,0.05,ASK
1443139624,1514.95,0.001,ASK
1443139624,1514.85,0.0302,ASK
1443139624,1514.85,0.0324,ASK
1443139624,1514.85,0.134,ASK
1443139624,1514.85,0.095,ASK
1443139624,1514.85,0.112,ASK
1443139624,1514.84,9.5454,ASK
1443139630,1515.1,0.05,BID
1443139640,1515.22,0.0827,BID
1443139640,1515.29,0.4173,BID
1443139642,1515.21,0.05,BID
1443139664,1515.27,0.0466,BID
1443139664,1515.28,0.0351,BID
1443139664,1515.29,0.4183,BID
1443139726,1515.29,0.02,BID
1443139727,1515.29,0.0343,BID
1443139727,1515.29,0.0401,BID
1443139727,1515.3,0.4256,BID
1443139729,1515.3,0.0744,BID
1443139730,1515.3,0.6599,BID
1443139731,1515.3,0.6599,BID
1443139732,1515.29,0.0671,BID
1443139732,1515.3,0.1802,BID
1443139733,1515.32,0.1534,BID
1443139733,1515.37,0.002,BID
1443139733,1515.37,0.001,BID
1443139733,1515.49,0.095,BID
1443139733,1515.5,0.2486,BID
1443139734,1515.49,7.0,BID
1443139734,1515.49,7.348,BID
1443139763,1515.33,0.09,ASK
1443139766,1515.49,0.09,BID
1443139766,1515.5,1.8955,BID
1443139779,1515.51,0.6598,ASK
1443139779,1515.5,5.6258,ASK
1443139780,1515.5,0.65,ASK
1443139827,1515.51,0.095,ASK
1443139827,1515.5,2.045,ASK
1443139860,1515.51,0.0993,ASK
1443139878,1515.5,0.022,ASK
1443140089,1515.87,0.002,BID
1443140089,1515.99,0.3,BID
1443140089,1516.0,0.3,BID
1443140089,1516.02,0.005,BID
1443140089,1516.27,0.095,BID
1443140089,1516.33,0.002,BID
1443140089,1516.37,6.296,BID
1443140100,1515.52,0.0122,ASK
1443140113,1515.52,0.0403,ASK
1443140113,1515.52,0.095,ASK
1443140113,1515.51,1.0505,ASK
1443140113,1515.51,0.0941,ASK
1443140113,1515.51,0.0499,ASK
1443140113,1515.5,4.3013,ASK
1443140170,1515.51,5.4579,ASK
1443140170,1515.51,4.5805,ASK
1443140186,1515.54,0.1,ASK
1443140190,1515.54,0.01,ASK
1443140195,1515.54,0.01,ASK
1443140230,1515.56,0.01,ASK
1443140292,1515.58,0.1,ASK
1443140294,1515.9,0.03,BID
1443140294,1515.91,0.5,BID
1443140295,1515.93,0.0993,ASK
1443140295,1515.93,0.01,ASK
1443140295,1515.93,0.5,ASK
1443140296,1515.93,4.493,ASK
1443140296,1515.93,0.4,ASK
1443140296,1515.93,0.6,ASK
1443140296,1515.93,0.6,ASK
1443140297,1515.93,0.01,ASK
1443140297,1515.93,0.5,ASK
1443140297,1515.93,0.01,ASK
1443140298,1515.93,0.65,ASK
1443140298,1515.93,0.01,ASK
1443140299,1515.93,0.5,ASK
1443140300,1515.93,0.33,ASK
1443140300,1515.93,0.65,ASK
1443140301,1515.93,0.01,ASK
1443140301,1515.93,0.65,ASK
1443140302,1515.93,0.5,ASK
1443140302,1515.93,0.65,ASK
1443140302,1515.93,0.1,ASK
1443140303,1515.93,0.65,ASK
1443140303,1515.93,0.65,ASK
1443140304,1515.93,0.5,ASK
1443140304,1515.93,0.01,ASK
1443140304,1515.93,0.65,ASK
1443140304,1515.93,0.01,ASK
1443140305,1515.93,0.1,ASK
1443140305,1515.93,0.65,ASK
1443140305,1515.93,0.5,ASK
1443140306,1515.93,0.65,ASK
1443140306,1515.93,0.5,ASK
1443140306,1515.93,0.01,ASK
1443140307,1515.93,0.65,ASK
1443140308,1515.93,0.5,ASK
1443140308,1515.93,0.01,ASK
1443140308,1515.93,0.65,ASK
1443140308,1515.93,0.06,ASK
1443140309,1515.93,0.65,ASK
1443140309,1515.93,0.01,ASK
1443140310,1515.93,0.5,ASK
1443140310,1515.93,0.65,ASK
1443140311,1515.93,0.65,ASK
1443140311,1515.93,0.5,ASK
1443140311,1515.93,0.01,ASK
1443140311,1515.93,0.99,ASK
1443140312,1515.93,0.65,ASK
1443140312,1515.93,0.01,ASK
1443140313,1515.93,0.5,ASK
1443140313,1515.93,0.01,ASK
1443140313,1515.93,0.65,ASK
1443140314,1515.93,0.65,ASK
1443140315,1515.93,0.01,ASK
1443140315,1515.93,0.5,ASK
1443140315,1515.93,0.65,ASK
1443140316,1515.93,0.65,ASK
1443140316,1515.93,0.01,ASK
1443140317,1515.93,0.5,ASK
1443140317,1515.93,0.6039,ASK
1443140325,1515.57,0.016,ASK
1443140325,1515.57,0.014,ASK
1443140326,1515.57,0.0994,BID
1443140326,1515.57,0.3706,BID
1443140333,1515.56,0.28,ASK
1443140333,1515.56,0.5484,ASK
1443140364,1515.54,5.718,ASK
1443140373,1515.6,10.4015,ASK
1443140374,1515.6,5.3196,ASK
1443140375,1515.6,0.01,ASK
1443140376,1515.6,5.5997,ASK
1443140377,1515.6,0.01,ASK
1443140379,1515.6,0.01,ASK
1443140379,1515.6,0.133,ASK
1443140380,1515.6,0.01,ASK
1443140380,1515.6,3.2932,ASK
1443140383,1515.54,4.282,ASK
1443140383,1515.5,1.1393,ASK
1443140386,1515.5,0.01,ASK
1443140387,1515.5,0.506,ASK
1443140387,1515.5,0.01,ASK
1443140388,1515.5,0.438,ASK
1443140388,1515.5,0.01,ASK
1443140389,1515.5,0.65,ASK
1443140389,1515.5,4.881,ASK
1443140389,1515.5,0.65,ASK
1443140390,1515.5,0.65,ASK
1443140391,1515.5,0.65,ASK
1443140392,1515.5,0.65,ASK
1443140393,1515.5,0.01,ASK
1443140394,1515.5,0.6,ASK
1443140394,1515.5,0.6,ASK
1443140394,1515.5,0.4,ASK
1443140394,1515.5,0.4,ASK
1443140394,1515.5,0.5,ASK
1443140397,1515.5,0.01,ASK
1443140398,1515.5,8.231,ASK
1443140398,1515.5,5.4155,ASK
1443140400,1515.5,0.01,ASK
1443140406,1515.5,4.5745,ASK
1443140406,1515.37,0.002,ASK
1443140406,1515.52,0.01,BID
1443140423,1515.35,0.006,ASK
1443140431,1515.05,0.002,ASK
1443140437,1515.0,0.01,ASK
1443140439,1515.0,0.01,ASK
1443140442,1515.0,0.01,ASK
1443140444,1515.0,0.01,ASK
1443140445,1515.0,0.01,ASK
1443140446,1515.0,0.01,ASK
1443140448,1515.0,0.01,ASK
1443140449,1515.0,0.01,ASK
1443140452,1515.0,0.01,ASK
1443140453,1515.0,0.01,ASK
1443140454,1515.0,0.01,ASK
1443140455,1515.0,0.19,ASK
1443140456,1514.85,0.001,ASK
1443140513,1515.35,0.01,BID
1443140513,1515.37,0.002,BID
1443140513,1515.52,0.003,BID
1443140513,1515.52,0.0325,BID
1443140513,1515.53,0.6495,BID
1443140513,1515.53,0.0005,BID
1443140514,1515.53,0.0325,ASK
1443140520,1515.53,0.01,ASK
1443140523,1515.53,0.01,ASK
1443140526,1515.53,0.01,ASK
1443140528,1515.53,0.01,ASK
1443140533,1515.53,0.01,ASK
1443140544,1515.77,0.025,BID
1443140545,1515.78,0.025,BID
1443140547,1515.77,0.025,ASK
1443140547,1515.77,0.049,ASK
1443140575,1515.76,0.074,BID
1443140580,1515.78,0.0504,BID
1443140580,1515.79,0.0193,BID
1443140580,1515.79,0.0485,BID
1443140580,1515.79,0.0287,BID
1443140580,1515.79,0.095,BID
1443140580,1515.8,0.0841,BID
1443140581,1515.54,3.0,BID
1443140581,1515.54,4.0,BID
1443140581,1515.54,2.671,BID
1443140581,1515.79,0.0504,ASK
1443140596,1515.54,0.01,ASK
1443140603,1515.76,0.01,BID
1443140615,1515.76,0.01,BID
1443140621,1515.75,0.01,BID
1443140677,1515.8,0.13,BID
1443140679,1515.53,0.01,ASK
1443140680,1515.54,0.02,ASK
1443140682,1515.53,0.01,ASK
1443140686,1515.53,0.01,ASK
1443140688,1515.53,0.01,ASK
1443140693,1515.53,0.01,ASK
1443140716,1515.55,0.051,ASK
1443140716,1515.54,1.02,ASK
1443140716,1515.53,0.062,ASK
1443140730,1515.36,0.0851,ASK
1443140731,1515.36,0.0099,ASK
1443140731,1515.36,0.1042,ASK
1443140731,1515.36,0.0414,ASK
1443140731,1515.35,0.0851,ASK
1443140732,1515.35,0.2406,ASK
1443140753,1515.35,0.7206,ASK
1443140753,1515.35,0.6,ASK
1443140753,1515.35,0.3537,ASK
1443140753,1515.35,0.0463,ASK
1443140753,1515.35,0.6,ASK
1443140754,1515.35,0.65,ASK
1443140756,1515.35,0.339,ASK
1443140756,1515.35,0.01,ASK
1443140757,1515.35,0.0547,ASK
1443140780,1514.88,0.01,ASK
1443140804,1514.88,0.4,ASK
1443140808,1514.88,0.9445,ASK
1443140829,1515.29,0.019,BID
1443140829,1515.3,0.38,BID
1443140831,1515.3,0.2609,ASK
1443140835,1515.15,0.01,BID
1443140835,1515.28,0.0261,BID
1443140835,1515.29,0.0001,BID
1443140835,1515.29,0.261,BID
1443140835,1515.29,0.261,BID
1443140835,1515.3,0.01,BID
1443140835,1515.34,0.1111,BID
1443140840,1515.34,0.0341,BID
1443140840,1515.34,0.0659,ASK
1443140844,1515.29,0.0659,BID
1443140848,1515.29,0.5,ASK
1443140848,1515.29,0.0021,ASK
1443140855,1515.24,0.1,BID
1443140855,1515.29,0.116,BID
1443140855,1515.37,0.002,BID
1443140857,1515.37,0.696,ASK
1443140857,1515.37,0.2019,ASK
1443140859,1515.16,0.1053,BID
1443140859,1515.27,0.0647,BID
1443140865,1514.88,0.392,ASK
1443140866,1515.27,0.1053,BID
1443140868,1514.88,0.0063,ASK
1443140870,1514.88,0.01,ASK
1443140884,1514.88,0.898,ASK
1443140886,1514.88,0.188,ASK
1443140894,1514.88,0.403,ASK
1443140911,1515.14,0.001,ASK
1443140912,1515.07,0.009,BID
1443140914,1515.36,0.0138,BID
1443140915,1515.37,0.275,BID
1443140915,1515.37,0.002,BID
1443140915,1515.48,0.095,BID
1443140915,1515.48,0.1261,BID
1443140915,1515.49,2.88,BID
1443140915,1515.49,0.0116,BID
1443140915,1515.5,2.867,BID
1443140916,1515.5,0.0138,ASK
1443140920,1515.25,0.05,BID
1443140920,1515.34,0.4362,BID
1443140922,1514.9,0.01,ASK
1443140923,1514.9,0.01,ASK
1443140926,1515.0,0.01,ASK
1443140926,1515.14,0.0066,BID
1443140926,1515.34,0.05,BID
1443140926,1515.35,0.02,BID
1443140926,1515.37,0.002,BID
1443140928,1515.37,0.01,ASK
1443140937,1515.0,0.01,ASK
1443140939,1515.01,0.01,ASK
1443140941,1515.01,0.01,ASK
1443140943,1515.01,0.01,ASK
1443140944,1515.01,0.01,ASK
1443140946,1515.01,0.01,ASK
1443140951,1515.37,0.0065,BID
1443140977,1515.01,0.01,ASK
1443140979,1515.01,0.01,ASK
1443140980,1515.01,0.01,ASK
1443140984,1515.01,0.01,ASK
1443140992,1515.01,0.006,ASK
1443140992,1515.0,0.004,ASK
1443140999,1515.0,0.01,ASK
1443141011,1515.0,0.01,ASK
1443141012,1515.0,0.01,ASK
1443141015,1515.0,0.388,ASK
1443141017,1515.36,0.096,BID
1443141017,1515.37,0.002,BID
1443141019,1515.37,1.0,ASK
1443141019,1515.37,0.794,ASK
1443141019,1515.37,0.226,ASK
1443141019,1515.01,0.1429,ASK
1443141019,1515.0,0.2509,ASK
1443141035,1515.01,0.0337,ASK
1443141035,1515.0,1.9663,ASK
1443141069,1515.48,0.01,BID
1443141069,1515.48,0.134,BID
1443141069,1515.49,2.736,BID
1443141071,1515.02,18.0,BID
1443141071,1515.02,0.954,BID
1443141081,1515.01,0.001,ASK
1443141086,1515.01,0.095,ASK
1443141086,1515.0,0.095,ASK
1443141098,1515.0,0.01,ASK
1443141098,1515.0,0.1596,ASK
1443141104,1515.0,0.01,ASK
1443141105,1515.0,0.01,ASK
1443141107,1515.0,0.01,ASK
1443141111,1515.0,0.01,ASK
1443141122,1515.0,0.02,ASK
1443141129,1515.0,0.01,ASK
1443141136,1515.0,0.01,ASK
1443141140,1515.42,0.141,BID
1443141142,1515.42,0.5,ASK
1443141143,1515.42,0.01,ASK
1443141143,1515.42,1.0,ASK
1443141143,1515.42,1.0,ASK
1443141143,1515.42,1.0,ASK
1443141143,1515.42,0.4,ASK
1443141143,1515.42,0.2,ASK
1443141143,1515.42,0.116,ASK
1443141143,1515.42,0.1159,ASK
1443141143,1515.42,0.116,ASK
1443141143,1515.42,0.116,ASK
1443141144,1515.42,0.5,ASK
1443141145,1515.42,0.1329,ASK
1443141145,1515.42,0.02,ASK
1443141146,1515.42,0.5,ASK
1443141147,1515.42,0.1678,ASK
1443141148,1515.42,0.6,ASK
1443141148,1515.42,0.5,ASK
1443141148,1515.42,0.07,ASK
1443141148,1515.42,0.01,ASK
1443141149,1515.42,0.6312,ASK
1443141150,1515.42,0.141,ASK
1443141150,1515.42,0.1881,ASK
1443141150,1515.42,0.01,ASK
1443141150,1515.42,0.241,ASK
1443141152,1515.42,0.0947,ASK
1443141153,1515.42,0.1388,ASK
1443141155,1515.42,0.0142,ASK
1443141155,1515.42,0.07,ASK
1443141156,1515.47,3.0,ASK
1443141156,1515.47,3.536,ASK
1443141156,1515.42,0.1,ASK
1443141156,1515.42,0.0638,ASK
1443141162,1515.01,0.144,ASK
1443141162,1515.0,0.104,ASK
1443141163,1515.0,0.1925,ASK
1443141163,1515.0,0.0555,ASK
1443141163,1515.0,0.308,ASK
1443141194,1515.37,0.002,BID
1443141194,1515.39,0.0214,BID
1443141194,1515.39,0.0312,BID
1443141194,1515.39,0.144,BID
1443141194,1515.4,2.6814,BID
1443141210,1514.87,0.01,ASK
1443141214,1514.87,0.002,ASK
1443141214,1514.85,0.003,ASK
1443141214,1514.81,0.005,BID
1443141220,1514.89,0.01,ASK
1443141224,1514.89,0.01,ASK
1443141227,1514.89,0.01,ASK
1443141228,1514.89,0.01,ASK
1443141234,1514.89,0.01,ASK
1443141237,1514.89,0.4,ASK
1443141237,1514.89,0.489,ASK
1443141237,1514.89,0.3762,ASK
1443141241,1514.65,0.01,ASK
1443141243,1514.65,0.05,ASK
1443141243,1514.55,0.002,ASK
1443141243,1514.5,0.437,ASK
1443141243,1514.5,0.113,ASK
1443141243,1514.5,0.54,ASK
1443141246,1514.8,0.087,ASK
1443141246,1514.5,0.402,ASK
1443141246,1514.5,0.01,ASK
1443141248,1514.5,0.01,ASK
1443141249,1514.5,0.01,ASK
1443141251,1514.5,0.01,ASK
1443141253,1514.5,0.4,ASK
1443141259,1514.5,0.01,ASK
1443141261,1514.5,0.01,ASK
1443141262,1514.5,0.01,ASK
1443141264,1514.5,0.01,ASK
1443141265,1514.5,0.008,ASK
1443141302,1514.99,0.0127,BID
1443141334,1514.34,0.01,ASK
1443141359,1514.97,0.01,BID
1443141397,1514.96,0.88,BID
1443141397,1514.97,3.7045,BID
1443141397,1514.97,0.5,ASK
1443141399,1514.97,0.6,ASK
1443141399,1514.97,0.4,ASK
1443141399,1514.97,1.0,ASK
1443141399,1514.97,0.5,ASK
1443141399,1514.97,0.01,ASK
1443141400,1514.97,0.0154,ASK
1443141402,1514.97,0.01,ASK
1443141405,1514.97,0.2,ASK
1443141405,1514.97,0.1,ASK
1443141406,1514.97,0.083,ASK
1443141406,1514.97,0.01,ASK
1443141406,1514.97,0.051,ASK
1443141408,1514.97,0.051,ASK
1443141408,1514.97,0.01,ASK
1443141409,1514.97,0.01,ASK
1443141410,1514.97,0.051,ASK
1443141411,1514.97,0.01,ASK
1443141413,1514.97,0.6,ASK
1443141413,1514.97,0.889,ASK
1443141415,1514.97,0.07,ASK
1443141416,1514.97,0.01,ASK
1443141418,1514.97,0.01,ASK
1443141419,1514.97,0.021,ASK
1443141419,1514.97,11.4041,ASK
1443141435,1514.96,0.5,BID
1443141435,1514.97,3.8127,BID
1443141465,1514.96,0.01,ASK
1443141469,1514.97,0.0761,BID
1443141471,1514.97,0.6601,BID
1443141472,1514.97,0.6601,BID
1443141473,1514.97,0.6601,BID
1443141474,1514.96,0.01,ASK
1443141474,1514.97,0.6601,BID
1443141475,1514.97,0.6601,BID
1443141476,1514.97,0.6234,BID
1443141478,1514.98,0.01,ASK
1443141489,1514.98,0.0267,ASK
1443141489,1514.98,0.6601,ASK
1443141491,1514.96,0.112,ASK
1443141500,1514.87,0.002,BID
1443141500,1514.95,0.112,BID
1443141500,1514.97,7.8068,BID
1443141513,1514.87,0.48,BID
1443141513,1514.97,0.5101,BID
1443141545,1514.87,0.002,BID
1443141545,1514.97,2.51,BID
1443141574,1514.52,0.001,ASK
1443141574,1514.37,0.004,ASK
1443141574,1514.08,0.095,ASK
1443141574,1514.08,0.0498,ASK
1443141574,1514.08,0.1469,ASK
1443141574,1514.07,0.7033,ASK
1443141583,1514.07,0.21,ASK
1443141583,1514.07,0.01,ASK
1443141583,1514.07,0.0767,ASK
1443141586,1514.06,0.1993,BID
1443141586,1514.06,0.154,BID
1443141586,1514.06,0.2967,BID
1443141589,1514.07,0.27,ASK
1443141589,1514.07,0.29,ASK
1443141590,1514.07,0.09,ASK
1443141593,1514.0,0.01,ASK
1443141597,1514.0,0.01,ASK
1443141598,1514.0,0.111,ASK
1443141599,1514.0,0.169,ASK
1443141607,1513.99,0.121,BID
1443141607,1513.99,0.28,BID
1443141611,1514.05,0.01,BID
1443141612,1514.05,0.015,BID
1443141612,1514.06,0.005,BID
1443141612,1514.06,0.01,BID
1443141619,1514.0,0.401,ASK
1443141619,1513.91,0.004,ASK
1443141619,1513.66,0.14,ASK
1443141619,1513.51,0.141,ASK
1443141619,1513.37,0.03,ASK
1443141619,1513.0,0.3,ASK
1443141619,1512.7,0.008,ASK
1443141619,1512.21,0.0265,ASK
1443141640,1513.39,1.18,ASK
1443141644,1513.42,0.5,ASK
1443141644,1513.39,0.68,ASK
1443141645,1513.39,0.001,ASK
1443141653,1513.39,3.2695,ASK
1443141677,1513.38,0.01,BID
1443141678,1513.38,0.01,BID
1443141678,1513.39,0.001,BID
1443141678,1513.87,0.002,BID
1443141678,1513.96,0.0201,BID
1443141678,1513.97,0.5,BID
1443141678,1513.98,0.1366,BID
1443141678,1513.99,0.401,BID
1443141678,1513.99,1.2172,BID
1443141689,1512.51,0.001,ASK
1443141713,1512.61,0.001,BID
1443141749,1512.87,0.002,BID
1443141751,1512.93,0.0043,ASK
1443141775,1512.87,0.002,ASK
1443141785,1513.0,0.001,ASK
1443141785,1512.95,0.599,ASK
1443141787,1513.01,0.001,BID
1443141787,1513.01,0.01,ASK
1443141788,1513.02,1.0,ASK
1443141788,1513.02,12.0,ASK
1443141788,1513.02,7.642,ASK
1443141789,1513.01,0.433,ASK
1443141790,1513.01,0.35,ASK
1443141793,1513.02,0.0995,ASK
1443141793,1513.01,0.4515,ASK
1443141796,1513.01,0.001,ASK
1443141797,1513.01,0.01,ASK
1443141798,1513.01,0.198,ASK
1443141798,1513.01,0.198,ASK
1443141799,1513.01,0.01,ASK
1443141801,1513.01,0.02,ASK
1443141801,1513.01,0.01,ASK
1443141804,1513.01,0.6,ASK
1443141804,1513.01,0.4,ASK
1443141804,1513.01,0.5,ASK
1443141806,1513.01,0.6,ASK
1443141806,1513.01,0.01,ASK
1443141807,1513.01,0.5,ASK
1443141807,1513.01,0.6,ASK
1443141807,1513.01,0.01,ASK
1443141808,1513.01,0.1019,ASK
1443141810,1513.01,0.4,ASK
1443141810,1513.01,0.5,ASK
1443141813,1513.01,0.825,ASK
1443141813,1513.01,0.04,ASK
1443141813,1513.01,0.5,ASK
1443141814,1513.01,0.6,ASK
1443141814,1513.01,0.61,ASK
1443141814,1513.01,0.65,ASK
1443141814,1513.01,0.01,ASK
1443141814,1513.01,0.4,ASK
1443141815,1513.01,0.01,ASK
1443141815,1513.01,0.4416,ASK
1443141815,1513.01,0.2,ASK
1443141817,1513.0,0.0084,BID
1443141817,1513.0,0.5,BID
1443141817,1513.0,0.001,BID
1443141817,1513.0,0.65,BID
1443141818,1513.1,0.162,ASK
1443141819,1513.1,0.4,ASK
1443141819,1513.1,0.5,ASK
1443141819,1513.1,0.208,ASK
1443141819,1513.1,0.22,ASK
1443141819,1513.1,0.1019,ASK
1443141819,1513.1,0.6,ASK
1443141819,1513.1,1.0,ASK
1443141820,1513.1,0.0278,ASK
1443141820,1513.1,0.34,ASK
1443141820,1513.1,0.65,ASK
1443141820,1513.1,0.132,ASK
1443141821,1513.1,0.06,ASK
1443141821,1513.1,0.5,ASK
1443141822,1513.1,0.6,ASK
1443141822,1513.1,0.6,ASK
1443141822,1513.1,0.4,ASK
1443141823,1513.1,0.5,ASK
1443141823,1513.1,0.1019,ASK
1443141823,1513.1,0.2811,ASK
1443141824,1513.1,0.4,ASK
1443141824,1513.1,0.5382,ASK
1443141825,1512.96,0.1817,ASK
1443141825,1512.95,0.3183,ASK
1443141826,1512.95,0.083,ASK
1443141827,1512.95,0.5,ASK
1443141829,1512.95,0.5,ASK
1443141830,1512.95,0.0421,ASK
1443141830,1512.95,0.062,ASK
1443141831,1512.95,0.5,ASK
1443141838,1512.95,0.8,ASK
1443141841,1512.95,0.01,ASK
1443141847,1512.95,0.01,ASK
1443141848,1512.95,0.6,ASK
1443141848,1512.95,1.0,ASK
1443141849,1512.95,0.05,ASK
1443141851,1512.95,0.12,ASK
1443141852,1512.95,0.6,ASK
1443141852,1512.95,0.193,ASK
1443141853,1512.95,4.0126,ASK
1443141853,1512.87,0.002,ASK
1443141855,1512.7,0.05,ASK
1443141855,1512.7,0.01,ASK
1443141858,1512.7,0.1,ASK
1443141861,1512.7,0.01,ASK
1443141863,1512.7,0.7604,ASK
1443141863,1512.61,0.0216,ASK
1443141868,1512.61,0.01,ASK
1443141874,1512.61,0.01,ASK
1443141875,1512.78,0.0206,BID
1443141875,1512.79,0.5894,BID
1443141876,1512.79,0.0006,BID
1443141876,1512.79,0.02,ASK
1443141886,1512.61,0.001,ASK
1443141888,1512.87,0.002,BID
1443141888,1513.0,0.08,BID
1443141888,1513.15,0.25,BID
1443141901,1512.78,0.001,ASK
1443141903,1513.3,7.0,ASK
1443141903,1513.3,1.395,ASK
1443141912,1512.77,0.0065,BID
1443141912,1512.91,0.0995,BID
1443141922,1512.63,0.0405,ASK
1443141922,1512.62,1.8093,ASK
1443141922,1512.61,4.0454,ASK
1443141929,1512.62,0.6735,ASK
1443141935,1512.62,3.3265,ASK
1443141935,1512.61,0.6675,ASK
1443141935,1512.56,0.002,ASK
1443141935,1512.37,0.002,ASK
1443141935,1512.26,0.002,ASK
1443141938,1512.61,0.01,BID
1443141938,1512.61,0.01,BID
1443141939,1512.6,0.0325,BID
1443141939,1512.61,0.1439,BID
1443141939,1512.61,0.4861,BID
1443141939,1512.63,0.001,BID
1443141941,1512.83,0.1019,ASK
1443141941,1512.71,0.02,ASK
1443141942,1512.64,0.002,BID
1443141943,1512.64,0.2764,BID
1443141944,1512.63,0.045,BID
1443141944,1512.87,0.002,BID
1443141947,1512.95,0.0999,ASK
1443141951,1512.66,0.0325,ASK
1443141951,1512.66,0.045,ASK
1443141951,1512.65,0.0624,ASK
1443141952,1512.65,0.001,ASK
1443141952,1512.65,0.0325,ASK
1443141952,1513.3,5.0,ASK
1443141952,1513.3,9.558,ASK
1443141953,1512.65,0.5652,ASK
1443141953,1512.65,0.4348,ASK
1443141954,1512.65,0.1652,ASK
1443141954,1512.65,0.132,ASK
1443141955,1512.64,0.174,ASK
1443141957,1512.64,0.1016,ASK
1443141957,1512.63,0.001,ASK
1443141959,1512.37,0.002,ASK
1443141960,1512.14,0.099,BID
1443141960,1512.28,0.015,BID
1443141961,1512.02,0.32,ASK
1443141962,1512.15,0.026,ASK
1443141962,1512.15,0.073,ASK
1443141962,1512.02,0.577,ASK
1443141966,1512.02,0.01,ASK
1443141967,1512.02,0.189,ASK
1443141969,1512.02,0.25,ASK
1443141969,1512.02,0.374,ASK
1443141969,1512.0,0.3,ASK
1443141969,1512.0,0.1,ASK
1443141969,1512.0,1.0,ASK
1443141969,1511.65,0.004,ASK
1443141973,1511.95,0.001,BID
1443141978,1511.97,0.01,BID
1443141979,1511.97,0.25,BID
1443141980,1511.97,0.251,BID
1443141982,1511.96,0.0145,BID
1443141982,1511.97,0.2365,BID
1443141985,1511.97,0.01,BID
1443141986,1511.33,10.0,BID
1443141986,1511.33,7.216,BID
1443141988,1511.97,0.01,BID
1443141994,1511.97,0.01,BID
1443141996,1511.66,0.001,BID
1443141996,1511.97,0.001,BID
1443142004,1511.97,0.01,BID
1443142005,1511.97,0.01,BID
1443142007,1511.97,0.0015,BID
1443142013,1511.47,0.0015,ASK
1443142028,1511.97,0.0065,ASK
1443142028,1511.49,0.5,ASK
1443142028,1511.49,0.5,ASK
1443142028,1511.03,2.2,ASK
1443142028,1511.03,1.7349,ASK
1443142043,1511.97,0.001,BID
1443142056,1511.97,0.0012,BID
1443142066,1511.97,0.01,BID
1443142068,1511.97,0.01,BID
1443142069,1511.34,0.001,ASK
1443142069,1511.97,0.001,BID
1443142069,1511.97,0.1019,BID
1443142071,1511.96,0.1533,BID
1443142071,1511.97,1.8857,BID
1443142072,1511.97,0.1019,BID
1443142073,1511.96,0.015,BID
1443142073,1511.97,0.585,BID
1443142073,1511.97,0.6,BID
1443142073,1511.97,0.4,BID
1443142073,1511.36,4.0,BID
1443142073,1511.36,9.142,BID
1443142075,1511.96,0.01,BID
1443142077,1511.96,0.0038,BID
1443142077,1511.97,0.0062,BID
1443142079,1511.97,0.9859,BID
1443142084,1511.34,0.001,ASK
1443142085,1511.97,0.001,BID
1443142087,1511.97,5.3114,BID
1443142104,1511.97,0.001,ASK
1443142107,1512.36,0.001,ASK
1443142107,1511.97,0.739,ASK
1443142121,1511.97,0.0021,ASK
1443142124,1512.36,0.0043,ASK
1443142125,1511.97,0.01,ASK
1443142126,1512.37,0.002,BID
1443142126,1512.37,0.01,ASK
1443142128,1512.37,0.01,ASK
1443142129,1512.37,0.101,ASK
1443142129,1511.98,0.0264,ASK
1443142129,1511.98,0.1552,ASK
1443142129,1511.98,0.015,ASK
1443142129,1511.97,6.0134,ASK
1443142152,1511.97,0.0079,BID
1443142154,1511.98,0.702,ASK
1443142154,1511.98,0.33,ASK
1443142155,1511.98,0.01,ASK
1443142159,1511.98,0.514,ASK
1443142162,1511.98,0.01,ASK
1443142163,1511.98,0.4261,ASK
1443142167,1511.87,0.002,ASK
1443142167,1511.86,0.001,BID
1443142182,1511.1,0.5,ASK
1443142183,1511.1,0.009,ASK
1443142192,1511.12,0.5,ASK
1443142192,1511.1,0.7319,ASK
1443142197,1511.12,0.5,ASK
1443142197,1511.1,1.474,ASK
1443142197,1511.1,0.103,ASK
1443142197,1511.1,0.5,ASK
1443142197,1511.1,1.8777,ASK
1443142197,1511.09,2.3633,ASK
1443142197,1511.09,20.7822,ASK
1443142198,1511.09,0.5,ASK
1443142198,1511.09,0.5,ASK
1443142199,1511.11,0.3709,BID
1443142199,1511.11,0.5,BID
1443142199,1511.11,0.1291,BID
1443142199,1511.09,3.0,ASK
1443142199,1511.09,0.103,ASK
1443142200,1511.09,0.402,ASK
1443142200,1511.09,2.14,ASK
1443142200,1511.09,1.11,ASK
1443142200,1511.09,0.248,ASK
1443142200,1511.09,0.248,ASK
1443142200,1511.11,0.3709,BID
1443142200,1511.11,0.2909,BID
1443142200,1511.09,0.248,ASK
1443142200,1511.1,0.0872,BID
1443142200,1511.11,0.0341,BID
1443142200,1511.11,0.209,BID
1443142200,1511.11,0.196,BID
1443142200,1511.15,0.152,BID
1443142200,1511.53,0.61,BID
1443142200,1512.09,1.0,BID
1443142200,1512.21,0.7319,BID
1443142200,1512.21,0.01,BID
1443142200,1512.21,1.474,BID
1443142200,1512.21,0.095,BID
1443142200,1512.36,0.111,BID
1443142200,1512.37,0.002,BID
1443142200,1512.5,2.5612,BID
1443142200,1511.1,17.842,ASK
1443142200,1511.09,1.18,ASK
1443142201,1511.09,0.05,ASK
1443142201,1511.09,0.18,ASK
1443142201,1511.09,0.05,ASK
1443142201,1511.09,0.65,ASK
1443142201,1511.09,0.063,ASK
1443142202,1511.09,0.5,ASK
1443142202,1511.09,24.7814,ASK
1443142202,1511.09,0.103,ASK
1443142202,1511.09,0.65,ASK
1443142202,1511.09,0.2,ASK
1443142202,1511.09,3.0,ASK
1443142202,1511.36,3.0,ASK
1443142202,1511.36,2.053,ASK
1443142203,1511.09,1.0,ASK
1443142203,1511.09,5.0,ASK
1443142203,1511.09,5.0,ASK
1443142203,1511.09,0.2,ASK
1443142203,1511.09,0.1,ASK
1443142203,1511.09,0.001,ASK
1443142204,1511.09,10.9669,ASK
1443142205,1511.1,0.0872,ASK
1443142205,1511.09,0.4128,ASK
1443142205,1511.15,3.0,ASK
1443142205,1511.15,17.318,ASK
1443142206,1511.14,0.259,ASK
1443142206,1511.09,0.621,ASK
1443142206,1511.09,3.0,ASK
1443142206,1511.09,1.0,ASK
1443142206,1511.09,0.626,ASK
1443142206,1511.09,0.26,ASK
1443142207,1511.09,5.0,ASK
1443142207,1511.09,0.889,ASK
1443142207,1511.09,0.366,ASK
1443142207,1511.09,2.0,ASK
1443142207,1511.09,0.366,ASK
1443142207,1511.09,0.01,ASK
1443142207,1511.09,0.864,ASK
1443142208,1511.09,3.116,ASK
1443142208,1511.09,0.5,ASK
1443142208,1511.09,5.0,ASK
1443142208,1511.09,5.0,ASK
1443142208,1511.09,9.7769,ASK
1443142208,1511.09,0.881,ASK
1443142208,1511.09,0.1,ASK
1443142208,1511.09,0.366,ASK
1443142208,1511.09,1.846,ASK
1443142208,1511.09,5.0,ASK
1443142208,1511.09,0.087,ASK
1443142209,1511.09,0.084,ASK
1443142209,1511.09,0.2,ASK
1443142210,1511.09,0.07,ASK
1443142210,1511.09,0.575,ASK
1443142211,1511.09,0.05,ASK
1443142211,1511.09,1.19,ASK
1443142211,1511.09,1.191,ASK
1443142211,1511.09,1.314,ASK
1443142211,1511.09,0.305,ASK
1443142211,1511.09,2.733,ASK
1443142212,1511.09,0.5,ASK
1443142212,1511.09,0.413,ASK
1443142212,1511.09,12.2164,ASK
1443142212,1511.09,0.04,ASK
1443142213,1511.09,0.1,ASK
1443142213,1511.09,0.01,ASK
1443142213,1511.09,1.0,ASK
1443142213,1511.09,0.761,ASK
1443142214,1511.09,0.752,ASK
1443142214,1511.09,1.0,ASK
1443142215,1511.09,0.05,ASK
1443142215,1511.1,0.095,ASK
1443142215,1511.09,0.005,ASK
1443142216,1511.09,0.686,ASK
1443142216,1511.09,0.808,ASK
1443142216,1511.09,5.0,ASK
1443142216,1511.09,1.0,ASK
1443142216,1511.09,0.1365,ASK
1443142216,1511.09,3.3783,ASK
1443142217,1511.09,0.02,ASK
1443142217,1511.09,0.397,ASK
1443142218,1511.09,0.01,ASK
1443142218,1511.09,0.2,ASK
1443142218,1511.09,5.0,ASK
1443142218,1511.09,0.821,ASK
1443142219,1511.09,0.2,ASK
1443142219,1511.09,0.05,ASK
1443142219,1511.09,0.5,ASK
1443142219,1511.09,1.0,ASK
1443142220,1511.09,0.414,ASK
1443142220,1511.09,0.447,ASK
1443142221,1511.09,0.2,ASK
1443142221,1511.09,0.2,ASK
1443142222,1511.09,1.0,ASK
1443142222,1511.09,0.2,ASK
1443142222,1511.09,1.0,ASK
1443142222,1511.09,0.062,ASK
1443142222,1511.14,0.002,BID
1443142222,1511.09,0.5,ASK
1443142222,1511.09,0.45,ASK
1443142223,1511.09,0.332,ASK
1443142223,1511.09,0.01,ASK
1443142223,1511.09,0.05,ASK
1443142223,1511.09,0.0022,ASK
1443142224,1511.13,0.001,BID
1443142225,1511.09,0.5,ASK
1443142225,1511.09,1.0,ASK
1443142226,1511.09,0.2,ASK
1443142227,1511.09,0.05,ASK
1443142228,1511.09,0.505,ASK
1443142228,1511.09,0.01,ASK
1443142228,1511.0,0.2,ASK
1443142232,1511.0,0.05,ASK
1443142232,1511.0,0.05,ASK
1443142232,1511.0,0.06,ASK
1443142234,1511.0,0.5,ASK
1443142234,1511.0,0.01,ASK
1443142236,1511.0,0.021,ASK
1443142238,1511.0,0.05,ASK
1443142238,1511.04,0.001,BID
1443142238,1511.0,0.5,ASK
1443142239,1511.0,1.0,ASK
1443142239,1511.0,0.01,ASK
1443142242,1511.0,0.05,ASK
1443142244,1511.0,0.001,ASK
1443142244,1511.0,0.079,ASK
1443142244,1511.02,0.0021,BID
1443142245,1511.0,0.01,ASK
1443142245,1511.0,0.3,ASK
1443142245,1511.0,0.3,ASK
1443142246,1511.0,0.05,ASK
1443142246,1511.0,0.02,ASK
1443142248,1511.0,1.039,ASK
1443142248,1511.0,3.7838,ASK
1443142250,1511.0,0.05,ASK
1443142250,1511.0,0.05,ASK
1443142250,1511.0,0.01,ASK
1443142254,1511.0,0.05,ASK
1443142254,1511.0,0.04,ASK
1443142255,1511.0,7.6876,ASK
1443142255,1511.0,3.1804,ASK
1443142256,1511.0,0.01,ASK
1443142258,1511.0,0.05,ASK
1443142259,1511.0,0.0052,ASK
1443142262,1511.02,0.0022,ASK
1443142262,1511.0,0.0078,ASK
1443142263,1511.0,0.05,ASK
1443142266,1511.04,0.095,BID
1443142266,1511.04,0.0374,BID
1443142267,1511.04,0.0126,BID
1443142267,1511.05,0.1324,BID
1443142267,1511.01,0.05,ASK
1443142268,1511.01,0.01,ASK
1443142271,1511.01,0.05,ASK
1443142274,1511.01,0.01,ASK
1443142275,1511.01,0.05,ASK
1443142277,1511.02,0.001,ASK
1443142278,1511.03,0.0079,ASK
1443142278,1511.02,0.094,ASK
1443142278,1511.01,0.3981,ASK
1443142279,1511.01,0.01,ASK
1443142280,1511.01,0.05,ASK
1443142284,1511.01,0.05,ASK
1443142285,1511.01,0.01,ASK
1443142287,1511.01,0.221,ASK
1443142288,1511.01,0.05,ASK
1443142288,1511.01,0.221,ASK
1443142288,1511.01,0.211,ASK
1443142288,1511.01,0.221,ASK
1443142288,1511.01,0.221,ASK
1443142288,1511.01,0.0135,ASK
1443142292,1511.01,0.05,ASK
1443142295,1511.01,0.05,ASK
1443142296,1511.01,0.01,ASK
1443142296,1511.01,0.001,ASK
1443142300,1511.03,0.001,ASK
1443142300,1511.01,0.049,ASK
1443142301,1511.01,0.475,ASK
1443142303,1511.01,0.01,ASK
1443142304,1511.01,1.0,ASK
1443142304,1511.01,0.05,ASK
1443142305,1511.01,0.0501,ASK
1443142307,1511.01,0.2883,ASK
1443142307,1511.01,0.051,ASK
1443142307,1511.0,0.1607,ASK
1443142307,1511.0,0.2,ASK
1443142307,1511.0,0.1,ASK
1443142308,1511.0,0.01,ASK
1443142310,1511.0,1.0,ASK
1443142310,1511.0,0.435,ASK
1443142311,1511.0,0.3,ASK
1443142311,1511.0,0.3,ASK
1443142312,1511.0,0.05,ASK
1443142313,1511.0,0.01,ASK
1443142314,1511.0,0.2,ASK
1443142314,1511.0,1.0,ASK
1443142315,1511.0,0.5,ASK
1443142317,1511.0,0.5,ASK
1443142317,1511.0,0.05,ASK
1443142318,1511.0,0.2,ASK
1443142318,1511.0,0.0013,ASK
1443142318,1511.0,0.5,ASK
1443142318,1511.0,1.0,ASK
1443142318,1511.02,0.001,BID
1443142319,1511.0,0.01,ASK
1443142320,1511.0,0.04,ASK
1443142321,1511.0,0.5,ASK
1443142321,1511.0,0.499,ASK
1443142321,1511.0,0.2,ASK
1443142322,1511.0,0.473,ASK
1443142323,1511.0,1.0,ASK
1443142324,1511.0,6.4764,ASK
1443142324,1511.0,0.1,ASK
1443142324,1511.0,0.5,ASK
1443142324,1511.0,0.01,ASK
1443142325,1511.0,0.2,ASK
1443142325,1511.0,0.142,ASK
1443142326,1511.0,0.194,ASK
1443142326,1511.0,0.05,ASK
1443142326,1511.0,0.5,ASK
1443142327,1511.0,0.06,ASK
1443142327,1511.0,0.5,ASK
1443142329,1511.0,1.0,ASK
1443142329,1511.0,0.01,ASK
1443142329,1511.0,0.15,ASK
1443142332,1511.0,0.05,ASK
1443142332,1511.0,0.5,ASK
1443142333,1511.0,0.015,ASK
1443142335,1511.0,0.001,ASK
1443142335,1511.0,0.5,ASK
1443142335,1511.0,0.05,ASK
1443142337,1511.02,0.001,ASK
1443142337,1511.0,0.999,ASK
1443142338,1511.0,0.5,ASK
1443142339,1511.0,0.05,ASK
1443142341,1511.0,0.015,ASK
1443142341,1511.02,0.5,ASK
1443142343,1511.02,0.319,ASK
1443142343,1511.02,0.05,ASK
1443142343,1511.02,0.319,ASK
1443142344,1511.02,1.0,ASK
1443142344,1511.02,0.06,ASK
1443142344,1511.02,0.319,ASK
1443142344,1511.02,0.363,ASK
1443142344,1511.0,0.137,ASK
1443142345,1511.0,0.319,ASK
1443142345,1511.0,0.236,ASK
1443142345,1511.0,0.236,ASK
1443142346,1511.0,0.06,ASK
1443142346,1511.0,0.187,ASK
1443142347,1511.0,0.05,ASK
1443142348,1511.0,0.5,ASK
1443142348,1511.0,0.384,ASK
1443142351,1511.0,0.05,ASK
1443142352,1511.0,0.01,ASK
1443142355,1511.0,0.01,ASK
1443142355,1511.0,0.05,ASK
1443142355,1511.0,0.001,ASK
1443142356,1511.03,0.0015,BID
1443142359,1511.0,0.05,ASK
1443142360,1511.0,0.01,ASK
1443142365,1511.0,0.01,ASK
1443142365,1511.0,0.0901,ASK
1443142368,1511.0,0.04,ASK
1443142369,1511.0,0.05,ASK
1443142372,1511.0,0.01,ASK
1443142372,1511.0,0.0122,ASK
1443142373,1511.01,0.001,BID
1443142374,1511.0,0.05,ASK
1443142376,1511.03,0.95,BID
1443142376,1511.04,0.095,BID
1443142376,1511.04,0.059,BID
1443142376,1511.04,0.076,BID
1443142377,1511.0,0.01,ASK
1443142377,1511.03,0.0572,BID
1443142377,1511.01,0.05,ASK
1443142381,1511.01,0.009,ASK
1443142381,1511.0,0.066,ASK
1443142382,1511.0,0.05,ASK
1443142383,1511.0,0.01,ASK
1443142388,1511.0,0.0148,ASK
1443142388,1511.0,0.01,ASK
1443142391,1511.0,0.05,ASK
1443142392,1511.0,0.001,ASK
1443142394,1511.04,0.05,BID
1443142394,1511.05,1.0,BID
1443142394,1511.12,0.0392,BID
1443142394,1511.12,0.0608,BID
1443142394,1511.14,0.035,BID
1443142394,1511.14,0.01,ASK
1443142394,1511.14,0.0388,ASK
1443142395,1511.14,1.0,ASK
1443142395,1511.14,0.05,ASK
1443142396,1511.14,1.0,ASK
1443142397,1511.14,0.5,ASK
1443142397,1511.15,0.0995,ASK
1443142397,1511.14,0.9005,ASK
1443142397,1511.14,0.5,ASK
1443142398,1511.14,1.0,ASK
1443142398,1511.14,0.5,ASK
1443142398,1511.14,1.0,ASK
1443142398,1511.14,1.0,ASK
1443142399,1511.14,0.05,ASK
1443142401,1511.14,0.01,ASK
1443142401,1511.14,0.5,ASK
1443142401,1511.14,1.0,ASK
1443142401,1511.14,1.0,ASK
1443142402,1511.14,0.354,ASK
1443142402,1511.14,0.343,ASK
1443142406,1511.14,0.05,ASK
1443142406,1511.14,0.01,ASK
1443142409,1511.36,0.0995,BID
1443142409,1511.37,0.002,BID
1443142411,1511.37,0.01,ASK
1443142412,1511.37,0.05,ASK
1443142413,1511.37,0.001,ASK
1443142416,1511.38,0.01,ASK
1443142422,1511.37,0.01,ASK
1443142428,1511.37,0.01,ASK
1443142429,1511.37,0.0034,ASK
1443142429,1511.37,0.0151,ASK
1443142429,1511.2,0.02,ASK
1443142429,1511.15,0.0391,ASK
1443142429,1511.15,0.05,ASK
1443142429,1511.15,0.0608,ASK
1443142429,1511.15,0.095,ASK
1443142429,1511.14,0.72,ASK
1443142434,1511.14,0.01,ASK
1443142440,1511.14,0.01,ASK
1443142440,1511.14,0.02,ASK
1443142445,1511.14,0.001,ASK
1443142446,1511.14,0.01,ASK
1443142461,1511.14,0.0018,ASK
1443142477,1511.14,0.001,ASK
1443142478,1511.14,0.01,ASK
1443142478,1511.14,9.8,ASK
1443142484,1511.14,0.01,ASK
1443142489,1511.14,0.01,ASK
1443142494,1511.14,0.01,ASK
1443142498,1511.14,0.001,ASK
1443142501,1511.14,0.01,ASK
1443142506,1511.14,0.01,ASK
1443142512,1511.14,0.01,ASK
1443142519,1511.14,0.001,ASK
1443142520,1511.15,7.0,ASK
1443142520,1511.15,3.0,ASK
1443142520,1511.15,2.703,ASK
1443142536,1511.14,0.001,ASK
1443142539,1511.15,0.01,ASK
1443142542,1511.15,0.2,ASK
1443142543,1511.86,0.01,BID
1443142543,1511.87,0.002,BID
1443142543,1511.89,0.095,BID
1443142548,1511.69,0.01,ASK
1443142548,1511.89,0.0226,BID
1443142548,1511.89,0.0881,BID
1443142548,1511.89,0.0858,BID
1443142548,1511.9,0.9075,BID
1443142549,1511.9,0.1965,BID
1443142550,1511.9,0.182,BID
1443142552,1511.9,0.6614,BID
1443142553,1511.9,0.182,BID
1443142553,1511.9,0.6614,BID
1443142554,1511.9,0.6614,BID
1443142554,1511.69,0.01,ASK
1443142554,1511.16,0.001,ASK
1443142555,1511.9,0.6614,BID
1443142556,1511.9,0.6614,BID
1443142558,1511.9,0.01,BID
1443142558,1511.9,0.81,BID
1443142558,1511.9,0.4,BID
1443142560,1511.18,0.01,ASK
1443142560,1511.16,0.0385,ASK
1443142560,1511.15,0.79,ASK
1443142560,1511.15,0.1615,ASK
1443142561,1511.9,0.315,BID
1443142573,1511.18,0.0039,BID
1443142573,1511.89,0.0395,BID
1443142573,1511.9,0.3566,BID
1443142577,1511.9,0.01,BID
1443142578,1511.9,0.9524,BID
1443142578,1512.0,0.3,BID
1443142580,1512.01,0.0096,ASK
1443142580,1511.95,0.0004,ASK
1443142587,1511.18,0.0012,ASK
1443142588,1512.08,10.0,ASK
1443142588,1512.08,5.4,ASK
1443142594,1511.17,0.01,ASK
1443142595,1511.69,0.36,BID
1443142596,1511.73,0.02,ASK
1443142596,1511.73,0.655,ASK
1443142597,1511.73,0.109,ASK
1443142597,1511.73,0.1,ASK
1443142597,1511.73,0.012,ASK
1443142597,1511.73,0.05,ASK
1443142598,1511.73,0.65,ASK
1443142599,1511.73,0.457,ASK
1443142599,1511.73,0.65,ASK
1443142599,1511.73,0.123,ASK
1443142600,1511.73,0.098,ASK
1443142600,1511.73,0.0234,ASK
1443142602,1511.37,0.05,BID
1443142604,1511.38,0.002,ASK
1443142607,1511.38,0.001,ASK
1443142607,1511.71,0.01,BID
1443142607,1511.72,0.085,BID
1443142609,1511.38,0.01,ASK
1443142614,1511.38,0.01,ASK
1443142620,1511.38,0.01,ASK
1443142625,1511.38,0.01,ASK
1443142626,1511.38,0.001,ASK
1443142631,1511.38,0.006,ASK
1443142637,1511.16,0.05,ASK
1443142637,1511.15,0.0772,ASK
1443142638,1511.15,0.05,ASK
1443142642,1511.18,0.0012,BID
1443142642,1511.19,0.004,BID
1443142642,1511.37,0.002,BID
1443142648,1511.38,0.001,ASK
1443142653,1511.15,0.05,ASK
1443142657,1511.15,0.01,ASK
1443142660,1511.15,0.05,ASK
1443142662,1511.15,0.01,ASK
1443142663,1511.15,0.05,ASK
1443142664,1511.42,0.289,BID
1443142664,1511.48,0.01,BID
1443142664,1511.48,0.05,ASK
1443142664,1511.48,0.0006,ASK
1443142667,1511.32,0.166,BID
1443142667,1511.16,0.01,ASK
1443142668,1511.32,0.166,BID
1443142669,1511.16,0.0251,ASK
1443142669,1511.15,0.0249,ASK
1443142669,1511.31,0.0166,BID
1443142669,1511.32,0.166,BID
1443142670,1511.33,0.0251,ASK
1443142671,1511.33,0.2903,ASK
1443142671,1511.16,0.0172,ASK
1443142671,1511.15,0.4975,ASK
1443142672,1511.15,0.025,ASK
1443142673,1511.15,0.05,ASK
1443142673,1511.15,0.01,ASK
1443142673,1511.15,0.0954,ASK
1443142673,1511.14,0.1046,ASK
1443142673,1511.14,0.2,ASK
1443142674,1511.14,0.45,ASK
1443142674,1511.14,0.25,ASK
1443142674,1511.14,0.2,ASK
1443142674,1511.14,0.5,ASK
1443142674,1511.14,0.2,ASK
1443142674,1511.14,0.05,ASK
1443142674,1511.14,0.1804,ASK
1443142674,1511.14,1.0,ASK
1443142674,1511.14,0.71,ASK
1443142675,1511.15,0.0257,BID
1443142675,1511.15,0.1554,BID
1443142675,1511.31,0.0157,BID
1443142675,1511.32,0.1182,BID
1443142676,1511.14,0.155,ASK
1443142677,1511.16,0.3365,ASK
1443142677,1511.14,0.3135,ASK
1443142678,1511.14,0.2,ASK
1443142678,1511.14,0.61,ASK
1443142678,1511.14,0.61,ASK
1443142678,1511.14,0.397,ASK
1443142678,1511.14,0.65,ASK
1443142678,1511.14,0.03,ASK
1443142679,1511.14,0.65,ASK
1443142679,1511.14,0.05,ASK
1443142680,1511.14,0.65,ASK
1443142680,1511.14,0.11,ASK
1443142681,1511.14,0.2,ASK
1443142681,1511.14,1.0,ASK
1443142681,1511.14,0.1272,ASK
1443142681,1511.14,0.519,ASK
1443142681,1511.14,0.2,ASK
1443142681,1511.14,0.2,ASK
1443142682,1511.14,0.197,ASK
1443142682,1511.14,0.336,ASK
1443142682,1511.14,0.484,ASK
1443142682,1511.14,0.1,ASK
1443142683,1511.14,0.61,ASK
1443142684,1511.14,0.132,ASK
1443142684,1511.14,0.01,ASK
1443142684,1511.14,0.5,ASK
1443142684,1511.14,0.1,ASK
1443142684,1511.14,0.1,ASK
1443142684,1511.14,0.304,ASK
1443142684,1511.14,0.397,ASK
1443142684,1511.14,0.05,ASK
1443142686,1511.14,1.0,ASK
1443142686,1511.14,0.451,ASK
1443142686,1511.14,0.16,ASK
1443142687,1511.14,0.2848,ASK
1443142687,1511.14,0.13,ASK
1443142687,1511.03,0.49,ASK
1443142687,1511.03,0.396,ASK
1443142688,1511.03,0.662,ASK
1443142688,1511.04,0.1001,ASK
1443142688,1511.03,0.5619,ASK
1443142688,1511.03,0.05,ASK
1443142690,1511.03,0.24,ASK
1443142690,1511.03,0.073,ASK
1443142691,1511.04,7.0,ASK
1443142691,1511.04,10.824,ASK
1443142691,1511.13,0.567,BID
1443142692,1511.11,0.277,BID
1443142692,1511.12,0.0357,BID
1443142692,1511.13,0.1472,BID
1443142692,1511.13,0.0915,BID
1443142692,1511.14,0.1104,BID
1443142693,1511.03,0.04,ASK
1443142693,1511.14,0.179,BID
1443142694,1511.14,0.4828,ASK
1443142694,1511.03,0.1672,ASK
1443142695,1511.04,0.0357,ASK
1443142695,1511.04,0.0143,ASK
1443142695,1511.04,0.0128,ASK
1443142695,1511.03,0.6372,ASK
1443142697,1511.03,0.473,ASK
1443142698,1511.03,0.0007,ASK
1443142699,1511.0,0.01,ASK
1443142699,1511.0,0.05,ASK
1443142699,1511.0,0.473,ASK
1443142701,1511.0,0.188,ASK
1443142702,1511.0,0.02,ASK
1443142702,1511.0,0.2514,ASK
1443142702,1511.0,0.5,ASK
1443142702,1511.0,0.2,ASK
1443142704,1511.0,0.05,ASK
1443142704,1511.0,0.711,ASK
1443142704,1511.0,0.01,ASK
1443142704,1511.0,0.07,ASK
1443142705,1511.0,0.182,ASK
1443142705,1511.0,0.5,ASK
1443142706,1511.0,0.2,ASK
1443142708,1511.0,0.05,ASK
1443142709,1511.0,0.2,ASK
1443142709,1511.0,0.5,ASK
1443142709,1511.0,0.01,ASK
1443142710,1511.0,0.117,ASK
1443142712,1511.0,0.05,ASK
1443142712,1511.0,0.0198,ASK
1443142712,1511.0,0.0192,ASK
1443142712,1511.0,0.5,ASK
1443142714,1511.0,0.01,ASK
1443142716,1511.0,0.4708,ASK
1443142716,1511.0,0.0292,ASK
1443142716,1511.0,0.06,ASK
1443142717,1511.0,0.05,ASK
1443142717,1511.0,0.1608,ASK
1443142717,1511.0,0.008,ASK
1443142720,1510.85,0.007,ASK
1443142721,1510.55,0.002,ASK
1443142721,1510.53,0.048,BID
1443142721,1510.6,0.003,BID
1443142722,1511.02,0.131,ASK
1443142727,1510.5,0.01,ASK
1443142732,1510.65,0.05,BID
1443142732,1510.65,0.01,BID
1443142739,1510.87,0.002,BID
1443142739,1511.15,0.072,BID
1443142739,1511.37,0.002,BID
1443142745,1511.06,0.001,BID
1443142745,1511.06,0.0411,BID
1443142745,1511.06,0.0359,BID
1443142746,1511.11,0.024,ASK
1443142748,1510.66,0.05,ASK
1443142748,1510.54,0.08,ASK
1443142748,1510.51,0.0495,ASK
1443142748,1510.5,0.3205,ASK
1443142751,1510.61,0.004,BID
1443142751,1510.61,0.377,BID
1443142751,1510.61,0.238,BID
1443142753,1511.03,0.325,BID
1443142753,1511.14,0.001,BID
1443142753,1511.14,0.01,ASK
1443142754,1511.14,0.0162,ASK
1443142755,1511.14,0.548,ASK
1443142755,1511.14,0.208,ASK
1443142756,1511.14,0.08,ASK
1443142756,1511.14,0.0318,ASK
1443142757,1510.52,4.0,ASK
1443142757,1510.52,2.0,ASK
1443142757,1510.52,9.944,ASK
1443142758,1510.64,0.363,BID
1443142759,1510.64,0.0002,BID
1443142765,1511.07,0.06,BID
1443142767,1511.0,0.0056,ASK
1443142767,1511.0,0.026,ASK
1443142768,1511.0,0.05,ASK
1443142770,1511.06,0.015,BID
1443142773,1511.0,0.05,ASK
1443142777,1511.0,0.05,ASK
1443142779,1511.0,0.01,ASK
1443142782,1511.0,0.05,ASK
1443142785,1511.0,0.01,ASK
1443142787,1511.0,0.05,ASK
1443142791,1511.01,0.01,ASK
1443142791,1511.01,0.05,ASK
1443142796,1511.01,0.001,ASK
1443142797,1511.36,0.001,ASK
1443142797,1511.01,0.0385,ASK
1443142797,1511.0,0.0105,ASK
1443142798,1511.01,15.0,ASK
1443142798,1511.01,1.331,ASK
1443142801,1511.01,0.0335,ASK
1443142801,1511.0,0.0165,ASK
1443142802,1511.01,0.0182,ASK
1443142802,1511.0,0.4818,ASK
1443142804,1511.0,0.5,ASK
1443142806,1511.0,0.05,ASK
1443142806,1511.0,0.033,ASK
1443142807,1511.0,0.5,ASK
1443142809,1511.06,0.095,BID
1443142810,1511.06,0.005,ASK
1443142810,1511.0,0.066,ASK
1443142811,1511.07,0.05,ASK
1443142816,1511.07,0.01,ASK
1443142817,1511.07,0.035,ASK
1443142817,1511.0,0.015,ASK
1443142819,1511.0,0.001,ASK
1443142821,1511.0,0.05,ASK
1443142821,1511.0,0.01,ASK
1443142822,1511.27,0.55,BID
1443142822,1511.37,0.002,BID
1443142825,1511.37,0.05,ASK
1443142825,1511.37,0.029,ASK
1443142826,1511.37,0.223,ASK
1443142826,1511.37,0.011,ASK
1443142827,1511.37,0.01,ASK
1443142829,1511.37,0.052,ASK
1443142829,1511.37,0.05,ASK
1443142832,1511.38,0.095,ASK
1443142833,1511.37,0.01,ASK
1443142834,1511.37,0.05,ASK
1443142834,1511.37,0.001,ASK
1443142834,1511.37,0.057,ASK
1443142835,1511.38,0.001,BID
1443142836,1511.38,0.034,ASK
1443142838,1511.37,0.05,ASK
1443142838,1511.37,0.01,ASK
1443142843,1511.37,0.05,ASK
1443142844,1511.38,0.021,BID
1443142844,1511.38,0.01,ASK
1443142847,1511.39,0.021,ASK
1443142847,1511.38,0.048,ASK
1443142847,1511.38,0.021,ASK
1443142847,1511.37,1.461,ASK
1443142847,1511.37,1.482,ASK
1443142847,1511.37,0.4,ASK
1443142849,1511.37,1.0,ASK
1443142850,1511.37,1.0,ASK
1443142850,1511.37,0.05,ASK
1443142850,1511.37,0.2,ASK
1443142851,1511.37,0.0011,ASK
1443142851,1511.37,0.5,ASK
1443142851,1511.37,0.0226,ASK
1443142852,1511.37,0.017,ASK
1443142852,1511.37,0.63,ASK
1443142852,1511.37,0.01,ASK
1443142854,1511.37,0.2,ASK
1443142854,1511.37,0.55,ASK
1443142854,1511.37,0.05,ASK
1443142857,1511.37,0.058,ASK
1443142857,1511.37,0.5,ASK
1443142857,1511.37,0.089,ASK
1443142857,1511.37,0.01,ASK
1443142858,1511.37,0.2,ASK
1443142859,1511.7,0.0285,BID
1443142859,1511.71,0.0183,BID
1443142859,1511.71,0.57,BID
1443142859,1511.72,0.5416,BID
1443142859,1511.87,0.002,BID
1443142859,1511.87,0.001,ASK
1443142859,1511.37,0.049,ASK
1443142860,1511.37,1.0,ASK
1443142860,1511.37,0.1,ASK
1443142860,1511.37,0.5,ASK
1443142861,1511.38,0.0284,ASK
1443142861,1511.38,0.0183,ASK
1443142861,1511.37,0.1533,ASK
1443142865,1511.63,0.522,BID
1443142865,1511.9,0.08,ASK
1443142866,1511.9,0.0024,ASK
1443142866,1511.9,0.541,ASK
1443142867,1511.9,0.05,ASK
1443142867,1511.9,0.5,ASK
1443142867,1511.9,0.527,ASK
1443142868,1511.9,1.0,ASK
1443142868,1511.9,1.245,ASK
1443142868,1511.9,0.2744,ASK
1443142868,1511.9,0.5,ASK
1443142869,1511.9,0.5469,ASK
1443142869,1511.37,0.6121,ASK
1443142871,1511.37,0.546,ASK
1443142872,1511.4,0.06,BID
1443142872,1511.4,0.001,ASK
1443142873,1511.4,0.039,ASK
1443142873,1511.37,0.011,ASK
1443142878,1511.42,0.05,ASK
1443142883,1511.41,0.05,ASK
1443142883,1511.61,0.0185,BID
1443142883,1511.61,0.05,BID
1443142883,1511.64,0.01,ASK
1443142886,1511.65,0.0049,ASK
1443142887,1511.82,3.0,ASK
1443142887,1511.82,3.0,ASK
1443142887,1511.82,6.457,ASK
1443142887,1511.65,0.01,ASK
1443142888,1511.63,0.05,ASK
1443142888,1511.63,0.01,ASK
1443142892,1511.62,0.05,ASK
1443142893,1511.62,0.0185,ASK
1443142893,1511.41,0.01,ASK
1443142896,1511.38,0.0186,ASK
1443142896,1511.37,0.0314,ASK
1443142898,1511.6,2.0,ASK
1443142898,1511.6,2.0,ASK
1443142898,1511.6,1.752,ASK
1443142899,1511.37,0.01,ASK
1443142902,1511.39,0.09,ASK
1443142902,1511.37,0.0129,ASK
1443142902,1511.37,0.3859,ASK
1443142903,1511.37,0.0017,ASK
1443142903,1511.37,0.0989,ASK
1443142903,1511.37,0.7586,ASK
1443142903,1511.37,0.0449,ASK
1443142904,1511.37,0.0304,ASK
1443142904,1511.37,0.01,ASK
1443142904,1511.37,0.1902,ASK
1443142904,1511.37,0.2,ASK
1443142904,1511.37,0.05,ASK
1443142904,1511.37,0.5947,ASK
1443142904,1511.37,0.0776,ASK
1443142905,1511.37,0.3719,ASK
1443142905,1511.37,0.0738,ASK
1443142905,1511.37,0.5657,ASK
1443142905,1511.6,5.0,ASK
1443142905,1511.6,3.54,ASK
1443142906,1511.37,0.825,ASK
1443142906,1511.37,0.1076,ASK
1443142906,1511.37,0.0782,ASK
1443142907,1511.37,0.5972,ASK
1443142907,1511.37,0.0779,ASK
1443142908,1511.37,0.116,ASK
1443142908,1511.37,0.8893,ASK
1443142909,1511.37,0.116,ASK
1443142909,1511.37,0.01,ASK
1443142912,1511.37,0.1041,ASK
1443142914,1511.37,0.7596,ASK
1443142914,1511.37,0.0129,ASK
1443142914,1511.37,0.0991,ASK
1443142914,1511.37,0.0017,ASK
1443142915,1511.58,0.05,BID
1443142915,1511.59,1.0,BID
1443142915,1511.61,0.0315,BID
1443142915,1511.61,0.001,BID
1443142915,1511.37,0.0113,ASK
1443142915,1511.37,0.6623,ASK
1443142915,1511.37,0.0864,ASK
1443142915,1511.37,0.0015,ASK
1443142916,1511.37,0.7519,ASK
1443142916,1511.59,0.05,ASK
1443142917,1511.38,0.05,ASK
1443142917,1511.37,0.06,ASK
1443142917,1511.37,4.3282,ASK
1443142917,1511.37,0.1038,ASK
1443142925,1511.37,0.301,ASK
1443142925,1511.44,0.168,BID
1443142927,1511.37,0.044,ASK
1443142928,1511.37,0.0012,ASK
1443142928,1511.39,0.172,BID
1443142936,1511.6,0.001,ASK
1443142936,1511.37,0.009,ASK
1443142939,1511.87,0.002,BID
1443142942,1511.87,0.01,ASK
1443142943,1511.87,0.003,ASK
1443142943,1511.38,0.01,ASK
1443142946,1511.89,0.0149,BID
1443142946,1511.9,0.0851,BID
1443142949,1511.9,0.0149,BID
1443142949,1511.9,0.0001,BID
1443142951,1511.9,0.052,BID
1443142952,1511.38,0.04,ASK
1443142952,1511.37,5.8556,ASK
1443142959,1511.59,0.0017,BID
1443142959,1511.89,0.1055,BID
1443142959,1511.89,0.0361,BID
1443142959,1511.89,0.055,BID
1443142959,1511.9,0.2017,BID
1443142960,1511.38,0.0995,ASK
1443142960,1511.38,0.1055,BID
1443142960,1511.38,0.1,BID
1443142960,1511.38,0.0361,BID
1443142960,1511.38,0.055,BID
1443142962,1511.38,0.1039,BID
1443142967,1511.56,0.01,ASK
1443142968,1511.69,0.0361,BID
1443142968,1511.69,0.055,BID
1443142968,1511.69,0.0119,BID
1443142969,1511.69,0.0911,BID
1443142969,1511.69,0.0025,BID
1443142969,1511.7,0.1015,BID
1443142969,1511.7,0.103,BID
1443142970,1511.7,0.1966,BID
1443142971,1511.68,0.0995,BID
1443142971,1511.7,0.3005,BID
1443142971,1511.7,0.6615,BID
1443142973,1511.57,0.01,ASK
1443142976,1511.69,0.001,ASK
1443142980,1511.69,0.01,ASK
1443142985,1511.69,0.01,ASK
1443142987,1511.69,0.0785,ASK
1443142987,1511.58,0.0017,ASK
1443142987,1511.57,0.0198,ASK
1443142992,1511.57,0.0999,ASK
1443142992,1511.57,0.0569,ASK
1443142992,1511.56,1.0432,ASK
1443142993,1511.56,0.1568,ASK
1443143010,1511.56,0.01,ASK
1443143012,1511.68,0.0785,BID
1443143013,1511.7,10.683,ASK
1443143016,1511.69,0.01,ASK
1443143021,1511.69,0.01,ASK
1443143027,1511.69,0.01,ASK
1443143032,1511.69,0.01,ASK
1443143038,1511.69,0.01,ASK
1443143043,1511.69,0.01,ASK
1443143048,1511.69,0.01,ASK
1443143054,1511.69,0.0085,ASK
1443143054,1511.56,0.0015,ASK
1443143055,1511.79,0.001,BID
1443143059,1511.57,0.01,ASK
1443143065,1511.56,0.01,ASK
1443143069,1511.7,0.304,BID
1443143069,1511.69,0.01,BID
1443143069,1511.7,0.294,BID
1443143070,1511.56,0.01,ASK
1443143080,1511.79,0.094,BID
1443143080,1511.87,0.002,BID
1443143080,1511.88,0.304,BID
1443143080,1511.89,0.0669,BID
1443143080,1511.89,0.0198,BID
1443143080,1511.89,0.0999,BID
1443143080,1511.9,0.5934,BID
1443143082,1511.9,1.18,BID
1443143089,1511.8,0.094,ASK
1443143096,1511.57,0.01,ASK
1443143122,1511.58,0.01,ASK
1443143129,1511.57,0.01,ASK
1443143135,1511.57,0.01,ASK
1443143142,1511.59,0.01,ASK
1443143149,1511.59,0.01,ASK
1443143155,1511.57,0.01,ASK
1443143162,1511.57,0.01,ASK
1443143168,1511.57,0.01,ASK
1443143175,1511.57,0.01,ASK
1443143183,1511.57,0.0069,ASK
1443143183,1511.57,0.0031,ASK
1443143188,1511.57,0.0167,ASK
1443143188,1511.57,0.0999,ASK
1443143188,1511.57,0.095,ASK
1443143188,1511.56,3.9599,ASK
1443143189,1511.56,0.2116,ASK
1443143189,1511.56,0.01,ASK
1443143192,1511.59,7.0,ASK
1443143192,1511.59,11.552,ASK
1443143196,1511.56,0.01,ASK
1443143203,1511.56,0.01,ASK
1443143209,1511.56,0.01,ASK
1443143216,1511.56,0.01,ASK
1443143223,1511.56,0.01,ASK
1443143236,1511.56,0.01,ASK
1443143242,1511.56,0.01,ASK
1443143248,1511.56,0.01,ASK
1443143251,1511.56,2.58,ASK
1443143252,1511.56,1.1669,ASK
1443143252,1511.56,0.0131,ASK
1443143252,1511.56,2.0,ASK
1443143252,1511.56,0.4326,ASK
1443143252,1511.56,0.2174,ASK
1443143255,1511.56,0.01,ASK
1443143258,1511.56,0.7167,ASK
1443143258,1511.56,0.0963,ASK
1443143258,1511.56,0.0324,ASK
1443143260,1511.5,1.18,ASK
1443143262,1511.55,0.0324,BID
1443143263,1511.55,0.1104,BID
1443143266,1511.56,0.01,ASK
1443143270,1511.6,2.0,BID
1443143271,1511.6,2.58,BID
1443143271,1511.6,1.18,BID
1443143272,1511.56,0.01,ASK
1443143273,1511.58,0.01,BID
1443143273,1511.69,0.095,BID
1443143273,1511.7,1.895,BID
1443143273,1511.7,1.18,BID
1443143279,1511.56,0.01,ASK
1443143287,1511.57,0.01,ASK
1443143294,1511.56,0.0024,ASK
1443143294,1511.56,0.0076,ASK
1443143303,1511.56,0.01,ASK
1443143305,1511.56,0.02,ASK
1443143310,1511.56,0.01,ASK
1443143318,1511.56,0.01,ASK
1443143326,1511.56,0.01,ASK
1443143334,1511.67,0.01,ASK
1443143336,1511.86,0.01,BID
1443143336,1511.87,0.002,BID
1443143336,1511.94,0.009,BID
1443143336,1511.99,0.08,BID
1443143338,1511.99,0.0092,BID
1443143338,1511.99,0.0167,BID
1443143338,1511.99,0.0907,BID
1443143338,1512.0,0.0194,BID
1443143341,1511.68,0.01,ASK
1443143350,1511.87,0.01,ASK
1443143358,1511.88,0.01,ASK
1443143366,1511.88,0.01,ASK
1443143368,1511.97,16.071,ASK
1443143370,1511.88,0.0707,ASK
1443143370,1511.88,0.0258,ASK
1443143370,1511.88,0.0801,ASK
1443143370,1511.87,0.6945,ASK
1443143371,1511.87,0.1766,ASK
1443143372,1511.88,5.093,ASK
1443143374,1511.87,0.01,ASK
1443143381,1511.88,0.01,ASK
1443143387,1511.89,0.095,ASK
1443143388,1511.88,0.25,ASK
1443143391,1511.88,0.01,ASK
1443143395,1511.88,0.1,ASK
1443143398,1511.88,0.0338,ASK
1443143399,1511.88,0.01,ASK
1443143401,1511.88,0.1,ASK
1443143407,1511.88,0.01,ASK
1443143414,1511.88,0.01,ASK
1443143421,1511.88,0.01,ASK
1443143429,1511.88,0.01,ASK
1443143437,1511.87,0.01,ASK
1443143445,1511.87,0.01,ASK
1443143446,1511.99,0.1766,BID
1443143446,1511.99,0.01,BID
1443143446,1511.99,0.01,BID
1443143446,1511.99,0.095,BID
1443143446,1512.0,0.0104,BID
1443143450,1511.99,0.01,BID
1443143450,1512.0,0.138,BID
1443143453,1511.88,0.01,ASK
1443143459,1511.89,0.1,ASK
1443143460,1511.98,14.0,ASK
1443143460,1511.98,5.122,ASK
1443143462,1511.89,0.01,ASK
1443143466,1511.99,0.01,BID
1443143466,1511.99,0.038,BID
1443143466,1511.89,0.076,ASK
1443143466,1511.99,0.062,BID
1443143466,1511.99,0.01,BID
1443143466,1512.0,0.1322,BID
1443143466,1512.0,0.0258,BID
1443143467,1512.0,0.12,BID
1443143468,1512.0,0.132,BID
1443143469,1511.99,0.076,BID
1443143469,1512.0,0.5854,BID
1443143469,1511.89,0.0006,ASK
1443143469,1511.88,1.1794,ASK
1443143470,1511.88,0.01,ASK
1443143470,1512.0,0.6614,BID
1443143472,1511.89,0.0468,ASK
1443143472,1511.88,0.8106,ASK
1443143472,1511.88,0.095,ASK
1443143472,1511.88,0.1292,ASK
1443143472,1511.88,0.02,ASK
1443143472,1511.87,1.4784,ASK
1443143472,1511.87,1.18,ASK
1443143473,1511.87,0.65,ASK
1443143477,1511.89,0.01,ASK
1443143478,1511.89,1.0,ASK
1443143479,1511.89,0.65,ASK
1443143482,1511.89,0.34,ASK
1443143482,1511.87,0.84,ASK
1443143483,1511.89,0.1428,ASK
1443143484,1511.89,0.34,ASK
1443143485,1511.89,1.5172,ASK
1443143485,1511.87,0.4828,ASK
1443143485,1511.87,0.01,ASK
1443143488,1511.87,2.0,ASK
1443143491,1511.87,2.0,ASK
1443143494,1511.89,0.01,ASK
1443143497,1511.89,0.174,ASK
1443143500,1511.89,1.816,ASK
1443143500,1511.87,10.4487,ASK
1443143500,1511.87,5.0,ASK
1443143500,1511.72,0.001,ASK
1443143500,1511.67,0.01,ASK
1443143500,1511.57,0.05,ASK
1443143500,1511.56,0.0428,ASK
1443143500,1511.5,4.0769,ASK
1443143502,1511.57,0.01,BID
1443143509,1511.8,0.01,ASK
1443143516,1511.8,0.01,ASK
1443143520,1511.8,0.141,ASK
1443143520,1511.8,0.141,ASK
1443143521,1511.99,0.0786,BID
1443143521,1511.99,0.0256,BID
1443143521,1511.99,0.0924,BID
1443143521,1512.0,8.4754,BID
1443143521,1512.0,1.328,BID
1443143521,1511.81,0.0428,ASK
1443143522,1511.86,0.177,BID
1443143522,1512.0,0.0196,BID
1443143524,1511.87,0.01,ASK
1443143532,1511.87,0.01,ASK
1443143537,1511.88,0.02,ASK
1443143540,1511.88,0.01,ASK
1443143548,1512.0,0.01,ASK
1443143554,1512.0,0.133,ASK
1443143555,1512.0,0.133,ASK
1443143555,1512.0,0.2166,ASK
1443143557,1512.0,0.367,ASK
1443143557,1512.0,0.01,ASK
1443143558,1512.0,0.202,ASK
1443143565,1512.14,0.0428,BID
1443143565,1512.15,0.001,BID
1443143565,1512.2,1.9562,BID
1443143567,1512.09,0.0428,BID
1443143568,1512.09,0.0522,BID
1443143568,1512.37,0.002,BID
1443143568,1512.4,1.1258,BID
1443143569,1512.0,0.01,ASK
1443143569,1512.4,2.58,BID
1443143573,1512.15,0.01,ASK
1443143576,1512.1,0.01,ASK
1443143583,1512.11,0.0995,ASK
1443143583,1512.1,0.085,ASK
1443143583,1512.02,0.095,ASK
1443143583,1512.01,0.0985,ASK
1443143583,1512.01,0.0598,ASK
1443143583,1512.01,0.0382,ASK
1443143583,1512.0,1.524,ASK
1443143584,1512.0,2.58,ASK
1443143585,1512.0,0.099,ASK
1443143586,1512.0,2.0,ASK
1443143586,1512.0,0.0528,ASK
1443143591,1512.0,0.1,ASK
1443143603,1512.09,0.0528,BID
1443143606,1512.1,0.01,ASK
1443143611,1512.1,0.0428,ASK
1443143611,1512.09,0.3572,ASK
1443143612,1512.09,0.5,ASK
1443143612,1512.09,0.042,ASK
1443143612,1512.09,0.0422,ASK
1443143613,1512.09,0.01,ASK
1443143613,1512.09,0.4,ASK
1443143614,1512.09,0.0422,ASK
1443143615,1512.09,0.5,ASK
1443143616,1512.09,0.341,ASK
1443143617,1512.1,11.0,ASK
1443143617,1512.1,9.0,ASK
1443143617,1512.1,1.744,ASK
1443143618,1512.3,2.58,BID
1443143619,1512.09,0.825,ASK
1443143621,1512.09,0.5,ASK
1443143622,1512.09,0.01,ASK
1443143622,1512.09,0.412,ASK
1443143624,1512.09,0.5,ASK
1443143625,1512.09,0.1,ASK
1443143627,1512.09,0.5,ASK
1443143629,1512.09,1.0,ASK
1443143630,1512.09,0.01,ASK
1443143632,1512.09,0.5,ASK
1443143635,1512.09,1.0,ASK
1443143635,1512.09,0.5,ASK
1443143638,1512.09,1.0,ASK
1443143639,1512.09,0.01,ASK
1443143642,1512.09,0.5,ASK
1443143645,1512.09,0.6,ASK
1443143645,1512.09,1.0,ASK
1443143646,1512.1,18.338,ASK
1443143648,1512.09,0.01,ASK
1443143650,1512.09,0.01,ASK
1443143652,1512.09,0.08,ASK
1443143656,1512.11,0.01,ASK
1443143663,1512.09,0.01,ASK
1443143672,1512.16,0.0995,BID
1443143674,1512.29,0.095,BID
1443143674,1512.29,0.0179,BID
1443143674,1512.29,0.085,BID
1443143677,1512.3,0.01,ASK
1443143680,1512.36,0.613,BID
1443143680,1512.37,0.002,BID
1443143680,1512.4,3.8612,BID
1443143680,1512.5,2.7678,BID
1443143681,1512.33,0.5,BID
1443143681,1512.35,0.0306,BID
1443143692,1512.37,0.01,ASK
1443143694,1512.37,0.0724,ASK
1443143694,1512.3,0.1029,ASK
1443143701,1512.17,0.0995,ASK
1443143701,1512.17,0.0179,ASK
1443143701,1512.17,0.0305,ASK
1443143701,1512.17,0.0851,ASK
1443143701,1512.16,0.267,ASK
1443143701,1512.16,0.01,ASK
1443143702,1512.22,0.233,ASK
1443143702,1512.27,3.0,ASK
1443143702,1512.27,7.0,ASK
1443143702,1512.27,7.039,ASK
1443143702,1512.22,0.99,ASK
1443143704,1512.22,0.5,ASK
1443143705,1512.22,0.4211,ASK
1443143708,1512.22,0.5,ASK
1443143709,1512.22,0.01,ASK
1443143709,1512.22,0.92,ASK
1443143723,1512.23,0.01,ASK
1443143731,1512.22,0.01,ASK
1443143739,1512.22,0.01,ASK
1443143747,1512.23,0.01,ASK
1443143755,1512.22,0.01,ASK
1443143763,1512.25,0.01,ASK
1443143768,1512.36,0.142,ASK
1443143769,1512.36,0.0007,ASK
1443143772,1512.25,0.01,ASK
1443143780,1512.26,0.01,ASK
1443143789,1512.26,0.01,ASK
1443143791,1512.26,0.065,ASK
1443143791,1512.25,0.01,ASK
1443143791,1512.25,0.42,ASK
1443143794,1512.25,0.5,ASK
1443143796,1512.25,0.05,ASK
1443143797,1512.25,0.01,ASK
1443143798,1512.25,0.221,ASK
1443143801,1512.25,0.202,ASK
1443143804,1512.25,0.5,ASK
1443143804,1512.25,0.5,ASK
1443143804,1512.25,0.01,ASK
1443143807,1512.25,0.5,ASK
1443143807,1512.25,0.671,ASK
1443143808,1512.33,11.463,ASK
1443143810,1512.25,0.5,ASK
1443143810,1512.25,1.0,ASK
1443143812,1512.25,0.01,ASK
1443143813,1512.25,0.001,ASK
1443143814,1512.25,0.11,ASK
1443143814,1512.28,4.0,ASK
1443143814,1512.28,5.75,ASK
1443143817,1512.25,0.963,ASK
1443143819,1512.25,0.01,ASK
1443143820,1512.25,0.5,ASK
1443143828,1512.25,0.01,ASK
1443143835,1512.25,0.01,ASK
1443143838,1512.25,1.1167,ASK
1443143842,1512.25,0.221,ASK
1443143843,1512.25,0.01,ASK
1443143844,1512.25,0.094,ASK
1443143846,1512.25,0.5,ASK
1443143847,1512.25,0.962,ASK
1443143850,1512.25,0.5,ASK
1443143851,1512.25,0.01,ASK
1443143852,1512.25,0.092,ASK
1443143855,1512.34,0.01,ASK
1443143856,1512.34,0.0022,ASK
1443143856,1512.25,0.0078,ASK
1443143858,1512.35,0.142,BID
1443143858,1512.37,0.002,BID
1443143858,1512.39,0.095,BID
1443143858,1512.44,0.003,BID
1443143858,1512.5,0.938,BID
1443143859,1512.5,2.0,BID
1443143860,1512.36,0.01,ASK
1443143860,1512.49,0.0175,BID
1443143860,1512.49,0.1668,BID
1443143860,1512.49,0.0122,BID
1443143860,1512.5,0.9835,BID
1443143861,1512.5,2.0,BID
1443143861,1512.5,0.0175,BID
1443143863,1512.45,0.0121,ASK
1443143863,1512.44,0.0519,ASK
1443143863,1512.49,6.0,ASK
1443143863,1512.49,4.91,ASK
1443143865,1512.49,0.0121,BID
1443143865,1512.5,1.8857,BID
1443143865,1512.5,0.1022,BID
1443143865,1512.45,0.012,ASK
1443143866,1512.5,0.6612,BID
1443143867,1512.5,1.9292,BID
1443143867,1512.6,6.0,BID
1443143867,1512.6,8.0,BID
1443143867,1512.6,0.012,ASK
1443143867,1512.6,0.01,ASK
1443143868,1512.6,0.132,ASK
1443143871,1512.61,0.013,ASK
1443143875,1512.61,0.01,ASK
1443143880,1512.74,0.002,BID
1443143880,1512.79,0.544,BID
1443143882,1512.79,0.6,BID
1443143883,1512.79,0.676,BID
1443143884,1512.53,0.01,ASK
1443143887,1512.79,0.272,BID
1443143887,1512.79,0.424,BID
1443143887,1512.79,1.5,BID
1443143888,1512.78,0.01,BID
1443143888,1512.79,0.651,BID
1443143889,1512.79,0.661,BID
1443143890,1512.79,0.4,BID
1443143891,1512.79,0.272,BID
1443143891,1512.81,0.01,ASK
1443143898,1512.8,0.193,ASK
1443143899,1512.8,0.468,ASK
1443143899,1512.8,0.182,ASK
1443143899,1512.8,0.01,ASK
1443143900,1512.8,0.469,ASK
1443143901,1512.71,0.1034,ASK
1443143901,1512.7,0.0176,ASK
1443143902,1512.78,0.0416,BID
1443143902,1512.79,0.181,BID
1443143902,1512.79,0.3774,BID
1443143903,1512.79,0.2726,BID
1443143907,1512.8,0.01,ASK
1443143912,1512.87,0.002,BID
1443143912,1512.99,0.015,BID
1443143912,1513.0,0.255,BID
1443143916,1512.81,0.01,ASK
1443143924,1512.81,0.01,ASK
1443143931,1512.81,0.0089,ASK
1443143931,1512.81,0.0011,ASK
1443143933,1512.81,0.0089,ASK
1443143933,1512.81,0.01,ASK
1443143933,1512.8,0.0811,ASK
1443143939,1512.9,0.01,ASK
1443143943,1512.99,0.01,ASK
1443143943,1512.9,0.01,ASK
1443143945,1512.9,2.2594,ASK
1443143945,1512.81,0.0149,ASK
1443143945,1512.8,0.2973,ASK
1443143947,1512.62,0.01,ASK
1443143947,1512.62,0.01,ASK
1443143948,1512.62,0.11,ASK
1443143949,1512.62,0.0995,BID
1443143952,1512.61,0.13,BID
1443143952,1512.62,0.47,BID
1443143953,1512.62,0.13,BID
1443143955,1512.52,0.01,ASK
1443143955,1512.52,0.0231,ASK
1443143955,1512.51,0.0369,ASK
1443143956,1512.51,0.0331,ASK
1443143961,1512.61,0.0249,BID
1443143961,1512.61,0.0799,BID
1443143961,1512.61,0.0289,BID
1443143961,1512.62,0.0003,BID
1443143962,1512.62,0.1337,BID
1443143963,1512.61,0.01,ASK
1443143964,1512.51,0.02,ASK
1443143966,1512.62,0.6,BID
1443143967,1512.62,0.6611,BID
1443143968,1512.62,0.6611,BID
1443143969,1512.62,0.6611,BID
1443143970,1512.62,0.6611,BID
1443143970,1512.52,0.01,ASK
1443143971,1512.62,0.6611,BID
1443143972,1512.61,0.01,BID
1443143972,1512.62,0.6511,BID
1443143973,1512.52,0.0233,ASK
1443143973,1512.52,0.011,ASK
1443143973,1512.51,0.0057,ASK
1443143974,1512.51,0.0233,ASK
1443143975,1512.61,0.011,BID
1443143975,1512.61,0.0233,BID
1443143975,1512.62,0.3657,BID
1443143976,1512.62,0.6611,BID
1443143978,1512.51,0.01,ASK
1443143979,1512.51,0.01,ASK
1443143985,1512.51,0.01,ASK
1443143990,1512.62,0.4,BID
1443143991,1512.62,0.6611,BID
1443143993,1512.62,0.6611,BID
1443143994,1512.62,0.03,BID
1443143994,1512.52,0.01,ASK
1443143994,1512.62,0.6611,BID
1443143995,1512.62,0.6,BID
1443143996,1512.61,0.01,BID
1443143996,1512.62,0.6511,BID
1443144000,1512.52,0.01,ASK
1443144005,1512.52,0.01,ASK
1443144011,1512.53,0.01,ASK
1443144011,1512.61,0.01,BID
1443144011,1512.61,0.01,BID
1443144011,1512.62,2.7687,BID
1443144011,1512.76,0.001,BID
1443144011,1512.79,3.4284,BID
1443144011,1512.87,0.002,BID
1443144011,1512.89,0.65,BID
1443144011,1513.0,0.045,BID
1443144013,1513.05,14.0,BID
1443144013,1513.05,8.342,BID
1443144013,1513.0,0.6,ASK
1443144013,1513.0,6.0,ASK
1443144013,1513.0,0.4,ASK
1443144014,1513.0,0.99,ASK
1443144014,1513.0,0.65,ASK
1443144014,1513.0,0.5,ASK
1443144014,1513.0,2.58,ASK
1443144015,1513.0,0.65,ASK
1443144016,1513.0,0.01,ASK
1443144016,1513.0,2.0,ASK
1443144016,1513.0,0.65,ASK
1443144017,1513.01,0.4188,ASK
1443144017,1513.01,0.0313,ASK
1443144017,1513.0,0.1999,ASK
1443144018,1513.0,0.5,ASK
1443144018,1513.0,1.0,ASK
1443144018,1513.0,0.65,ASK
1443144019,1513.0,2.0,ASK
1443144019,1513.0,0.65,ASK
1443144020,1513.0,1.18,ASK
1443144020,1513.0,0.65,ASK
1443144021,1513.0,0.01,ASK
1443144021,1513.0,0.65,ASK
1443144022,1513.0,1.8093,ASK
1443144023,1513.0,1.18,ASK
1443144023,1513.0,0.65,ASK
1443144023,1513.0,1.0,ASK
1443144023,1513.0,0.65,ASK
1443144024,1513.0,2.0,ASK
1443144024,1513.0,0.5,ASK
1443144024,1513.0,0.65,ASK
1443144025,1513.0,0.65,ASK
1443144025,1513.0,1.0,ASK
1443144026,1513.0,5.0111,ASK
1443144026,1513.0,0.65,ASK
1443144027,1513.0,1.18,ASK
1443144027,1513.0,0.5,ASK
1443144027,1513.0,0.65,ASK
1443144027,1513.0,0.01,ASK
1443144029,1513.0,0.4,ASK
1443144030,1513.0,1.0,ASK
1443144031,1513.0,0.6,ASK
1443144032,1513.0,0.4,ASK
1443144033,1513.0,0.01,ASK
1443144033,1513.0,0.5,ASK
1443144035,1513.01,0.022,ASK
1443144037,1513.01,0.073,ASK
1443144037,1513.0,0.427,ASK
1443144038,1513.0,0.01,ASK
1443144038,1513.0,0.4213,ASK
1443144038,1513.0,0.071,ASK
1443144040,1513.0,0.5,ASK
1443144041,1513.0,0.435,ASK
1443144043,1513.0,0.01,ASK
1443144045,1513.0,13.1232,ASK
1443144060,1512.53,0.01,ASK
1443144063,1512.99,0.0896,BID
1443144064,1512.53,0.0043,ASK
1443144064,1512.52,0.45,ASK
1443144064,1512.51,0.5122,ASK
1443144064,1512.5,0.413,ASK
1443144064,1512.45,0.01,ASK
1443144064,1512.37,0.001,ASK
1443144064,1512.36,0.132,ASK
1443144064,1512.22,0.6249,ASK
1443144064,1512.21,0.8526,ASK
1443144077,1512.99,0.2961,BID
1443144077,1512.99,0.0491,BID
1443144077,1512.99,0.1249,BID
1443144077,1512.99,0.095,BID
1443144077,1513.0,0.4349,BID
1443144091,1513.0,1.0573,BID
1443144100,1512.99,0.0099,BID
1443144100,1513.0,0.9904,BID
1443144107,1512.33,0.0995,ASK
1443144107,1512.33,0.01,ASK
1443144107,1512.32,0.1915,ASK
1443144112,1512.98,0.0995,BID
1443144112,1512.99,0.1958,BID
1443144112,1513.0,0.1047,BID
1443144113,1513.0,0.196,BID
1443144114,1512.6,0.342,ASK
1443144116,1513.0,2.58,BID
1443144117,1513.0,0.18,BID
1443144123,1512.62,0.0995,ASK
1443144123,1512.6,0.6005,ASK
1443144125,1513.0,0.4,BID
1443144129,1512.62,0.01,ASK
1443144129,1512.62,0.085,ASK
1443144129,1512.61,0.1966,ASK
1443144129,1512.6,1.1084,ASK
1443144130,1512.6,0.01,ASK
1443144135,1512.81,0.01,ASK
1443144137,1512.81,0.01,ASK
1443144137,1512.6,0.068,ASK
1443144138,1512.99,0.1966,BID
1443144138,1513.0,0.0994,BID
1443144138,1513.0,0.6,BID
1443144140,1512.98,0.0995,BID
1443144140,1513.0,0.0971,BID
1443144141,1513.0,24.7454,BID
1443144153,1512.72,0.01,ASK
1443144153,1512.72,0.01,ASK
1443144158,1512.51,0.01,ASK
1443144163,1512.51,0.01,ASK
1443144168,1512.51,0.01,ASK
1443144176,1512.4,0.01,ASK
1443144182,1512.41,0.01,ASK
1443144187,1512.3,4.1,ASK
1443144187,1512.63,0.01,BID
1443144187,1512.3,0.01,ASK
1443144189,1512.63,13.504,ASK
1443144192,1512.31,0.01,ASK
1443144197,1512.3,0.01,ASK
1443144202,1512.3,0.01,ASK
1443144203,1512.62,3.0,ASK
1443144203,1512.62,0.979,ASK
1443144208,1512.3,0.01,ASK
1443144214,1512.3,0.01,ASK
1443144219,1512.3,0.01,ASK
1443144224,1512.3,0.01,ASK
1443144229,1512.63,0.01,ASK
1443144229,1512.63,0.01,ASK
1443144234,1512.63,0.01,ASK
1443144239,1512.63,0.01,ASK
1443144246,1512.63,0.01,ASK
1443144251,1512.63,0.01,ASK
1443144253,1512.63,0.42,ASK
1443144253,1512.63,0.84,ASK
1443144253,1512.22,0.0551,ASK
1443144253,1512.22,0.0415,ASK
1443144253,1512.21,0.5354,ASK
1443144266,1512.21,0.01,ASK
1443144284,1512.21,0.0015,ASK
1443144288,1512.61,0.0325,BID
1443144288,1512.62,0.65,BID
1443144288,1512.64,0.01,BID
1443144288,1512.87,0.002,BID
1443144288,1512.99,0.095,BID
1443144288,1512.99,0.0687,BID
1443144288,1513.0,11.7934,BID
1443144288,1513.0,0.3484,BID
1443144291,1512.22,0.01,ASK
1443144296,1512.22,0.01,ASK
1443144300,1512.23,0.002,ASK
1443144302,1512.23,0.01,ASK
1443144308,1512.64,0.01,ASK
1443144309,1512.64,0.25,ASK
1443144309,1512.22,0.01,ASK
1443144311,1512.63,0.002,BID
1443144313,1512.22,0.01,ASK
1443144319,1512.22,0.01,ASK
1443144320,1512.23,3.0,ASK
1443144320,1512.23,2.0,ASK
1443144320,1512.23,3.473,ASK
1443144321,1512.62,0.012,BID
1443144321,1512.63,0.1888,BID
1443144321,1512.64,0.0065,BID
1443144323,1512.64,0.363,ASK
1443144323,1512.64,0.0004,ASK
1443144324,1512.22,0.01,ASK
1443144325,1512.22,0.065,ASK
1443144325,1512.22,0.0693,ASK
1443144325,1512.21,0.2157,ASK
1443144327,1512.62,0.0171,BID
1443144327,1512.62,0.0192,BID
1443144327,1512.63,0.3626,BID
1443144327,1512.63,0.1011,BID
1443144328,1512.23,4.0,BID
1443144328,1512.23,2.468,BID
1443144338,1512.77,0.001,BID
1443144338,1512.81,0.0018,ASK
1443144339,1512.81,0.095,ASK
1443144341,1512.81,0.0622,ASK
1443144341,1512.63,0.0065,ASK
1443144341,1512.4,0.1505,ASK
1443144348,1512.42,0.0996,ASK
1443144355,1512.22,0.0297,ASK
1443144355,1512.22,0.0288,ASK
1443144355,1512.22,0.0365,ASK
1443144355,1512.22,0.003,ASK
1443144375,1512.22,0.001,ASK
1443144390,1512.22,0.0022,ASK
1443144401,1512.22,0.052,ASK
1443144403,1512.22,0.0003,ASK
1443144403,1512.21,0.1702,ASK
1443144403,1512.21,0.2225,ASK
1443144417,1512.22,0.001,BID
1443144423,1512.21,0.01,ASK
1443144426,1512.21,0.02,ASK
1443144427,1512.21,0.0033,ASK
1443144428,1512.21,0.01,ASK
1443144433,1512.21,0.01,ASK
1443144435,1512.37,0.002,BID
1443144438,1512.22,0.01,ASK
1443144442,1512.22,0.001,ASK
1443144443,1512.22,0.01,ASK
1443144448,1512.22,0.0087,ASK
1443144448,1512.21,0.0013,ASK
1443144454,1512.21,0.01,ASK
1443144459,1512.21,0.01,ASK
1443144465,1512.21,0.01,ASK
1443144483,1512.21,0.001,ASK
1443144484,1512.37,0.002,BID
1443144490,1512.21,0.01,ASK
1443144506,1512.36,0.001,BID
1443144517,1512.69,0.19,ASK
1443144517,1512.31,0.0075,ASK
1443144533,1512.31,0.0056,ASK
1443144542,1512.79,0.0465,BID
1443144542,1512.8,0.0765,BID
1443144542,1512.8,0.6,BID
1443144553,1512.41,0.0012,ASK
1443144558,1512.78,0.0996,BID
1443144558,1512.79,0.0127,BID
1443144558,1512.8,0.2539,BID
1443144560,1512.81,0.02,ASK
1443144564,1512.63,0.01,BID
1443144564,1512.87,0.002,BID
1443144564,1512.99,0.068,BID
1443144566,1512.52,6.0,BID
1443144566,1512.52,1.076,BID
1443144572,1512.41,0.001,BID
1443144588,1512.86,0.0041,ASK
1443144589,1512.86,0.01,ASK
1443144590,1512.86,0.17,ASK
1443144594,1512.86,0.01,ASK
1443144597,1512.98,0.001,BID
1443144597,1512.99,0.0162,BID
1443144597,1512.99,0.0532,BID
1443144597,1512.99,0.095,BID
1443144597,1513.0,0.7766,BID
1443144597,1513.0,0.238,BID
1443144597,1513.0,8.3904,BID
1443144602,1513.0,0.01,ASK
1443144604,1513.0,0.001,ASK
1443144607,1513.0,0.01,ASK
1443144608,1513.03,4.915,ASK
1443144612,1513.01,0.01,ASK
1443144619,1513.01,0.01,ASK
1443144619,1513.01,0.001,ASK
1443144624,1513.01,0.01,ASK
1443144629,1513.01,0.01,ASK
1443144635,1513.01,0.01,ASK
1443144635,1513.01,0.01,ASK
1443144640,1513.01,0.01,ASK
1443144646,1513.01,0.01,ASK
1443144651,1513.01,0.01,ASK
1443144655,1513.01,0.001,ASK
1443144656,1513.01,0.003,ASK
1443144656,1513.01,0.007,ASK
1443144659,1513.04,0.001,BID
1443144662,1513.01,0.01,ASK
1443144667,1513.01,0.01,ASK
1443144670,1513.01,0.0202,ASK
1443144673,1513.02,0.01,ASK
1443144679,1513.01,0.01,ASK
1443144679,1513.18,0.003,BID
1443144684,1513.01,0.01,ASK
1443144689,1513.01,0.01,ASK
1443144690,1513.01,0.0016,ASK
1443144694,1513.01,0.0005,ASK
1443144694,1513.01,0.0095,ASK
1443144700,1513.01,0.01,ASK
1443144706,1513.01,0.0839,ASK
1443144706,1513.01,0.0126,ASK
1443144706,1513.0,0.5035,ASK
1443144706,1513.0,0.4,ASK
1443144706,1513.0,0.096,ASK
1443144707,1513.01,6.0,ASK
1443144707,1513.01,7.798,ASK
1443144708,1513.0,0.6,ASK
1443144708,1513.0,0.5,ASK
1443144708,1513.0,0.6,ASK
1443144708,1513.0,0.0052,ASK
1443144723,1513.0,0.001,ASK
1443144726,1513.0,0.01,ASK
1443144728,1513.0,2.58,ASK
1443144730,1513.0,0.222,ASK
1443144730,1513.0,0.172,ASK
1443144730,1513.0,0.01,ASK
1443144735,1513.0,0.4,ASK
1443144736,1513.0,0.01,ASK
1443144737,1513.0,0.197,ASK
1443144738,1513.0,0.5,ASK
1443144739,1513.0,0.001,ASK
1443144739,1513.0,0.124,ASK
1443144741,1513.0,0.01,ASK
1443144746,1513.0,0.01,ASK
1443144751,1513.0,0.01,ASK
1443144754,1513.0,0.0148,ASK
1443144756,1513.0,0.01,ASK
1443144760,1513.18,0.007,BID
1443144760,1513.19,0.003,BID
1443144761,1513.19,0.01,ASK
1443144768,1513.19,0.01,ASK
1443144769,1513.19,0.0211,ASK
1443144772,1513.19,0.6,ASK
1443144773,1513.19,0.01,ASK
1443144773,1513.19,9.2782,ASK
1443144773,1513.19,1.0,ASK
1443144776,1513.19,1.0,ASK
1443144777,1513.19,0.5,ASK
1443144777,1513.19,9.3707,ASK
1443144778,1513.19,8.7007,ASK
1443144778,1513.19,0.01,ASK
1443144781,1513.19,3.9125,ASK
1443144781,1513.19,1.0,ASK
1443144783,1513.19,0.01,ASK
1443144784,1513.19,0.0392,ASK
1443144785,1513.29,0.0229,BID
1443144785,1513.29,0.0107,BID
1443144785,1513.29,0.0229,BID
1443144785,1513.3,0.6713,BID
1443144785,1513.37,0.002,BID
1443144785,1513.39,0.14,BID
1443144785,1513.4,0.3102,BID
1443144788,1513.3,0.0013,ASK
1443144790,1513.3,0.019,ASK
1443144797,1513.31,0.013,ASK
1443144800,1513.3,0.0133,ASK
1443144800,1513.2,0.0967,ASK
1443144801,1513.4,0.0559,BID
1443144804,1513.2,0.0433,ASK
1443144804,1513.2,0.0124,ASK
1443144804,1513.2,0.0442,ASK
1443144804,1513.19,0.4001,ASK
1443144804,1513.19,0.0999,ASK
1443144804,1513.19,0.099,ASK
1443144805,1513.19,0.0203,ASK
1443144805,1513.19,0.0999,ASK
1443144806,1513.19,5.5914,ASK
1443144807,1513.19,0.099,ASK
1443144807,1513.19,0.108,ASK
1443144807,1513.07,0.08,ASK
1443144807,1513.0,0.312,ASK
1443144808,1513.0,0.207,ASK
1443144809,1513.0,0.01,ASK
1443144810,1513.0,0.044,ASK
1443144811,1513.0,0.5,ASK
1443144813,1513.3,0.001,BID
1443144813,1513.3,0.1492,BID
1443144814,1513.3,0.01,ASK
1443144814,1513.3,0.3998,ASK
1443144814,1513.0,0.1002,ASK
1443144815,1513.0,0.183,ASK
1443144817,1513.0,0.5,ASK
1443144819,1513.0,0.01,ASK
1443144820,1513.0,1.0,ASK
1443144820,1513.0,0.0159,ASK
1443144820,1513.0,0.1644,ASK
1443144821,1512.98,0.5,ASK
1443144822,1512.98,0.409,ASK
1443144823,1512.98,0.1777,ASK
1443144824,1512.98,1.0,ASK
1443144824,1512.98,0.5,ASK
1443144825,1512.98,0.01,ASK
1443144827,1512.98,0.5,ASK
1443144829,1512.98,0.104,ASK
1443144831,1513.0,0.0121,ASK
1443144851,1513.0,0.01,ASK
1443144854,1513.0,0.0779,ASK
1443144854,1513.0,0.9221,ASK
1443144854,1513.0,0.5,ASK
1443144856,1513.0,0.01,ASK
1443144857,1513.0,0.05,ASK
1443144857,1513.0,0.0179,ASK
1443144857,1512.98,0.4821,ASK
1443144858,1512.98,0.2,ASK
1443144859,1512.98,0.08,ASK
1443144859,1512.99,17.0,ASK
1443144859,1512.99,3.974,ASK
1443144861,1512.98,0.01,ASK
1443144866,1512.98,0.01,ASK
1443144868,1512.98,0.2642,ASK
1443144868,1512.98,0.0098,ASK
1443144872,1512.98,0.01,ASK
1443144877,1512.98,0.01,ASK
1443144877,1512.98,0.001,ASK
1443144877,1513.03,0.001,BID
1443144882,1512.98,0.01,ASK
1443144888,1512.98,0.01,ASK
1443144894,1512.98,0.0107,ASK
1443144894,1512.98,0.01,ASK
1443144897,1513.03,0.109,BID
1443144902,1513.04,0.109,ASK
1443144906,1513.03,0.01,ASK
1443144909,1513.02,0.0013,ASK
1443144909,1512.98,0.4987,ASK
1443144910,1512.98,0.0098,ASK
1443144910,1512.86,0.4992,ASK
1443144915,1512.86,0.5,ASK
1443144916,1512.86,1.0,ASK
1443144918,1512.86,0.5,ASK
1443144919,1512.86,1.0,ASK
1443144921,1512.86,0.5,ASK
1443144922,1512.86,0.109,ASK
1443144923,1512.86,1.0,ASK
1443144926,1512.86,0.449,ASK
1443144934,1513.03,0.003,BID
1443144934,1513.29,0.0798,BID
1443144934,1513.29,0.0677,BID
1443144934,1513.29,0.0491,BID
1443144934,1513.3,5.9441,BID
1443144934,1513.37,0.002,BID
1443144934,1513.4,4.6615,BID
1443144947,1512.87,0.001,ASK
1443144962,1513.02,0.003,ASK
1443144962,1512.87,0.0667,ASK
1443144962,1512.87,0.0491,ASK
1443144962,1512.87,0.0792,ASK
1443144962,1512.87,0.0006,ASK
1443144962,1512.86,0.0094,ASK
1443144963,1512.86,0.01,ASK
1443144963,1512.87,4.0,ASK
1443144963,1512.87,5.0,ASK
1443144963,1512.87,3.941,ASK
1443144964,1512.86,0.5,ASK
1443144966,1513.19,0.0021,ASK
1443144967,1513.19,4.937,ASK
1443144968,1513.19,0.5,ASK
1443144968,1513.19,1.0,ASK
1443144970,1513.19,2.1909,ASK
1443144970,1512.86,1.5,ASK
1443144971,1512.86,2.1909,ASK
1443144971,1512.86,0.1,ASK
1443144971,1512.86,0.5,ASK
1443144988,1512.86,0.26,ASK
1443145001,1512.86,0.001,ASK
1443145016,1512.86,0.001,ASK
1443145017,1513.03,0.11,BID
1443145021,1513.04,0.072,ASK
1443145024,1513.04,0.11,ASK
1443145025,1513.02,0.003,ASK
1443145025,1512.86,0.217,ASK
1443145025,1512.86,0.01,ASK
1443145028,1512.86,0.5,ASK
1443145028,1512.86,1.0,ASK
1443145031,1512.86,0.923,ASK
1443145032,1512.86,0.5,ASK
1443145062,1513.03,0.11,BID
1443145064,1513.04,0.004,ASK
1443145067,1513.04,0.106,ASK
1443145067,1512.86,0.004,ASK
1443145079,1512.86,0.0156,ASK
1443145096,1512.86,0.001,ASK
1443145111,1512.9,0.0036,ASK
1443145128,1513.03,0.11,BID
1443145130,1513.04,0.0013,ASK
1443145133,1513.04,0.108,ASK
1443145150,1513.04,0.0007,ASK
1443145176,1512.9,0.015,ASK
1443145180,1512.9,0.015,ASK
1443145181,1512.9,0.5,ASK
1443145183,1512.9,1.0,ASK
1443145184,1512.9,0.2764,ASK
1443145184,1512.87,0.2236,ASK
1443145187,1512.87,0.2764,ASK
1443145187,1512.86,0.2236,ASK
1443145188,1512.86,0.1,ASK
1443145190,1512.86,0.5,ASK
1443145190,1512.86,0.276,ASK
1443145193,1512.86,0.5,ASK
1443145194,1512.86,0.113,ASK
1443145195,1512.86,0.33,ASK
1443145197,1512.86,0.162,ASK
1443145197,1512.86,0.5,ASK
1443145201,1512.86,0.5,ASK
1443145204,1512.86,0.5,ASK
1443145211,1512.86,0.5,ASK
1443145215,1512.86,0.5,ASK
1443145218,1512.86,1.0,ASK
1443145225,1512.86,0.5,ASK
1443145228,1512.86,0.5,ASK
1443145229,1512.9,0.001,BID
1443145233,1512.86,1.0,ASK
1443145235,1513.03,0.11,BID
1443145260,1513.04,0.11,ASK
1443145262,1512.87,0.009,ASK
1443145263,1512.9,0.0021,ASK
1443145263,1512.87,0.0316,ASK
1443145263,1512.86,0.0763,ASK
1443145267,1512.86,1.9686,ASK
1443145267,1512.86,0.031,ASK
1443145269,1512.86,0.5,ASK
1443145270,1512.86,0.165,ASK
1443145276,1512.86,0.5,ASK
1443145276,1512.86,1.0,ASK
1443145277,1512.86,0.11,ASK
1443145279,1512.86,0.5,ASK
1443145282,1512.86,1.0,ASK
1443145284,1512.86,0.0082,ASK
1443145285,1512.86,0.5,ASK
1443145285,1512.86,0.11,ASK
1443145288,1512.86,0.5,ASK
1443145288,1512.86,0.5,ASK
1443145292,1512.86,0.166,ASK
1443145296,1512.86,0.029,ASK
1443145301,1512.86,0.001,ASK
1443145302,1512.86,0.278,ASK
1443145304,1512.86,0.147,ASK
1443145311,1512.87,0.216,ASK
1443145314,1512.87,0.374,ASK
1443145317,1512.87,0.13,ASK
1443145320,1512.87,0.0013,ASK
1443145320,1512.87,0.216,ASK
1443145327,1512.9,0.1,BID
1443145327,1513.02,0.01,BID
1443145329,1512.91,0.01,ASK
1443145333,1512.91,0.029,ASK
1443145334,1513.02,0.09,BID
1443145335,1513.02,0.01,BID
1443145338,1513.03,0.09,ASK
1443145339,1512.91,0.001,ASK
1443145351,1513.29,0.095,BID
1443145359,1512.91,0.0077,ASK
1443145367,1512.91,0.062,ASK
1443145374,1512.91,0.0003,ASK
1443145389,1512.91,0.0581,BID
1443145392,1513.01,1.0,BID
1443145392,1513.01,6.621,BID
1443145393,1512.92,0.01,ASK
1443145398,1512.92,0.001,ASK
1443145400,1512.92,0.0471,ASK
1443145400,1512.91,0.0009,ASK
1443145401,1512.91,0.0471,ASK
1443145404,1513.02,0.11,BID
1443145405,1513.04,1.0,BID
1443145405,1513.04,12.0,BID
1443145405,1513.04,0.758,BID
1443145407,1513.03,0.11,ASK
1443145407,1513.36,0.002,BID
1443145410,1513.03,0.058,ASK
1443145414,1512.91,0.0261,ASK
1443145414,1512.88,0.095,ASK
1443145414,1512.88,0.0576,ASK
1443145414,1512.87,0.0013,ASK
1443145417,1513.34,0.0053,ASK
1443145417,1512.87,0.0047,ASK
1443145418,1512.87,0.01,ASK
1443145423,1512.91,0.01,BID
1443145424,1512.91,0.0137,BID
1443145433,1513.34,0.0905,BID
1443145433,1513.35,0.5916,BID
1443145436,1513.33,0.011,BID
1443145436,1513.34,0.0609,BID
1443145436,1513.35,1.2176,BID
1443145437,1513.35,0.0011,ASK
1443145438,1513.35,0.16,ASK
1443145439,1513.35,0.1203,ASK
1443145439,1512.88,0.0532,ASK
1443145439,1512.87,0.0467,ASK
1443145439,1512.87,0.0601,ASK
1443145440,1512.87,0.28,ASK
1443145440,1512.87,0.1203,ASK
1443145440,1512.89,6.0,ASK
1443145440,1512.89,12.139,ASK
1443145443,1512.92,0.1287,BID
1443145444,1512.93,0.0003,ASK
1443145444,1512.93,0.129,ASK
1443145444,1512.93,0.129,ASK
1443145444,1512.93,0.1287,ASK
1443145444,1512.87,0.5396,ASK
1443145444,1512.86,1.2034,ASK
1443145453,1512.88,0.001,BID
1443145460,1512.93,0.0996,ASK
1443145460,1512.92,0.0006,ASK
1443145460,1512.86,0.8998,ASK
1443145462,1512.86,0.5,ASK
1443145462,1512.87,14.334,ASK
1443145464,1512.86,0.577,ASK
1443145466,1512.86,0.0809,ASK
1443145466,1512.86,0.2,ASK
1443145466,1512.86,0.2191,ASK
1443145469,1512.86,0.5,ASK
1443145469,1512.86,0.13,ASK
1443145472,1512.86,0.1509,ASK
1443145472,1512.86,0.3491,ASK
1443145472,1512.86,0.061,ASK
1443145475,1512.86,1.0,ASK
1443145479,1512.86,0.5,ASK
1443145480,1512.86,1.0,ASK
1443145487,1512.86,0.089,ASK
1443145497,1512.86,0.0009,ASK
1443145498,1512.85,0.0001,BID
1443145514,1513.19,0.0669,BID
1443145514,1513.2,1.3385,BID
1443145514,1513.29,0.0487,BID
1443145514,1513.29,0.081,BID
1443145514,1513.3,0.777,BID
1443145528,1512.92,0.001,BID
1443145528,1513.02,0.11,BID
1443145528,1513.33,0.01,BID
1443145528,1513.34,0.179,BID
1443145548,1512.71,0.0015,ASK
1443145572,1512.71,0.0015,ASK
1443145572,1512.7,0.1,ASK
1443145572,1512.51,0.0908,ASK
1443145572,1512.5,1.49,ASK
1443145572,1512.5,0.777,ASK
1443145572,1512.43,0.0669,ASK
1443145572,1512.43,0.0389,ASK
1443145572,1512.42,2.2056,ASK
1443145572,1512.41,0.002,ASK
1443145572,1512.4,0.5731,ASK
1443145573,1512.91,14.0,ASK
1443145573,1512.91,4.503,ASK
1443145573,1512.91,2.0,ASK
1443145573,1512.91,1.833,ASK
1443145575,1512.5,0.1,BID
1443145577,1512.92,0.0075,BID
1443145577,1513.35,0.1,BID
1443145577,1513.37,0.002,BID
1443145577,1513.44,0.002,BID
1443145577,1513.46,0.095,BID
1443145577,1513.46,0.0908,BID
1443145577,1513.46,0.0411,BID
1443145577,1513.47,0.893,BID
1443145577,1513.47,0.0893,BID
1443145577,1513.47,0.794,BID
1443145586,1512.52,0.001,ASK
1443145590,1513.34,0.03,ASK
1443145591,1513.34,0.0215,ASK
1443145592,1513.34,0.021,ASK
1443145592,1513.34,0.1638,ASK
1443145599,1512.81,0.0425,BID
1443145599,1512.81,0.0275,BID
1443145601,1512.81,0.1573,BID
1443145616,1512.83,0.0186,ASK
1443145616,1512.82,0.0114,ASK
1443145617,1512.82,0.018,ASK
1443145618,1512.82,0.5,ASK
1443145622,1512.87,0.002,BID
1443145622,1513.02,0.002,BID
1443145622,1513.32,0.0118,BID
1443145622,1513.32,0.002,BID
1443145622,1513.33,0.2363,BID
1443145622,1513.33,0.0022,BID
1443145622,1513.4,0.167,BID
1443145622,1512.82,0.0306,ASK
1443145635,1512.61,0.0022,BID
1443145647,1512.61,0.0272,BID
1443145651,1512.62,0.029,ASK
1443145651,1512.81,0.0306,BID
1443145651,1512.87,0.002,BID
1443145651,1513.02,0.042,BID
1443145652,1512.62,0.0004,ASK
1443145652,1512.61,0.0272,ASK
1443145652,1512.52,0.096,ASK
1443145652,1512.5,0.008,ASK
1443145652,1512.4,0.3576,ASK
1443145652,1512.37,0.002,ASK
1443145652,1512.21,0.0364,ASK
1443145654,1512.21,0.027,ASK
1443145655,1512.21,0.1,ASK
1443145659,1512.21,0.518,ASK
1443145660,1512.51,0.001,BID
1443145660,1512.29,0.002,ASK
1443145660,1512.21,0.0005,ASK
1443145660,1512.11,0.0075,ASK
1443145662,1512.11,0.095,ASK
1443145662,1512.51,0.0004,BID
1443145662,1512.6,3.629,BID
1443145663,1512.11,0.5,ASK
1443145664,1512.11,1.0,ASK
1443145665,1512.11,0.2928,ASK
1443145666,1512.11,0.29,ASK
1443145667,1512.11,0.0383,ASK
1443145667,1512.11,0.038,ASK
1443145668,1512.11,0.0383,ASK
1443145669,1512.11,0.8786,ASK
1443145669,1512.11,0.5,ASK
1443145671,1512.11,0.8802,ASK
1443145671,1512.11,1.0,ASK
1443145672,1512.11,2.6413,ASK
1443145672,1512.09,1.8802,ASK
1443145676,1512.1,0.002,BID
1443145678,1512.58,0.0182,ASK
1443145679,1512.1,0.0182,ASK
1443145679,1512.1,0.018,ASK
1443145695,1512.1,0.001,ASK
1443145696,1512.58,0.0148,ASK
