timestamp,price,amount,side
1446076248,1994.48,0.38,BID
1446076248,1994.49,2.1004,BID
1446076252,1994.49,3.9382,BID
1446076252,1994.49,6.6855,BID
1446076252,1994.5,1.0519,BID
1446076252,1994.5,10.104,BID
1446076252,1994.98,0.1,BID
1446076252,1994.98,0.4505,BID
1446076252,1995.0,6.5883,BID
1446076252,1995.0,5.0009,BID
1446076252,1995.0,1.0,BID
1446076252,1995.0,1.58,BID
1446076252,1995.0,13.5007,BID
1446076252,1995.0,0.247,BID
1446076253,1994.99,10.77,BID
1446076258,1995.0,2.23,BID
1446076258,1994.49,0.1552,ASK
1446076263,1995.0,0.614,BID
1446076267,1995.0,18.7032,BID
1446076267,1995.0,0.304,BID
1446076267,1995.0,0.5296,BID
1446076267,1995.0,0.01,BID
1446076267,1995.0,9.6829,BID
1446076268,1995.01,0.147,BID
1446076272,1995.0,2.58,ASK
1446076273,1995.0,0.65,ASK
1446076274,1995.0,0.65,ASK
1446076274,1995.0,0.006,ASK
1446076275,1995.0,0.65,ASK
1446076275,1995.0,1.5968,ASK
1446076276,1995.0,0.65,ASK
1446076277,1995.0,0.65,ASK
1446076278,1995.0,0.65,ASK
1446076279,1995.0,0.65,ASK
1446076281,1995.0,2.0375,ASK
1446076281,1994.99,0.3918,ASK
1446076281,1994.99,0.6082,ASK
1446076281,1992.19,0.5,ASK
1446076281,1992.19,0.7,ASK
1446076281,1992.19,0.3,ASK
1446076281,1992.18,10.4413,ASK
1446076281,1992.18,0.9874,ASK
1446076281,1992.17,0.5,ASK
1446076281,1992.15,0.3,ASK
1446076281,1992.0,1.2695,ASK
1446076281,1991.99,0.2,ASK
1446076281,1991.83,13.0509,ASK
1446076281,1992.19,0.6,ASK
1446076281,1991.83,1.4,ASK
1446076283,1992.22,0.834,ASK
1446076283,1991.83,1.166,ASK
1446076303,1994.69,0.01,BID
1446076307,1992.2,3.0,ASK
1446076307,1991.98,0.1,ASK
1446076307,1991.98,18.3664,ASK
1446076317,1991.99,0.1578,ASK
1446076337,1992.05,0.248,ASK
1446076337,1992.02,0.002,ASK
1446076340,1992.03,0.0587,ASK
1446076340,1992.02,0.5,ASK
1446076340,1992.02,0.0103,ASK
1446076340,1992.0,1.3882,ASK
1446076340,1992.0,2.0508,ASK
1446076341,1994.54,1.0,ASK
1446076341,1994.54,2.292,ASK
1446076342,1992.0,0.1,ASK
1446076365,1992.0,0.2,ASK
1446076400,1992.97,0.834,BID
1446076400,1992.99,0.1,BID
1446076400,1993.0,3.066,BID
1446076420,1992.99,0.0587,ASK
1446076438,1993.0,0.015,BID
1446076439,1992.99,1.18,ASK
1446076440,1992.99,0.65,ASK
1446076441,1992.99,0.65,ASK
1446076443,1992.99,0.4613,ASK
1446076447,1992.98,0.1887,BID
1446076447,1992.98,0.65,BID
1446076447,1993.0,1.4785,BID
1446076447,1993.0,0.0011,BID
1446076457,1993.02,0.1,ASK
1446076457,1993.0,1.08,ASK
1446076470,1993.01,0.0587,ASK
1446076470,1993.0,3.2922,ASK
1446076470,1992.02,5.8783,ASK
1446076470,1992.01,5.1,ASK
1446076470,1992.0,0.001,ASK
1446076470,1992.0,0.001,ASK
1446076470,1992.0,4.56,ASK
1446076470,1992.0,0.0732,ASK
1446076470,1992.0,0.165,ASK
1446076474,1993.25,9.5273,BID
1446076484,1993.01,0.0597,BID
1446076484,1993.2,0.4403,BID
1446076485,1992.0,0.01,ASK
1446076505,1993.14,0.0587,BID
1446076505,1993.14,0.1,BID
1446076505,1993.15,0.75,BID
1446076505,1993.15,0.1323,BID
1446076507,1993.15,10.309,BID
1446076507,1993.17,0.5,BID
1446076515,1994.49,0.5,BID
1446076515,1994.5,0.1,BID
1446076551,1992.19,0.501,ASK
1446076551,1992.17,0.3989,ASK
1446076551,1992.17,0.001,ASK
1446076552,1994.17,0.5,BID
1446076554,1994.21,0.59,ASK
1446076554,1994.21,0.5,ASK
1446076556,1994.21,0.5,ASK
1446076556,1994.21,0.501,ASK
1446076557,1994.21,0.65,ASK
1446076557,1994.21,0.5,ASK
1446076558,1994.21,0.65,ASK
1446076558,1994.21,0.5,ASK
1446076559,1994.21,0.65,ASK
1446076560,1994.22,0.6,BID
1446076560,1994.21,0.5,ASK
1446076560,1994.21,0.65,ASK
1446076560,1994.21,0.099,ASK
1446076561,1994.21,0.5,ASK
1446076561,1994.22,0.5014,BID
1446076562,1994.21,0.65,ASK
1446076562,1994.21,0.5,ASK
1446076563,1994.21,0.65,ASK
1446076564,1994.21,0.422,ASK
1446076564,1994.21,0.5,ASK
1446076564,1994.21,10.0,ASK
1446076564,1994.21,0.65,ASK
1446076565,1994.21,0.65,ASK
1446076565,1994.21,0.5,ASK
1446076566,1994.21,0.65,ASK
1446076567,1994.21,0.5,ASK
1446076567,1994.21,0.65,ASK
1446076569,1994.21,0.65,ASK
1446076570,1994.21,0.5,ASK
1446076570,1994.21,0.65,ASK
1446076571,1994.21,0.65,ASK
1446076571,1994.21,5.3074,ASK
1446076571,1993.92,0.1,ASK
1446076572,1992.22,0.249,ASK
1446076572,1992.19,1.751,ASK
1446076575,1993.82,0.002,BID
1446076594,1993.78,0.1,BID
1446076594,1993.78,0.6,BID
1446076594,1993.78,0.2597,BID
1446076594,1993.81,2.2903,BID
1446076616,1992.07,0.7,ASK
1446076616,1992.07,0.0246,ASK
1446076687,1992.58,0.024,ASK
1446076692,1992.57,0.1,ASK
1446076692,1992.56,0.0064,ASK
1446076692,1992.53,0.6,ASK
1446076709,1992.22,2.0,ASK
1446076711,1992.22,2.0,BID
1446076713,1992.22,2.58,BID
1446076715,1992.22,0.502,BID
1446076716,1992.22,0.502,BID
1446076716,1992.22,0.7306,BID
1446076717,1992.22,0.502,BID
1446076718,1992.22,2.0,BID
1446076718,1992.22,0.502,BID
1446076719,1992.22,0.502,BID
1446076720,1992.22,2.0,BID
1446076720,1992.22,0.502,BID
1446076721,1992.22,0.502,BID
1446076722,1992.22,0.502,BID
1446076723,1992.22,0.502,BID
1446076725,1992.22,8.1014,BID
1446076744,1992.24,0.6641,ASK
1446076760,1992.3,5.3125,ASK
1446076760,1992.24,1.1025,ASK
1446076760,1992.23,0.502,ASK
1446076760,1992.23,0.502,ASK
1446076760,1992.23,1.381,ASK
1446076791,1993.54,0.024,BID
1446076791,1993.55,0.7,BID
1446076791,1993.55,1.381,BID
1446076791,1993.56,1.3383,BID
1446076791,1993.56,1.5567,BID
1446076807,1992.51,0.0145,ASK
1446076810,1993.48,0.249,BID
1446076810,1993.51,0.1,BID
1446076810,1993.52,0.5353,BID
1446076810,1993.61,0.0064,BID
1446076810,1993.79,0.006,BID
1446076811,1993.81,0.0145,ASK
1446076811,1994.15,13.109,BID
1446076825,1993.21,0.6,BID
1446076825,1993.22,0.087,BID
1446076827,1993.22,6.563,BID
1446076844,1994.19,0.001,BID
1446076844,1994.2,0.65,BID
1446076844,1994.2,14.2314,BID
1446076851,1994.19,0.5,BID
1446076851,1994.2,1.4,BID
1446076854,1994.19,0.1576,BID
1446076868,1994.18,0.0045,BID
1446076868,1994.19,0.1424,BID
1446076868,1994.19,0.1891,BID
1446076868,1994.19,0.0052,BID
1446076868,1994.2,0.3358,BID
1446076869,1994.2,3.1548,BID
1446076869,1994.5,0.8707,BID
1446076869,1994.69,0.3999,BID
1446076869,1994.69,0.3,BID
1446076869,1994.89,5.8957,BID
1446076875,1994.69,0.001,ASK
1446076875,1994.9,1.18,BID
1446076891,1994.9,0.2082,BID
1446076891,1994.9,0.4818,BID
1446076891,1994.99,0.003,BID
1446076891,1995.0,1.3243,BID
1446076891,1995.0,12.1602,BID
1446076899,1995.0,7.112,BID
1446076900,1994.62,0.1,ASK
1446076900,1993.12,0.0684,ASK
1446076901,1995.0,1.7278,BID
1446076901,1995.0,0.01,BID
1446076901,1995.01,0.417,BID
1446076901,1995.0,6.0,BID
1446076901,1995.0,3.112,BID
1446076907,1995.01,0.116,BID
1446076910,1995.0,0.1,BID
1446076910,1995.01,0.0003,BID
1446076910,1995.01,0.2597,BID
1446076910,1995.09,0.0003,BID
1446076911,1995.09,0.0097,BID
1446076911,1995.2,3.9903,BID
1446076920,1995.0,2.4802,BID
1446076920,1995.0,1.856,BID
1446076920,1995.2,2.4739,BID
1446076920,1995.32,0.0061,BID
1446076931,1995.2,0.04,BID
1446076931,1995.0,0.001,ASK
1446076932,1995.0,0.001,ASK
1446076939,1995.2,3.1339,BID
1446076939,1995.32,0.0039,BID
1446076939,1995.33,0.01,BID
1446076939,1995.33,0.01,BID
1446076939,1995.33,0.01,BID
1446076939,1995.58,0.9579,BID
1446076939,1995.81,0.0113,BID
1446076939,1995.89,0.1985,BID
1446076948,1995.24,0.0586,ASK
1446076948,1995.23,0.1,ASK
1446076948,1995.22,0.3,ASK
1446076948,1995.22,0.2414,ASK
1446076951,1995.5,0.5,ASK
1446076953,1995.5,0.5,ASK
1446076961,1995.21,0.5012,ASK
1446076961,1995.0,0.2,ASK
1446076970,1993.35,0.072,ASK
1446076985,1993.41,0.4,ASK
1446076987,1995.83,13.0,ASK
1446076987,1995.83,2.574,ASK
1446076996,1994.0,0.015,BID
1446077006,1993.99,0.1,BID
1446077006,1994.0,1.985,BID
1446077006,1995.8,12.2624,BID
1446077006,1995.81,0.9869,BID
1446077006,1995.83,0.5,BID
1446077006,1995.89,0.1015,BID
1446077006,1995.98,0.1,BID
1446077006,1996.0,0.1,BID
1446077006,1996.0,0.01,BID
1446077006,1996.0,4.5552,BID
1446077007,1995.99,12.524,BID
1446077011,1993.49,0.02,ASK
1446077047,1993.55,0.1172,ASK
1446077047,1993.55,0.3,ASK
1446077047,1993.54,0.1,ASK
1446077047,1993.54,10.4414,ASK
1446077047,1993.53,0.5,ASK
1446077047,1993.53,0.3,ASK
1446077047,1993.52,0.0073,ASK
1446077047,1993.5,8.9783,ASK
1446077047,1993.5,1.5982,ASK
1446077051,1993.55,0.002,ASK
1446077096,1993.57,0.5,ASK
1446077097,1993.56,0.0015,ASK
1446077097,1993.56,0.6485,ASK
1446077102,1993.56,1.3515,ASK
1446077102,1993.54,1.0712,ASK
1446077102,1993.5,1.7,ASK
1446077102,1993.49,1.339,ASK
1446077102,1993.21,0.0024,ASK
1446077102,1993.05,0.6,ASK
1446077102,1993.04,3.5,ASK
1446077102,1993.0,28.7122,ASK
1446077107,1993.0,0.1,ASK
1446077111,1993.0,0.9838,ASK
1446077111,1993.0,5.0669,ASK
1446077120,1993.0,0.2058,ASK
1446077131,1993.46,0.02,BID
1446077131,1993.49,0.08,BID
1446077132,1993.49,0.02,BID
1446077134,1993.5,0.02,BID
1446077143,1993.0,1.18,ASK
1446077146,1993.0,1.18,ASK
1446077170,1993.01,0.1,ASK
1446077170,1993.0,0.4,ASK
1446077171,1993.0,0.1,ASK
1446077175,1993.01,0.002,BID
1446077193,1993.0,1.7843,ASK
1446077195,1993.0,0.083,ASK
1446077213,1992.09,4.2881,ASK
1446077213,1992.08,6.7085,ASK
1446077213,1992.07,1.2799,ASK
1446077227,1992.1,0.53,ASK
1446077237,1992.08,0.0586,BID
1446077237,1992.09,0.77,BID
1446077238,1992.1,0.5,ASK
1446077239,1992.1,0.5,ASK
1446077240,1992.11,0.0586,ASK
1446077240,1992.1,0.4414,ASK
1446077241,1992.1,0.5,ASK
1446077241,1992.11,1.0,ASK
1446077241,1992.11,4.93,ASK
1446077242,1992.1,0.5,ASK
1446077244,1992.1,0.5,ASK
1446077246,1992.1,0.5,ASK
1446077246,1992.96,0.058,BID
1446077247,1992.1,0.5,ASK
1446077248,1992.1,0.5,ASK
1446077282,1992.11,0.0025,ASK
1446077282,1992.1,0.502,ASK
1446077282,1992.07,0.2055,ASK
1446077284,1992.07,1.378,ASK
1446077284,1992.04,0.002,ASK
1446077284,1992.03,0.0106,ASK
1446077284,1992.0,0.9291,ASK
1446077284,1992.0,0.2603,ASK
1446077287,1992.0,5.0,ASK
1446077288,1992.36,0.0586,BID
1446077288,1992.37,0.04,BID
1446077288,1992.58,0.0804,ASK
1446077288,1992.0,0.5696,ASK
1446077289,1992.0,2.0,ASK
1446077290,1992.0,0.3464,ASK
1446077292,1992.0,0.5,ASK
1446077293,1992.0,0.65,ASK
1446077293,1992.0,1.9803,ASK
1446077294,1992.0,1.951,ASK
1446077295,1992.0,0.65,ASK
1446077295,1992.0,2.0924,ASK
1446077296,1991.99,0.0422,ASK
1446077296,1991.64,0.001,ASK
1446077298,1991.64,7.8837,BID
1446077298,1991.99,0.65,BID
1446077298,1991.99,0.65,BID
1446077298,1992.0,7.4561,BID
1446077298,1992.0,0.27,BID
1446077298,1992.04,0.27,BID
1446077298,1992.93,0.3,BID
1446077298,1992.93,0.6,BID
1446077298,1992.94,0.0025,BID
1446077298,1992.97,0.5,BID
1446077298,1992.99,0.567,BID
1446077298,1992.99,0.65,BID
1446077298,1993.0,12.1178,BID
1446077299,1991.21,14.861,BID
1446077299,1991.2,0.0209,ASK
1446077299,1991.0,0.4791,ASK
1446077300,1991.7,0.1,ASK
1446077301,1991.21,0.0587,ASK
1446077301,1991.0,1.9413,ASK
1446077301,1991.0,0.5,ASK
1446077305,1991.01,0.6,ASK
1446077305,1991.0,0.6652,ASK
1446077305,1991.0,10.0,ASK
1446077305,1990.85,0.003,ASK
1446077306,1990.85,0.5,BID
1446077309,1990.01,0.12,ASK
1446077316,1990.0,0.02,ASK
1446077316,1990.0,8.8493,ASK
1446077317,1990.0,0.65,ASK
1446077318,1990.0,0.65,ASK
1446077319,1990.0,0.65,ASK
1446077320,1990.0,0.65,ASK
1446077321,1990.0,0.65,ASK
1446077322,1990.0,3.358,ASK
1446077322,1990.0,0.65,ASK
1446077323,1990.0,0.65,ASK
1446077323,1990.0,9.9673,ASK
1446077324,1989.25,0.007,ASK
1446077324,1988.31,0.002,ASK
1446077324,1988.19,1.0,ASK
1446077324,1988.19,0.228,ASK
1446077325,1988.19,2.58,BID
1446077332,1989.26,0.02,ASK
1446077332,1987.67,0.01,ASK
1446077344,1989.97,1.0,BID
1446077348,1989.95,0.1,BID
1446077348,1989.96,0.0587,BID
1446077348,1989.97,0.622,BID
1446077351,1989.97,1.273,BID
1446077353,1989.97,1.6009,BID
1446077354,1989.97,5.9455,BID
1446077354,1989.99,0.65,BID
1446077356,1990.27,0.723,ASK
1446077359,1990.3,0.855,ASK
1446077359,1990.28,0.1,ASK
1446077359,1990.28,0.0587,ASK
1446077413,1989.78,0.855,BID
1446077424,1989.0,0.7898,ASK
1446077428,1989.89,0.1,BID
1446077428,1989.9,0.0115,BID
1446077428,1989.99,0.3832,BID
1446077428,1990.0,0.0078,BID
1446077434,1989.98,0.012,BID
1446077437,1989.89,2.58,ASK
1446077440,1989.89,0.5896,ASK
1446077442,1989.89,0.65,ASK
1446077442,1989.89,0.192,ASK
1446077443,1989.89,0.65,ASK
1446077443,1989.89,0.5872,ASK
1446077444,1989.89,0.65,ASK
1446077445,1989.89,0.65,ASK
1446077446,1989.99,0.4,BID
1446077446,1989.99,0.65,ASK
1446077448,1989.99,0.588,ASK
1446077450,1989.99,7.3185,ASK
1446077452,1990.0,2.0581,BID
1446077453,1990.0,0.5025,BID
1446077454,1990.0,0.5025,BID
1446077455,1989.99,0.4879,ASK
1446077455,1989.89,1.5121,ASK
1446077455,1990.0,0.5025,BID
1446077459,1989.89,1.9391,ASK
1446077459,1989.7,0.0609,ASK
1446077463,1989.7,0.0391,ASK
1446077475,1989.88,0.003,BID
1446077480,1988.42,0.01,ASK
1446077487,1988.42,0.5423,ASK
1446077499,1988.51,0.7316,ASK
1446077515,1988.51,1.6,ASK
1446077525,1988.7,1.3925,ASK
1446077525,1988.52,0.5876,ASK
1446077534,1988.71,0.7,ASK
1446077534,1988.52,1.2802,ASK
1446077542,1989.76,0.02,BID
1446077542,1989.77,0.5,BID
1446077542,1989.77,0.1,BID
1446077542,1989.78,0.0065,BID
1446077542,1989.87,0.7,BID
1446077542,1989.88,0.647,BID
1446077542,1989.88,0.6167,BID
1446077542,1989.98,0.4879,BID
1446077542,1990.0,21.0767,BID
1446077542,1991.26,0.002,BID
1446077542,1992.51,0.84,BID
1446077542,1992.51,0.5,BID
1446077542,1992.64,0.3,BID
1446077542,1992.85,7.356,BID
1446077625,1992.8,0.3,BID
1446077625,1992.8,0.5,BID
1446077625,1992.8,6.8123,BID
1446077638,1992.74,0.79,BID
1446077679,1992.67,0.001,BID
1446077684,1990.17,0.108,ASK
1446077730,1990.42,0.006,ASK
1446077736,1990.43,0.1,ASK
1446077736,1990.42,0.499,ASK
1446077737,1992.34,3.0,ASK
1446077737,1992.34,8.0,ASK
1446077737,1992.34,2.458,ASK
1446077749,1990.44,1.0,ASK
1446077749,1992.28,0.505,BID
1446077749,1992.3,0.5,BID
1446077749,1992.31,0.108,BID
1446077749,1992.31,3.2224,BID
1446077749,1992.33,0.1,BID
1446077749,1992.35,1.507,ASK
1446077750,1992.35,0.0577,ASK
1446077750,1992.35,0.5,ASK
1446077751,1992.35,0.02,ASK
1446077751,1992.35,1.9804,ASK
1446077751,1992.35,0.4838,ASK
1446077752,1990.44,1.9801,ASK
1446077753,1990.44,1.1748,ASK
1446077753,1990.44,0.256,ASK
1446077754,1991.35,0.142,BID
1446077755,1990.47,0.5,ASK
1446077756,1990.48,0.1,ASK
1446077756,1990.47,0.006,BID
1446077757,1990.47,0.394,BID
1446077758,1990.48,0.105,ASK
1446077760,1990.59,0.484,ASK
1446077760,1990.49,0.016,ASK
1446077761,1990.49,0.0427,ASK
1446077761,1990.48,0.001,ASK
1446077761,1990.45,0.3,ASK
1446077761,1990.44,7.0859,ASK
1446077761,1990.43,0.3,ASK
1446077761,1990.43,0.5,ASK
1446077761,1990.2,11.7704,ASK
1446077763,1990.45,0.7,ASK
1446077765,1990.44,1.2805,BID
1446077765,1990.59,0.5,BID
1446077765,1991.32,0.5,BID
1446077765,1992.33,0.229,BID
1446077767,1990.45,0.5024,ASK
1446077767,1990.2,0.3778,ASK
1446077768,1990.2,0.02,ASK
1446077772,1990.23,0.815,ASK
1446077772,1990.23,0.502,ASK
1446077772,1990.21,0.6,ASK
1446077772,1990.2,1.8318,ASK
1446077772,1990.04,0.04,ASK
1446077772,1990.0,4.0,ASK
1446077772,1989.9,0.009,ASK
1446077772,1989.9,0.284,ASK
1446077775,1989.9,0.219,ASK
1446077776,1989.9,0.65,ASK
1446077781,1989.9,0.05,ASK
1446077785,1989.9,4.831,ASK
1446077797,1989.96,0.02,BID
1446077797,1990.17,0.815,BID
1446077797,1990.2,0.1,BID
1446077799,1990.59,9.0,BID
1446077799,1990.59,5.0,BID
1446077799,1990.59,6.458,BID
1446077802,1990.58,0.165,ASK
1446077803,1989.9,0.099,ASK
1446077805,1990.17,0.337,BID
1446077809,1990.61,0.078,ASK
1446077831,1990.09,0.337,ASK
1446077831,1990.06,0.035,ASK
1446077833,1992.11,0.5,BID
1446077833,1992.14,0.7,BID
1446077833,1992.14,0.6,BID
1446077833,1992.17,0.3,BID
1446077833,1992.26,0.317,BID
1446077834,1990.06,0.01,ASK
1446077842,1990.08,0.1,ASK
1446077842,1990.07,0.6,ASK
1446077842,1990.07,0.3,ASK
1446077842,1990.07,0.7,ASK
1446077842,1990.06,8.3,ASK
1446077852,1990.0,0.0142,ASK
1446077852,1989.9,0.4858,ASK
1446077853,1989.9,0.5,ASK
1446077854,1990.0,0.106,ASK
1446077895,1990.06,0.035,BID
1446077895,1990.09,3.0,BID
1446077903,1991.91,0.5,BID
1446077903,1991.91,1.98,BID
1446077920,1991.87,0.02,BID
1446077920,1991.87,0.7,BID
1446077920,1991.87,0.5,BID
1446077920,1991.87,0.6,BID
1446077920,1991.89,6.33,BID
1446077920,1992.26,0.3,BID
1446077920,1992.34,0.65,BID
1446077920,1992.34,0.65,BID
1446077920,1992.37,0.5,BID
1446077920,1992.5,0.0587,ASK
1446077920,1992.5,0.283,ASK
1446077921,1992.5,0.752,ASK
1446077921,1992.5,0.3,ASK
1446077921,1992.51,9.866,ASK
1446077921,1992.5,0.1,ASK
1446077922,1992.5,1.758,ASK
1446077922,1992.5,0.604,ASK
1446077923,1992.5,0.05,ASK
1446077923,1992.5,0.3233,ASK
1446077924,1992.5,3.3848,ASK
1446077924,1991.22,14.996,ASK
1446077929,1991.22,0.0588,ASK
1446077929,1991.21,0.5,ASK
1446077929,1991.21,0.5412,ASK
1446077933,1991.21,0.0588,ASK
1446077933,1991.21,0.7,ASK
1446077933,1991.21,3.0172,ASK
1446077938,1991.87,0.031,ASK
1446077940,1991.87,0.739,ASK
1446077942,1991.87,0.0004,ASK
1446077942,1991.23,0.3,ASK
1446077942,1991.22,0.1,ASK
1446077942,1991.21,0.3386,ASK
1446077944,1991.21,0.01,ASK
1446077945,1991.21,0.3,ASK
1446077958,1990.21,0.038,BID
1446077960,1991.0,0.1,ASK
1446077963,1991.0,0.058,ASK
1446077963,1991.0,0.01,ASK
1446077965,1991.0,1.794,ASK
1446077968,1990.45,0.188,ASK
1446077970,1990.45,0.107,ASK
1446077974,1990.46,0.01,ASK
1446077990,1990.47,0.01,ASK
1446077994,1990.46,0.09,ASK
1446077995,1990.46,0.039,ASK
1446077996,1990.48,0.1,ASK
1446077996,1990.46,0.067,ASK
1446077999,1990.46,0.094,ASK
1446077999,1990.46,0.5,ASK
1446077999,1990.45,11.406,ASK
1446078001,1990.45,0.033,ASK
1446078006,1990.5,0.39,ASK
1446078010,1990.5,0.1576,ASK
1446078026,1990.5,9.8641,ASK
1446078026,1990.5,0.1359,ASK
1446078034,1990.5,0.1,ASK
1446078045,1990.5,0.285,ASK
1446078052,1990.5,0.479,ASK
1446078055,1990.94,0.11,BID
1446078057,1990.96,0.0015,ASK
1446078057,1990.5,0.0001,ASK
1446078057,1990.46,0.2284,ASK
1446078072,1990.56,0.251,ASK
1446078072,1990.53,0.02,ASK
1446078074,1990.53,0.023,ASK
1446078077,1990.53,0.459,ASK
1446078080,1990.52,0.5,ASK
1446078080,1990.52,0.23,ASK
1446078081,1990.49,4.0,ASK
1446078081,1990.49,6.637,ASK
1446078087,1990.46,0.01,ASK
1446078087,1990.46,0.2616,ASK
1446078087,1990.45,0.6597,ASK
1446078089,1990.22,0.038,ASK
1446078089,1990.2,0.1,ASK
1446078089,1990.1,0.5025,ASK
1446078089,1990.04,0.5,ASK
1446078089,1990.01,0.5,ASK
1446078089,1990.0,8.3595,ASK
1446078090,1990.0,18.441,ASK
1446078094,1990.0,1.1717,ASK
1446078095,1990.0,0.02,ASK
1446078096,1990.0,1.9803,ASK
1446078096,1990.0,1.46,ASK
1446078096,1990.0,0.001,ASK
1446078096,1990.0,0.471,ASK
1446078097,1990.0,0.01,ASK
1446078098,1990.0,6.4495,ASK
1446078099,1990.0,0.753,ASK
1446078100,1990.0,9.477,ASK
1446078100,1990.0,1.0,ASK
1446078102,1989.97,0.31,ASK
1446078105,1989.97,0.5,ASK
1446078107,1989.97,0.22,ASK
1446078107,1989.97,0.546,ASK
1446078109,1989.97,3.424,ASK
1446078109,1989.9,1.8492,ASK
1446078110,1989.5,0.001,ASK
1446078110,1988.71,0.003,ASK
1446078110,1988.63,0.0011,ASK
1446078110,1988.51,0.0649,ASK
1446078111,1988.51,0.13,ASK
1446078116,1988.51,1.26,ASK
1446078117,1988.51,0.5651,ASK
1446078129,1988.5,0.02,BID
1446078129,1988.51,1.2349,BID
1446078130,1988.62,0.0588,ASK
1446078134,1988.49,0.1,BID
1446078134,1989.87,0.6,BID
1446078134,1989.87,0.5,BID
1446078134,1989.87,0.7,BID
1446078134,1989.87,0.281,BID
1446078135,1987.84,0.0588,ASK
1446078135,1987.83,0.0019,ASK
1446078136,1987.37,1.0,ASK
1446078136,1987.37,10.0,ASK
1446078136,1987.37,6.25,ASK
1446078137,1987.62,0.9393,BID
1446078141,1988.51,0.01,ASK
1446078141,1988.51,1.776,ASK
1446078141,1988.16,0.01,ASK
1446078141,1988.52,0.02,ASK
1446078142,1988.52,0.08,ASK
1446078142,1988.16,0.29,ASK
1446078142,1988.16,0.38,ASK
1446078146,1988.19,0.04,ASK
1446078148,1988.19,0.462,ASK
1446078148,1988.17,0.6,ASK
1446078151,1987.38,0.7,ASK
1446078151,1987.36,2.0,ASK
1446078151,1987.36,0.3,ASK
1446078151,1987.34,6.001,ASK
1446078151,1987.12,0.007,ASK
1446078151,1987.01,0.0248,ASK
1446078151,1987.01,10.0,ASK
1446078151,1987.01,1.9672,ASK
1446078151,1987.01,0.05,ASK
1446078153,1987.19,0.462,BID
1446078153,1987.78,0.1,BID
1446078153,1988.16,0.438,BID
1446078154,1987.0,0.02,ASK
1446078156,1987.0,0.47,ASK
1446078157,1987.0,1.0566,ASK
1446078157,1986.86,0.4694,ASK
1446078161,1986.67,0.053,ASK
1446078163,1986.67,0.224,ASK
1446078167,1986.68,0.1,ASK
1446078167,1986.67,0.494,ASK
1446078169,1986.67,0.44,ASK
1446078172,1986.67,2.316,ASK
1446078178,1986.67,0.0006,ASK
1446078178,1986.57,3.1934,ASK
1446078178,1986.57,0.0003,ASK
1446078178,1986.56,0.01,ASK
1446078178,1986.52,0.01,ASK
1446078178,1986.52,0.01,ASK
1446078178,1985.5,0.1756,ASK
1446078187,1985.56,0.252,ASK
1446078190,1985.59,0.827,ASK
1446078190,1985.5,0.17,ASK
1446078194,1986.0,1.0,ASK
1446078194,1985.5,3.918,ASK
1446078198,1985.5,0.486,ASK
1446078201,1985.5,0.609,ASK
1446078204,1985.5,1.337,ASK
1446078210,1986.0,0.967,ASK
1446078213,1986.0,0.033,ASK
1446078214,1985.5,0.03,ASK
1446078215,1985.5,0.033,ASK
1446078216,1985.53,0.605,BID
1446078216,1985.5,0.827,ASK
1446078216,1985.5,0.65,ASK
1446078217,1985.52,0.5036,BID
1446078219,1985.5,0.781,ASK
1446078220,1985.5,0.01,ASK
1446078223,1985.5,2.253,ASK
1446078223,1985.5,0.754,ASK
1446078225,1985.5,0.01,ASK
1446078227,1985.5,0.7946,ASK
1446078232,1984.49,0.0588,BID
1446078232,1984.5,0.461,BID
1446078235,1984.54,0.02,ASK
1446078238,1985.0,0.5,ASK
1446078240,1983.94,0.015,ASK
1446078241,1983.55,0.043,BID
1446078244,1983.32,0.0067,ASK
1446078244,1983.18,0.0027,ASK
1446078247,1983.0,2.58,BID
1446078248,1983.0,3.1106,BID
1446078249,1985.0,0.0291,ASK
1446078252,1985.0,0.01,ASK
1446078252,1985.0,0.4219,ASK
1446078252,1983.33,0.0391,ASK
1446078256,1983.93,0.0035,BID
1446078272,1981.87,0.001,ASK
1446078276,1983.88,0.01,BID
1446078277,1981.86,0.001,ASK
1446078287,1981.94,0.02,ASK
1446078289,1981.95,0.461,ASK
1446078294,1981.95,0.239,ASK
1446078294,1981.86,1.999,ASK
1446078294,1981.86,0.2172,BID
1446078294,1983.82,0.1,BID
1446078294,1983.83,0.6,BID
1446078294,1983.83,0.5,BID
1446078294,1983.83,8.5828,BID
1446078295,1981.81,0.001,ASK
1446078295,1981.82,42.218,BID
1446078296,1981.84,0.43,BID
1446078311,1981.99,0.1,ASK
1446078311,1981.83,0.6,ASK
1446078311,1981.82,8.5915,ASK
1446078311,1981.81,10.6549,ASK
1446078311,1981.5,5.0,ASK
1446078311,1981.35,0.5,ASK
1446078311,1981.0,1.0,ASK
1446078311,1980.22,0.015,ASK
1446078311,1980.02,2.0,ASK
1446078311,1980.01,0.9947,ASK
1446078311,1980.0,16.0256,ASK
1446078312,1983.76,0.43,BID
1446078312,1983.76,0.005,BID
1446078313,1982.03,3.0,ASK
1446078313,1982.03,7.404,ASK
1446078317,1983.75,0.5,BID
1446078317,1983.75,0.02,BID
1446078320,1983.75,8.592,BID
1446078320,1983.75,0.1,BID
1446078320,1983.76,0.3,BID
1446078320,1983.77,6.317,BID
1446078320,1983.77,2.0,BID
1446078320,1983.77,0.645,BID
1446078323,1983.72,0.015,BID
1446078323,1983.74,0.585,BID
1446078323,1983.74,0.015,BID
1446078323,1983.74,0.5,BID
1446078323,1983.77,0.13,BID
1446078323,1983.77,1.3641,BID
1446078323,1983.79,0.242,BID
1446078325,1983.79,0.258,BID
1446078332,1984.03,0.1,ASK
1446078335,1985.43,0.043,BID
1446078335,1985.44,0.147,BID
1446078342,1984.0,0.001,BID
1446078342,1984.03,0.2728,BID
1446078342,1985.43,0.1,BID
1446078342,1985.45,0.0035,BID
1446078343,1985.73,0.9946,ASK
1446078349,1985.75,0.0588,ASK
1446078349,1985.74,2.7792,ASK
1446078369,1985.81,0.1,ASK
1446078375,1985.82,0.1,ASK
1446078375,1985.8,9.5044,ASK
1446078376,1987.97,0.003,BID
1446078389,1985.83,0.5,ASK
1446078389,1985.8,0.941,ASK
1446078389,1985.79,0.9943,ASK
1446078389,1985.0,4.0,ASK
1446078390,1985.0,0.5,BID
1446078392,1985.0,0.503,BID
1446078394,1985.0,2.4054,BID
1446078395,1985.0,10.1563,BID
1446078397,1985.5,0.1,ASK
1446078397,1985.5,0.097,ASK
1446078417,1985.52,0.1,ASK
1446078417,1985.5,0.269,ASK
1446078424,1985.53,0.02,ASK
1446078427,1985.5,0.02,ASK
1446078428,1985.5,0.07,ASK
1446078430,1985.5,0.6987,ASK
1446078430,1985.04,0.0893,ASK
1446078433,1985.04,0.51,ASK
1446078439,1985.07,0.251,ASK
1446078439,1985.04,0.0007,ASK
1446078439,1985.02,0.5,ASK
1446078439,1985.01,0.8544,ASK
1446078439,1985.01,0.751,ASK
1446078440,1985.01,4.2009,ASK
1446078440,1985.0,5.0,ASK
1446078440,1985.0,2.5853,ASK
1446078440,1985.0,0.251,ASK
1446078440,1985.0,1.1637,ASK
1446078442,1984.52,0.052,ASK
1446078450,1984.0,0.1,ASK
1446078452,1985.8,0.0376,BID
1446078460,1984.04,0.038,ASK
1446078460,1984.01,0.0033,ASK
1446078460,1984.0,0.3,ASK
1446078460,1983.85,2.6587,ASK
1446078467,1983.88,0.034,ASK
1446078475,1985.71,0.034,BID
1446078475,1985.72,0.1,BID
1446078475,1985.73,0.04,BID
1446078475,1985.74,0.7,BID
1446078475,1985.74,0.292,BID
1446078476,1983.99,11.75,BID
1446078477,1984.0,0.755,BID
1446078477,1984.0,0.1892,BID
1446078478,1984.0,0.504,BID
1446078479,1984.0,1.6055,BID
1446078480,1984.0,0.504,BID
1446078480,1984.0,0.84,BID
1446078480,1984.0,2.2198,BID
1446078481,1985.69,0.016,BID
1446078481,1985.7,0.034,BID
1446078483,1985.0,0.771,BID
1446078484,1985.0,0.729,BID
1446078484,1985.7,0.721,BID
1446078484,1985.71,3.5857,BID
1446078485,1985.71,6.8597,BID
1446078485,1985.81,0.0033,BID
1446078485,1985.99,0.292,ASK
1446078489,1985.81,0.3713,ASK
1446078489,1985.02,0.3,ASK
1446078489,1984.99,4.3287,BID
1446078492,1986.01,0.287,ASK
1446078496,1985.82,0.02,ASK
1446078498,1985.01,0.1,BID
1446078501,1985.01,0.402,BID
1446078502,1985.31,6.2907,ASK
1446078528,1985.81,0.8523,BID
1446078529,1985.81,0.0016,BID
1446078537,1985.81,0.001,BID
1446078567,1985.0,0.0507,BID
1446078572,1984.47,0.02,ASK
1446078572,1984.47,0.5,ASK
1446078572,1984.46,9.9714,ASK
1446078606,1985.74,0.1,BID
1446078608,1984.78,0.087,ASK
1446078620,1985.81,0.75,BID
1446078626,1985.81,0.577,BID
1446078626,1985.94,0.006,BID
1446078637,1986.29,0.0588,ASK
1446078638,1986.3,0.6864,BID
1446078638,1986.34,0.001,BID
1446078638,1986.48,12.4793,BID
1446078641,1986.31,0.1675,ASK
1446078647,1986.65,0.0065,BID
1446078647,1986.65,0.1514,BID
1446078658,1986.65,0.04,BID
1446078675,1986.62,0.001,BID
1446078690,1986.61,0.3,BID
1446078690,1986.61,0.5,BID
1446078690,1986.62,3.201,BID
1446078691,1986.62,1.18,BID
1446078694,1986.62,1.18,BID
1446078696,1986.62,0.796,BID
1446078697,1986.62,1.18,BID
1446078705,1986.62,2.0,BID
1446078706,1986.34,0.02,ASK
1446078706,1986.33,0.039,ASK
1446078711,1986.61,0.039,BID
1446078711,1986.62,1.961,BID
1446078715,1986.61,0.012,BID
1446078761,1986.61,0.288,BID
1446078761,1986.61,0.2324,BID
1446078761,1986.62,0.2296,BID
1446078766,1986.62,0.5,BID
1446078767,1986.62,0.5034,BID
1446078768,1986.62,0.5,BID
1446078768,1986.62,0.5034,BID
1446078769,1986.62,0.5034,BID
1446078769,1986.62,0.5,BID
1446078770,1986.62,0.5034,BID
1446078771,1986.62,0.5,BID
1446078772,1986.62,0.5034,BID
1446078773,1986.62,0.5034,BID
1446078774,1986.62,0.451,BID
1446078778,1986.64,0.3,BID
1446078779,1986.65,0.5034,BID
1446078781,1986.64,0.151,ASK
1446078782,1986.64,0.151,ASK
1446078783,1986.63,0.5,ASK
1446078785,1986.65,0.02,BID
1446078789,1986.63,0.0034,ASK
1446078789,1986.63,0.5034,ASK
1446078789,1986.63,0.5032,ASK
1446078791,1986.63,0.0002,ASK
1446078791,1986.61,0.1478,ASK
1446078792,1986.62,0.65,BID
1446078792,1986.65,4.2852,BID
1446078792,1986.65,0.46,ASK
1446078792,1986.65,0.877,ASK
1446078792,1986.65,0.04,ASK
1446078794,1986.66,0.5034,ASK
1446078794,1986.65,1.8507,ASK
1446078794,1986.61,2.4122,ASK
1446078794,1986.31,0.3359,ASK
1446078795,1986.3,1.638,ASK
1446078795,1986.0,0.212,ASK
1446078799,1986.31,0.5,ASK
1446078799,1986.01,0.1,ASK
1446078799,1986.0,0.049,ASK
1446078799,1986.01,0.0588,ASK
1446078799,1986.0,0.657,ASK
1446078799,1984.82,0.001,ASK
1446078799,1984.79,0.4632,ASK
1446078800,1984.79,0.0368,ASK
1446078800,1984.79,0.4805,ASK
1446078800,1984.79,0.3,ASK
1446078800,1984.78,0.8165,ASK
1446078800,1984.42,7.0,ASK
1446078800,1984.42,1.209,ASK
1446078801,1984.68,0.5,BID
1446078802,1984.68,0.4604,BID
1446078803,1984.68,0.4408,BID
1446078809,1984.43,0.043,ASK
1446078816,1984.43,0.004,ASK
1446078818,1984.43,0.243,ASK
1446078822,1984.46,0.503,ASK
1446078822,1984.43,0.01,ASK
1446078822,1984.43,0.5,ASK
1446078822,1984.41,0.167,ASK
1446078823,1984.94,13.0,ASK
1446078823,1984.94,4.824,ASK
1446078824,1984.95,0.004,BID
1446078828,1984.47,0.01,ASK
1446078830,1984.47,0.49,ASK
1446078830,1984.47,0.69,ASK
1446078832,1984.93,0.5,BID
1446078833,1984.93,0.003,BID
1446078851,1984.96,0.5,BID
1446078852,1984.96,0.5,BID
1446078852,1984.96,0.5038,BID
1446078853,1984.96,0.2461,BID
1446078854,1984.97,18.534,BID
1446078872,1984.97,0.02,ASK
1446078872,1984.96,0.2539,ASK
1446078872,1984.96,0.246,ASK
1446078872,1984.41,0.111,ASK
1446078880,1985.87,0.5009,BID
1446078881,1985.89,0.0991,ASK
1446078900,1985.42,0.015,BID
1446078905,1986.57,0.5,BID
1446078906,1986.57,0.0588,BID
1446078906,1986.57,0.198,BID
1446078906,1986.57,0.3,BID
1446078906,1986.57,0.006,BID
1446078906,1986.58,0.6172,BID
1446078906,1986.57,0.5,BID
1446078906,1986.57,0.2,BID
1446078906,1986.58,0.556,BID
1446078906,1986.58,0.3358,BID
1446078907,1986.58,0.3945,BID
1446078907,1986.72,1.2104,BID
1446078907,1986.95,1.18,BID
1446078908,1986.88,20.47,BID
1446078910,1986.6,0.01,ASK
1446078912,1986.95,0.5,BID
1446078913,1986.95,1.18,BID
1446078914,1986.95,2.14,BID
1446078914,1987.13,0.003,BID
1446078917,1986.61,0.012,ASK
1446078918,1987.36,0.5,BID
1446078919,1987.36,0.3572,BID
1446078919,1987.36,0.012,ASK
1446078921,1987.66,0.01,ASK
1446078926,1986.66,0.01,BID
1446078926,1987.77,0.49,BID
1446078927,1987.77,0.01,BID
1446078934,1987.76,0.2074,BID
1446078934,1987.77,0.785,BID
1446078964,1987.76,0.5,BID
1446078967,1987.77,0.0866,BID
1446078967,1987.77,0.001,BID
1446078967,1988.31,0.7542,BID
1446078967,1988.58,0.5697,BID
1446078967,1988.72,0.007,BID
1446078967,1989.09,2.0,BID
1446078967,1989.09,5.0,BID
1446078967,1989.1,3.0795,BID
1446078970,1987.77,0.01,ASK
1446078975,1987.76,0.01,ASK
1446078977,1987.77,0.001,BID
1446078979,1987.78,0.013,ASK
1446078985,1988.53,0.3962,BID
1446078987,1988.53,0.01,ASK
1446078989,1988.53,0.0938,ASK
1446078989,1988.53,0.2353,ASK
1446078992,1988.53,0.01,ASK
1446078996,1988.55,0.01,ASK
1446078999,1988.55,0.356,ASK
1446079002,1988.56,0.12,ASK
1446079003,1988.56,0.01,ASK
1446079004,1988.56,0.12,ASK
1446079007,1988.57,0.02,ASK
1446079010,1988.57,0.1,ASK
1446079010,1988.56,0.099,ASK
1446079010,1988.56,0.281,ASK
1446079010,1988.56,0.04,ASK
1446079011,1988.56,0.08,ASK
1446079011,1987.76,0.001,ASK
1446079012,1987.57,0.019,BID
1446079012,1988.56,0.401,BID
1446079032,1988.0,0.001,BID
1446079033,1988.0,0.5,BID
1446079034,1987.99,0.0221,BID
1446079034,1988.0,0.4779,BID
1446079036,1987.99,0.01,BID
1446079036,1988.0,0.0211,BID
1446079037,1988.0,0.0221,ASK
1446079039,1988.51,0.023,BID
1446079041,1988.51,0.053,BID
1446079049,1988.02,0.0588,ASK
1446079049,1988.0,0.4468,ASK
1446079054,1988.0,0.015,BID
1446079056,1988.53,0.015,BID
1446079059,1987.01,0.02,ASK
1446079059,1987.0,0.0112,ASK
1446079060,1987.04,0.01,ASK
1446079065,1987.05,0.5,ASK
1446079065,1987.04,0.493,ASK
1446079067,1987.04,0.252,BID
1446079070,1987.06,0.248,ASK
1446079072,1987.01,0.249,BID
1446079073,1987.0,0.02,BID
1446079073,1987.01,0.231,BID
1446079081,1986.01,0.5,ASK
1446079081,1986.01,0.0415,ASK
1446079083,1986.98,0.0042,BID
1446079083,1986.98,0.0188,BID
1446079083,1987.0,0.02,BID
1446079083,1987.01,0.4612,BID
1446079084,1986.01,0.0385,ASK
1446079084,1986.0,0.5615,ASK
1446079096,1986.02,0.02,ASK
1446079096,1986.02,0.02,ASK
1446079102,1986.02,0.15,BID
1446079103,1986.02,0.21,BID
1446079103,1986.04,0.15,ASK
1446079103,1986.0,1.03,ASK
1446079107,1986.98,0.08,BID
1446079107,1987.01,0.49,BID
1446079108,1987.01,0.04,BID
1446079126,1987.0,0.02,BID
1446079138,1987.01,0.46,BID
1446079142,1986.98,1.0067,ASK
1446079142,1986.87,0.015,ASK
1446079142,1986.54,0.02,ASK
1446079142,1986.53,0.08,ASK
1446079142,1986.05,0.3332,ASK
1446079162,1986.96,0.08,BID
1446079162,1986.97,0.65,BID
1446079162,1987.01,0.272,BID
1446079163,1987.01,0.0017,BID
1446079194,1987.49,0.01,ASK
1446079230,1988.87,1.0056,BID
1446079251,1987.52,0.09,ASK
1446079251,1987.48,0.0058,ASK
1446079251,1986.07,0.4415,ASK
1446079262,1988.83,3.33,BID
1446079279,1987.52,1.369,BID
1446079281,1987.51,0.1,BID
1446079281,1988.0,0.6173,BID
1446079283,1988.0,0.5,BID
1446079283,1988.0,0.3827,BID
1446079283,1988.51,3.2378,BID
1446079283,1988.78,6.1118,BID
1446079294,1988.88,0.015,ASK
1446079296,1988.99,0.0588,BID
1446079296,1989.0,0.4442,BID
1446079297,1989.0,0.5028,BID
1446079297,1988.02,0.01,ASK
1446079306,1988.04,0.0588,ASK
1446079306,1988.04,0.1,ASK
1446079306,1988.03,0.02,ASK
1446079306,1988.03,0.5,ASK
1446079306,1987.04,0.837,ASK
1446079306,1987.01,2.0,ASK
1446079306,1986.21,5.0,ASK
1446079306,1986.21,0.7,ASK
1446079306,1986.21,0.5,ASK
1446079306,1986.21,0.3,ASK
1446079306,1986.21,0.6,ASK
1446079306,1986.21,10.2067,ASK
1446079306,1986.2,19.1775,ASK
1446079312,1988.96,0.008,BID
1446079330,1988.88,0.7,BID
1446079330,1988.88,0.0588,BID
1446079330,1988.89,0.837,BID
1446079330,1988.92,0.5,BID
1446079330,1988.92,0.3,BID
1446079330,1989.0,14.187,BID
1446079344,1989.0,1.5,BID
1446079386,1989.0,0.01,BID
1446079386,1989.0,0.09,BID
1446079387,1989.0,0.496,BID
1446079390,1989.12,0.11,BID
1446079390,1989.44,0.015,BID
1446079390,1989.93,0.592,BID
1446079390,1989.95,8.0,BID
1446079390,1989.95,0.3,BID
1446079390,1990.0,4.0,BID
1446079390,1990.0,10.6559,BID
1446079390,1990.38,0.0019,BID
1446079390,1990.41,0.5,BID
1446079390,1991.18,0.0011,BID
1446079390,1991.57,1.51,BID
1446079390,1991.9,0.015,BID
1446079390,1991.95,2.0,BID
1446079390,1991.96,5.2991,BID
1446079415,1990.84,0.001,BID
1446079454,1990.84,0.7538,BID
1446079477,1990.8,0.3365,BID
1446079477,1990.84,1.2456,BID
1446079479,1990.84,1.4915,BID
1446079484,1990.84,1.42,BID
1446079484,1990.84,0.09,BID
1446079485,1990.84,0.6368,BID
1446079485,1991.12,0.0432,BID
1446079486,1991.12,0.41,BID
1446079490,1991.12,2.652,BID
1446079491,1991.12,0.01,BID
1446079494,1991.12,7.3367,BID
1446079494,1991.13,0.0011,BID
1446079494,1991.93,2.704,BID
1446079495,1991.93,0.01,BID
1446079496,1991.93,0.04,BID
1446079505,1991.93,1.18,BID
1446079506,1991.93,0.502,BID
1446079507,1991.99,0.5,BID
1446079507,1992.0,0.68,BID
1446079514,1992.0,0.016,BID
1446079515,1991.96,5.067,BID
1446079522,1992.0,0.8506,BID
1446079522,1992.0,0.001,BID
1446079522,1992.0,0.2911,BID
1446079523,1992.0,0.502,BID
1446079525,1992.0,0.502,BID
1446079526,1992.0,0.502,BID
1446079527,1992.0,0.502,BID
1446079528,1992.0,0.9621,BID
1446079528,1992.0,0.1342,BID
1446079528,1992.0,0.502,BID
1446079529,1992.0,0.502,BID
1446079529,1992.0,2.6187,BID
1446079530,1992.0,0.502,BID
1446079531,1992.0,0.502,BID
1446079532,1992.0,0.2691,BID
1446079548,1992.02,0.02,ASK
1446079551,1992.01,0.002,ASK
1446079551,1992.01,0.2309,ASK
1446079551,1992.01,0.502,ASK
1446079551,1992.0,1.8471,ASK
1446079552,1992.0,0.65,ASK
1446079553,1992.0,0.6144,ASK
1446079557,1991.94,0.502,ASK
1446079561,1991.69,0.01,ASK
1446079569,1991.93,0.01,BID
1446079569,1991.7,0.02,ASK
1446079570,1991.69,0.09,BID
1446079570,1991.93,0.492,BID
1446079570,1991.99,0.65,BID
1446079575,1991.99,0.005,ASK
1446079585,1992.0,0.448,BID
1446079586,1992.19,0.45,BID
1446079587,1992.19,0.59,BID
1446079587,1992.2,0.004,BID
1446079587,1992.29,0.01,BID
1446079587,1992.5,18.396,BID
1446079589,1992.2,0.502,ASK
1446079589,1992.01,0.448,ASK
1446079589,1992.0,2.3856,ASK
1446079591,1992.21,0.0587,ASK
1446079591,1992.01,0.3,ASK
1446079591,1992.0,3.6144,ASK
1446079591,1991.99,0.0219,ASK
1446079594,1992.0,0.448,BID
1446079596,1992.01,0.01,ASK
1446079612,1992.02,0.1,ASK
1446079616,1992.02,2.58,BID
1446079617,1992.02,0.502,BID
1446079617,1992.02,2.0,BID
1446079618,1992.02,0.15,BID
1446079618,1992.02,0.502,BID
1446079619,1992.02,0.502,BID
1446079620,1992.02,2.0,BID
1446079620,1992.02,0.502,BID
1446079621,1992.01,0.042,ASK
1446079621,1992.0,0.001,ASK
1446079621,1991.99,2.6465,ASK
1446079621,1992.02,0.502,BID
1446079625,1992.0,0.042,BID
1446079625,1992.02,11.26,BID
1446079628,1992.31,0.1,BID
1446079628,1992.5,0.816,BID
1446079628,1992.6,0.001,BID
1446079650,1992.62,0.1,ASK
1446079657,1992.49,0.001,ASK
1446079663,1992.98,0.1,BID
1446079663,1993.0,1.9,BID
1446079665,1992.04,0.1154,ASK
1446079665,1992.97,0.0587,BID
1446079665,1993.0,0.4961,BID
1446079665,1993.0,1.0577,BID
1446079665,1993.0,5.0,BID
1446079666,1993.0,0.02,ASK
1446079667,1993.0,0.392,ASK
1446079670,1993.0,0.01,ASK
1446079671,1993.0,13.3655,ASK
1446079671,1992.71,0.1,ASK
1446079704,1992.68,0.1,BID
1446079704,1992.69,0.1344,BID
1446079704,1992.99,0.65,BID
1446079708,1993.01,2.3582,BID
1446079709,1993.01,0.5018,BID
1446079710,1993.01,0.5018,BID
1446079711,1993.01,0.5018,BID
1446079712,1993.01,0.3873,BID
1446079712,1993.01,1.4976,BID
1446079712,1993.01,0.02,BID
1446079712,1993.01,0.5018,BID
1446079713,1993.01,0.001,BID
1446079713,1993.01,0.5018,BID
1446079714,1993.01,0.5018,BID
1446079715,1993.01,0.5018,BID
1446079716,1993.01,0.5018,BID
1446079717,1993.01,0.5018,BID
1446079718,1993.01,0.5018,BID
1446079718,1993.01,12.1293,BID
1446079718,1993.14,0.255,BID
1446079718,1993.15,1.0793,BID
1446079719,1993.0,3.9277,ASK
1446079720,1993.02,0.5018,ASK
1446079720,1993.0,0.1482,ASK
1446079721,1993.0,0.65,ASK
1446079721,1993.01,13.0,ASK
1446079721,1993.01,6.119,ASK
1446079722,1993.0,23.2765,ASK
1446079722,1993.15,0.0019,BID
1446079724,1993.01,0.3,ASK
1446079724,1993.0,0.1132,ASK
1446079724,1992.99,0.02,BID
1446079728,1992.99,0.2168,BID
1446079728,1993.0,0.3,BID
1446079728,1993.15,20.4832,BID
1446079742,1993.14,0.3,BID
1446079743,1993.15,0.0107,BID
1446079747,1993.25,0.02,BID
1446079747,1993.25,0.0009,BID
1446079747,1993.4,0.003,BID
1446079747,1993.57,16.5679,BID
1446079751,1993.57,1.428,ASK
1446079753,1993.64,0.02,BID
1446079755,1993.64,0.28,BID
1446079755,1993.99,11.092,BID
1446079756,1994.0,0.2,BID
1446079756,1994.0,0.5766,BID
1446079756,1994.5,0.4612,BID
1446079757,1994.61,0.0982,ASK
1446079757,1993.65,0.28,ASK
1446079757,1993.64,0.28,ASK
1446079757,1993.15,0.2893,ASK
1446079757,1993.15,1.8365,ASK
1446079759,1994.87,0.0015,BID
1446079759,1994.9,0.0073,BID
1446079759,1994.9,1.8452,BID
1446079759,1994.99,0.007,BID
1446079777,1995.21,0.0024,BID
1446079777,1995.87,2.0,BID
1446079777,1995.9,0.1,BID
1446079777,1995.9,0.6698,BID
1446079777,1995.91,0.6028,BID
1446079777,1995.92,0.5425,BID
1446079777,1995.93,0.4883,BID
1446079777,1995.94,0.001,BID
1446079777,1995.95,0.4393,BID
1446079777,1995.96,0.3954,BID
1446079777,1995.97,0.3559,BID
1446079777,1995.98,0.3203,BID
1446079777,1996.05,0.015,BID
1446079777,1996.37,0.5,BID
1446079783,1996.7,0.1,BID
1446079783,1996.8,0.168,BID
1446079790,1995.06,0.1171,ASK
1446079791,1995.07,0.264,ASK
1446079800,1995.1,0.1,ASK
1446079800,1995.09,0.2176,ASK
1446079817,1996.77,0.217,BID
1446079817,1996.78,0.264,BID
1446079817,1996.79,0.1,BID
1446079817,1996.8,0.832,BID
1446079817,1996.96,0.1171,BID
1446079817,1996.98,0.1,BID
1446079817,1996.99,3.3699,BID
1446079844,1996.9,0.0043,BID
1446079844,1996.97,0.0957,BID
1446079851,1996.96,0.02,BID
1446079851,1996.96,5.68,BID
1446079871,1996.92,7.8525,BID
1446079875,1996.92,0.006,ASK
1446079876,1996.92,0.1415,ASK
1446079876,1996.69,0.1,ASK
1446079885,1995.31,2.4103,ASK
1446079887,1996.9,0.1,BID
1446079887,1996.91,0.1475,BID
1446079887,1996.92,0.4525,BID
1446079894,1995.36,0.0586,ASK
1446079894,1995.35,0.5,ASK
1446079894,1995.34,8.0198,ASK
1446079894,1995.14,11.3091,ASK
1446079902,1996.89,0.0586,BID
1446079902,1996.9,0.1829,BID
1446079902,1996.9,0.06,BID
1446079907,1996.9,0.07,BID
1446079909,1996.9,0.392,BID
1446079912,1996.92,0.03,BID
1446079915,1996.92,7.353,BID
1446079917,1996.92,0.393,BID
1446079918,1996.99,0.122,BID
1446079918,1996.99,3.6013,BID
1446079918,1997.0,15.0044,BID
1446079918,1997.0,0.2051,BID
1446079918,1997.4,0.01,BID
1446079922,1997.89,0.0539,BID
1446079923,1997.89,0.5,BID
1446079923,1997.89,0.5131,BID
1446079924,1997.89,0.5,BID
1446079926,1997.89,0.428,BID
1446079926,1997.89,0.005,BID
1446079928,1997.89,0.0028,ASK
1446079929,1997.91,3.307,BID
1446079929,1997.91,0.012,BID
1446079930,1997.91,0.5005,BID
1446079931,1997.91,0.5005,BID
1446079932,1997.91,0.5005,BID
1446079933,1997.91,17.3026,BID
1446079933,1997.98,0.1,BID
1446079933,1997.99,0.01,BID
1446079933,1998.0,0.5262,BID
1446079933,1998.0,0.3297,BID
1446079933,1998.0,1.2726,BID
1446079933,1998.0,0.4589,BID
1446079941,1998.0,10.01,BID
1446079943,1998.0,0.5005,BID
1446079944,1998.0,0.5005,BID
1446079945,1998.0,0.5301,BID
1446079945,1998.0,0.2562,BID
1446079945,1998.0,0.4438,BID
1446079945,1998.0,0.0567,BID
1446079946,1998.0,0.5005,BID
1446079946,1998.0,7.4428,BID
1446079946,1998.0,1.0,BID
1446079946,1998.0,20.0,BID
1446079946,1998.0,4.1236,BID
1446079946,1998.0,12.529,BID
1446079947,1997.93,74.0,BID
1446079947,1997.93,49.851,BID
1446079947,1998.0,0.5005,BID
1446079947,1998.0,4.6118,BID
1446079947,1998.0,2.0,BID
1446079947,1998.0,3.8424,BID
1446079947,1998.0,9.5458,BID
1446079948,1998.0,0.4542,BID
1446079948,1998.0,0.01,BID
1446079950,1998.01,0.0363,ASK
1446079950,1998.01,0.5005,ASK
1446079950,1998.0,2.8988,ASK
1446079951,1998.0,0.0363,ASK
1446079952,1998.18,0.015,BID
1446079952,1998.19,0.1307,BID
1446079952,1998.2,0.754,BID
1446079952,1998.58,1.0,BID
1446079952,1998.6,2.8803,BID
1446079955,1998.6,3.0306,BID
1446079973,1998.6,2.0,BID
1446079975,1997.95,0.0049,ASK
1446079975,1997.92,0.5005,ASK
1446079975,1997.92,0.5005,ASK
1446079975,1997.9,0.02,ASK
1446079975,1996.94,0.3,ASK
1446079975,1996.94,0.6,ASK
1446079975,1996.94,0.5,ASK
1446079975,1996.94,0.7049,ASK
1446079975,1996.94,0.7,ASK
1446079975,1996.93,0.5008,ASK
1446079975,1996.91,0.4484,ASK
1446079980,1998.59,0.6,BID
1446079980,1998.6,0.0139,BID
1446079987,1996.42,0.0029,ASK
1446079987,1995.14,1.7101,ASK
1446079994,1998.59,0.7,BID
1446079994,1998.59,1.3636,BID
1446079994,1998.59,2.7064,BID
1446080006,1995.18,0.0801,ASK
1446080013,1996.43,0.001,BID
1446080031,1996.41,0.08,BID
1446080031,1996.42,0.0068,BID
1446080031,1996.43,0.2422,BID
1446080049,1996.41,0.6,ASK
1446080049,1996.4,1.98,ASK
1446080049,1996.41,0.5,ASK
1446080049,1996.4,1.5,ASK
1446080050,1996.4,0.65,ASK
1446080058,1996.43,0.6516,BID
1446080059,1996.43,0.5009,BID
1446080059,1996.41,0.09,ASK
1446080060,1996.43,0.5009,BID
1446080061,1996.43,0.5009,BID
1446080062,1996.43,0.5009,BID
1446080063,1996.43,0.4014,BID
1446080063,1996.44,0.03,ASK
1446080070,1997.66,0.0138,ASK
1446080070,1997.66,0.0862,ASK
1446080070,1997.65,0.0138,ASK
1446080071,1997.35,0.0586,BID
1446080072,1996.47,0.5,ASK
1446080072,1996.45,7.8796,ASK
1446080072,1996.44,0.0695,ASK
1446080072,1996.44,0.5009,ASK
1446080072,1996.4,1.86,ASK
1446080076,1996.43,0.853,ASK
1446080076,1996.4,0.5954,ASK
1446080079,1996.4,7.7446,ASK
1446080097,1997.25,0.001,BID
1446080101,1996.0,0.853,BID
1446080135,1996.53,0.853,ASK
1446080135,1996.51,0.0033,ASK
1446080135,1996.5,10.5812,ASK
1446080138,1997.11,0.853,BID
1446080138,1997.14,0.5,BID
1446080138,1997.16,0.1,BID
1446080142,1997.26,0.2242,ASK
1446080144,1997.99,0.1535,BID
1446080146,1997.98,0.0586,BID
1446080146,1997.99,0.4465,BID
1446080146,1997.99,0.5,BID
1446080146,1998.0,4.6697,BID
1446080150,1998.44,0.5,BID
1446080150,1998.5,0.4171,BID
1446080152,1998.5,5.9422,BID
1446080154,1998.5,0.38,BID
1446080155,1998.5,0.447,BID
1446080174,1998.45,0.002,ASK
1446080185,1998.45,0.498,ASK
1446080186,1998.2,0.1,ASK
1446080189,1998.15,0.01,BID
1446080198,1995.26,0.834,ASK
1446080198,1995.24,0.0587,ASK
1446080198,1995.17,0.5,ASK
1446080198,1995.15,0.0068,ASK
1446080198,1995.14,1.9208,ASK
1446080198,1995.0,1.7,ASK
1446080198,1993.8,0.021,ASK
1446080198,1993.15,7.022,ASK
1446080198,1993.01,0.1,ASK
1446080198,1991.0,0.01,ASK
1446080198,1990.91,0.002,ASK
1446080198,1990.56,0.003,ASK
1446080198,1990.0,0.01,ASK
1446080198,1989.0,0.01,ASK
1446080198,1988.96,0.007,ASK
1446080198,1988.49,0.003,ASK
1446080198,1987.19,0.3,ASK
1446080198,1987.19,0.6,ASK
1446080198,1987.19,0.5,ASK
1446080198,1987.18,0.1409,ASK
1446080198,1995.2,0.0998,BID
1446080198,1998.13,0.1,BID
1446080198,1998.14,0.4602,BID
1446080202,1995.27,0.003,ASK
1446080215,1996.77,0.0587,BID
1446080215,1996.78,0.02,BID
1446080215,1996.78,0.0044,BID
1446080215,1996.8,0.021,BID
1446080215,1998.1,0.3,BID
1446080215,1998.1,0.096,BID
1446080215,1996.25,0.5,ASK
1446080217,1995.31,0.002,ASK
1446080220,1995.92,0.834,BID
1446080220,1996.78,1.5,ASK
1446080222,1996.78,2.0,ASK
1446080223,1998.12,0.3788,BID
1446080224,1996.79,0.0587,ASK
1446080224,1996.78,1.9413,ASK
1446080224,1996.78,18.9647,ASK
1446080225,1996.78,1.6065,ASK
1446080228,1996.78,0.0998,ASK
1446080229,1996.79,0.0084,ASK
1446080229,1996.78,1.1716,ASK
1446080231,1996.78,2.0,ASK
1446080234,1996.78,0.5,ASK
1446080234,1996.78,1.8821,ASK
1446080237,1996.53,0.1,ASK
1446080240,1995.59,0.0015,ASK
1446080240,1995.31,0.4915,ASK
1446080241,1995.78,1.544,BID
1446080241,1996.67,0.5,BID
1446080241,1996.77,0.65,BID
1446080241,1996.77,2.306,BID
1446080244,1995.28,0.0044,ASK
1446080246,1995.28,0.0044,BID
1446080246,1995.77,0.02,BID
1446080246,1996.65,0.497,BID
1446080246,1996.65,0.47,BID
1446080249,1988.04,0.5,ASK
1446080249,1988.04,1.5449,ASK
1446080251,1991.38,3.364,BID
1446080252,1991.38,8.769,BID
1446080253,1994.81,0.76,BID
1446080253,1995.26,0.6,BID
1446080253,1995.27,0.1,BID
1446080253,1995.28,0.0044,BID
1446080253,1995.31,0.0998,BID
1446080253,1996.64,0.5,BID
1446080253,1996.64,0.0178,BID
1446080253,1997.14,0.3,BID
1446080253,1997.16,0.5,BID
1446080253,1998.0,7.119,BID
1446080257,1994.79,0.251,BID
1446080264,1991.74,0.25,ASK
1446080273,1991.76,0.001,ASK
1446080276,1991.76,0.099,ASK
1446080276,1991.75,0.0008,ASK
1446080280,1994.74,0.1,BID
1446080290,1994.7,0.15,BID
1446080290,1994.71,1.85,BID
1446080290,1991.76,0.001,ASK
1446080298,1994.68,0.0587,BID
1446080298,1994.68,0.1,BID
1446080298,1994.69,0.5,BID
1446080298,1994.7,0.3413,BID
1446080302,1994.67,0.1,BID
1446080303,1991.8,0.018,ASK
1446080303,1991.79,0.0818,ASK
1446080305,1994.67,0.099,BID
1446080305,1994.67,0.6639,BID
1446080305,1994.68,0.2371,BID
1446080309,1994.67,0.082,ASK
1446080310,1994.67,0.198,ASK
1446080310,1994.66,0.082,BID
1446080311,1994.68,0.02,ASK
1446080311,1994.67,1.956,ASK
1446080312,1994.37,0.0587,BID
1446080313,1994.37,4.9621,BID
1446080322,1994.3,0.72,ASK
1446080323,1993.21,17.0,ASK
1446080323,1993.21,2.656,ASK
1446080323,1994.0,0.815,BID
1446080326,1994.0,1.0,BID
1446080327,1993.99,1.08,BID
1446080328,1993.21,3.0,BID
1446080328,1993.21,18.975,BID
1446080330,1993.2,0.0268,ASK
1446080330,1992.01,0.1311,ASK
1446080333,1993.97,0.815,BID
1446080333,1993.99,0.185,BID
1446080341,1993.21,0.1,BID
1446080341,1993.99,0.9,BID
1446080344,1993.99,1.0,BID
1446080347,1993.98,1.79,BID
1446080351,1993.98,1.0,BID
1446080352,1993.98,1.7,BID
1446080356,1993.98,1.085,BID
1446080358,1993.98,1.0,BID
1446080358,1993.98,0.9852,BID
1446080358,1993.99,5.8038,BID
1446080361,1993.99,2.11,BID
1446080362,1992.12,0.0998,ASK
1446080365,1993.99,1.0,BID
1446080367,1993.96,0.1,BID
1446080367,1993.99,0.017,BID
1446080372,1993.01,0.1,ASK
1446080372,1993.01,0.005,ASK
1446080372,1993.01,1.0,BID
1446080374,1993.01,0.5,BID
1446080375,1993.0,5.1927,ASK
1446080376,1993.01,0.433,BID
1446080376,1993.01,0.067,ASK
1446080376,1993.0,0.583,ASK
1446080378,1993.31,0.1,ASK
1446080378,1994.0,1.0,BID
1446080387,1994.0,1.0,BID
1446080389,1994.0,8.2658,BID
1446080393,1994.0,1.0,BID
1446080395,1993.52,0.0998,ASK
1446080400,1994.0,1.0,BID
1446080403,1993.99,0.1,BID
1446080403,1994.0,4.3766,BID
1446080404,1994.3,0.0998,BID
1446080404,1995.0,0.9002,BID
1446080410,1994.8,1.0,BID
1446080418,1994.8,1.0,BID
1446080422,1993.59,0.04,ASK
1446080422,1993.29,0.0598,BID
1446080422,1994.8,2.6224,BID
1446080423,1994.8,2.145,BID
1446080423,1993.08,22.641,BID
1446080425,1994.8,0.7,BID
1446080425,1994.8,0.7984,BID
1446080425,1994.99,0.2016,BID
1446080426,1994.97,2.0,BID
1446080426,1994.97,6.831,BID
1446080434,1994.98,1.0,BID
1446080440,1994.97,0.0587,BID
1446080440,1994.98,0.4113,BID
1446080451,1993.62,0.0998,ASK
1446080451,1993.62,0.5002,ASK
1446080451,1993.62,0.1,ASK
1446080451,1993.62,0.7,ASK
1446080451,1993.61,2.1388,ASK
1446080451,1993.61,0.3,ASK
1446080476,1994.96,0.004,BID
1446080479,1993.66,0.099,BID
1446080481,1993.66,0.0008,BID
1446080483,1994.16,0.01,ASK
1446080483,1993.96,0.09,ASK
1446080484,1994.97,0.021,BID
1446080501,1993.64,0.0587,ASK
1446080501,1993.63,0.0411,ASK
1446080503,1993.64,3.0,ASK
1446080503,1993.64,3.548,ASK
1446080506,1993.99,0.058,BID
1446080518,1993.65,0.13,BID
1446080527,1993.91,0.04,BID
1446080530,1994.8,0.0266,ASK
1446080534,1994.41,0.001,ASK
1446080534,1994.41,0.039,ASK
1446080534,1994.2,0.1,ASK
1446080534,1993.66,1.6433,ASK
1446080534,1993.6,0.2177,ASK
1446080536,1993.61,0.058,BID
1446080536,1993.61,0.0418,BID
1446080553,1994.39,0.001,BID
1446080557,1994.39,0.099,BID
1446080557,1994.4,0.04,BID
1446080557,1994.79,0.0266,BID
1446080557,1994.86,0.7,BID
1446080557,1994.87,0.579,BID
1446080557,1994.88,0.5554,BID
1446080559,1993.91,0.001,ASK
1446080560,1993.6,0.0998,ASK
1446080571,1993.6,1.18,ASK
1446080572,1993.6,0.5399,ASK
1446080573,1993.45,0.009,ASK
1446080573,1993.34,0.1,ASK
1446080573,1993.07,0.5,ASK
1446080573,1993.05,0.001,ASK
1446080573,1993.02,0.433,ASK
1446080573,1993.02,0.137,ASK
1446080576,1993.59,0.1101,BID
1446080576,1993.59,0.65,BID
1446080576,1993.64,0.7656,BID
1446080576,1993.64,0.406,BID
1446080577,1993.91,0.0683,ASK
1446080577,1993.58,0.0317,BID
1446080579,1994.37,3.0,BID
1446080579,1994.37,1.0,BID
1446080579,1994.37,0.314,BID
1446080580,1993.6,0.0784,ASK
1446080585,1993.02,0.016,ASK
1446080585,1993.0,0.0838,ASK
1446080589,1993.03,0.1,ASK
1446080589,1993.0,0.6405,ASK
1446080589,1992.25,0.003,ASK
1446080589,1992.03,0.6,ASK
1446080589,1992.02,0.7,ASK
1446080589,1992.02,0.3,ASK
1446080589,1992.01,2.7195,ASK
1446080593,1993.6,1.0,BID
1446080594,1993.02,0.001,ASK
1446080604,1993.02,0.152,ASK
1446080604,1993.0,0.001,ASK
1446080608,1993.0,0.001,BID
1446080608,1993.0,0.001,BID
1446080614,1993.0,4.785,BID
1446080620,1993.0,2.0374,ASK
1446080621,1993.02,0.0998,BID
1446080621,1993.32,0.65,ASK
1446080622,1993.32,0.1,ASK
1446080627,1993.32,0.5,BID
1446080631,1993.6,0.01,BID
1446080635,1993.6,0.01,BID
1446080637,1993.04,0.0998,ASK
1446080646,1993.59,0.0075,BID
1446080646,1993.6,0.0025,BID
1446080664,1994.1,0.028,ASK
1446080664,1993.6,0.3891,ASK
1446080666,1993.6,0.0559,ASK
1446080666,1993.03,0.0439,ASK
1446080672,1993.03,0.0559,ASK
1446080672,1993.03,0.3,ASK
1446080672,1993.03,0.5,ASK
1446080672,1993.03,0.6441,ASK
1446080675,1993.03,1.863,ASK
1446080675,1993.03,0.9232,ASK
1446080682,1993.03,1.7188,ASK
1446080682,1993.03,2.0374,ASK
1446080682,1993.02,1.0,ASK
1446080682,1993.0,12.3716,ASK
1446080689,1993.0,1.89,ASK
1446080691,1993.0,0.439,ASK
1446080693,1993.0,5.7,ASK
1446080694,1993.0,0.482,ASK
1446080696,1993.0,0.441,ASK
1446080698,1993.0,2.0,ASK
1446080699,1993.0,0.0998,ASK
1446080700,1993.01,0.0095,ASK
1446080700,1993.0,0.4905,ASK
1446080701,1993.0,0.5,ASK
1446080702,1993.0,0.01,ASK
1446080703,1993.0,0.8801,ASK
1446080703,1993.0,0.5,ASK
1446080704,1993.0,9.4604,ASK
1446080708,1992.02,0.106,ASK
1446080709,1992.02,0.08,ASK
1446080712,1992.02,0.42,ASK
1446080712,1992.01,0.5,ASK
1446080712,1992.0,0.9602,ASK
1446080715,1992.0,4.0398,ASK
1446080719,1991.0,0.4,ASK
1446080721,1991.0,0.1,BID
1446080721,1991.0,0.4,BID
1446080721,1991.88,0.0587,BID
1446080721,1991.88,0.5,BID
1446080721,1991.88,0.6,BID
1446080721,1991.89,0.0467,BID
1446080731,1990.66,0.007,ASK
1446080731,1990.43,0.442,ASK
1446080736,1990.67,0.0588,ASK
1446080736,1990.43,0.558,ASK
1446080736,1990.02,0.2622,ASK
1446080736,1990.02,0.7412,ASK
1446080736,1990.01,1.5338,ASK
1446080738,1990.98,0.5,BID
1446080738,1991.0,0.0998,BID
1446080738,1991.28,0.661,ASK
1446080739,1991.28,0.0588,ASK
1446080739,1991.28,0.2913,ASK
1446080739,1991.28,1.0597,ASK
1446080740,1991.28,5.071,ASK
1446080740,1991.28,0.1,ASK
1446080741,1990.7,0.5,ASK
1446080741,1990.03,0.6,ASK
1446080741,1990.03,0.758,ASK
1446080742,1990.03,1.242,ASK
1446080742,1990.0,5.645,ASK
1446080742,1991.29,0.0588,ASK
1446080742,1990.0,0.3952,ASK
1446080743,1990.0,0.643,ASK
1446080746,1991.28,0.001,BID
1446080749,1991.28,2.0364,BID
1446080754,1990.7,0.0998,ASK
1446080754,1991.94,0.0588,BID
1446080754,1991.95,0.6,BID
1446080754,1991.95,0.7,BID
1446080754,1991.95,0.3,BID
1446080754,1991.96,10.4402,BID
1446080754,1991.97,0.3,BID
1446080754,1991.99,0.65,BID
1446080761,1991.49,0.0588,ASK
1446080761,1990.85,0.7,ASK
1446080761,1990.84,1.7,ASK
1446080761,1990.74,0.837,ASK
1446080761,1990.72,0.6,ASK
1446080761,1990.72,4.1042,ASK
1446080766,1992.0,34.1195,BID
1446080768,1991.52,0.252,ASK
1446080768,1991.52,0.248,BID
1446080768,1992.0,0.0324,BID
1446080770,1991.99,0.03,BID
1446080771,1991.52,0.03,BID
1446080773,1991.52,0.02,BID
1446080773,1990.86,0.03,ASK
1446080775,1990.87,0.049,ASK
1446080776,1990.87,0.07,ASK
1446080776,1991.49,0.014,BID
1446080776,1991.49,0.005,BID
1446080779,1990.87,0.181,ASK
1446080779,1990.87,0.119,ASK
1446080780,1990.87,0.181,ASK
1446080783,1990.87,0.0998,ASK
1446080789,1991.46,0.01,BID
1446080792,1991.45,0.03,BID
1446080792,1991.46,0.7374,BID
1446080794,1991.46,0.01,BID
1446080800,1991.46,0.013,BID
1446080805,1991.43,0.01,BID
1446080806,1990.88,0.07,ASK
1446080806,1990.88,2.0378,ASK
1446080806,1990.87,0.1002,ASK
1446080806,1990.26,0.3,ASK
1446080806,1990.02,2.5019,ASK
1446080809,1991.43,0.242,BID
1446080809,1991.96,0.7,BID
1446080809,1991.97,2.5019,BID
1446080809,1991.98,0.3,BID
1446080809,1992.0,6.2571,BID
1446080810,1990.88,0.01,BID
1446080813,1990.88,0.0898,BID
1446080814,1991.46,0.047,ASK
1446080821,1991.97,0.0588,BID
1446080821,1991.98,0.07,BID
1446080821,1992.0,0.1546,BID
1446080821,1992.87,0.001,BID
1446080821,1992.99,0.2674,BID
1446080822,1991.47,0.03,ASK
1446080822,1991.46,2.572,ASK
1446080826,1991.48,0.0588,ASK
1446080826,1991.47,0.3,ASK
1446080826,1991.47,0.7,ASK
1446080826,1991.46,0.5521,ASK
1446080826,1991.47,0.6,ASK
1446080826,1991.46,6.7191,ASK
1446080827,1991.16,0.502,BID
1446080827,1991.16,10.4452,BID
1446080828,1991.16,0.5022,BID
1446080832,1991.66,0.011,ASK
1446080832,1991.17,0.325,ASK
1446080837,1991.17,0.0998,ASK
1446080838,1992.93,0.1579,BID
1446080840,1991.2,0.252,ASK
1446080840,1991.18,0.07,ASK
1446080840,1991.17,0.0774,ASK
1446080842,1990.88,0.0017,BID
1446080854,1991.0,1.5,ASK
1446080854,1990.06,1.0073,ASK
1446080854,1990.06,5.0,ASK
1446080854,1990.05,3.9907,ASK
1446080855,1990.06,6.0,ASK
1446080855,1990.06,13.145,ASK
1446080867,1990.04,0.847,ASK
1446080868,1990.01,4.5848,ASK
1446080869,1990.04,0.5,BID
1446080869,1990.04,0.44,BID
1446080870,1990.04,0.2508,BID
1446080870,1990.05,0.0998,BID
1446080871,1990.34,0.847,ASK
1446080874,1990.34,0.754,ASK
1446080879,1990.05,0.0557,ASK
1446080880,1990.4,0.0999,ASK
1446080895,1990.54,0.01,ASK
1446080895,1990.05,0.0898,ASK
1446080895,1990.05,0.0064,ASK
1446080895,1990.05,0.0828,ASK
1446080906,1990.07,0.1338,ASK
1446080908,1990.07,0.44,ASK
1446080919,1990.5,0.0998,ASK
1446080928,1991.0,1.7352,BID
1446080928,1990.5,0.8912,ASK
1446080931,1990.97,0.1,BID
1446080931,1991.0,14.4106,BID
1446080933,1991.86,0.09,BID
1446080938,1990.99,0.106,BID
1446080938,1991.27,0.1,BID
1446080938,1991.27,0.5,BID
1446080938,1991.28,1.068,BID
1446080947,1991.29,0.5,BID
1446080947,1991.88,0.2643,ASK
1446080947,1990.51,0.0998,ASK
1446080947,1991.86,2.1329,BID
1446080956,1991.29,0.5,BID
1446080958,1991.29,0.5,ASK
1446080964,1991.29,0.5,BID
1446080964,1991.85,0.6,BID
1446080964,1991.99,0.7,BID
1446080964,1991.99,0.5,BID
1446080964,1991.99,0.3,BID
1446080964,1992.0,1.5,BID
1446080964,1992.0,0.5,BID
1446080964,1992.0,0.52,BID
1446080972,1991.27,0.1,BID
1446080972,1991.28,0.4,BID
1446080977,1991.27,0.3326,BID
1446080977,1991.28,0.1,BID
1446080977,1991.28,0.4,BID
1446080977,1991.29,19.1674,BID
1446080978,1990.51,0.0998,ASK
1446080979,1991.26,0.0345,BID
1446080980,1991.26,0.4655,BID
1446080980,1991.29,10.8208,BID
1446080983,1991.28,0.034,BID
1446080983,1991.28,0.465,BID
1446080983,1991.29,14.3867,BID
1446080984,1991.29,3.663,ASK
1446080984,1991.29,0.5,ASK
1446080984,1991.98,10.0,BID
1446080984,1991.98,6.0,BID
1446080984,1991.98,4.834,BID
1446080986,1991.29,0.5,ASK
1446080989,1991.3,0.5,ASK
1446080991,1991.3,0.1,ASK
1446080991,1991.3,0.4,ASK
1446080993,1991.3,0.3,ASK
1446081005,1991.3,0.2,BID
1446081005,1991.3,0.3,BID
1446081005,1992.0,0.48,BID
1446081005,1992.8,0.6,BID
1446081005,1992.81,3.9911,BID
1446081005,1992.83,4.9189,BID
1446081028,1991.29,0.0998,BID
1446081030,1992.77,0.5,BID
1446081030,1992.77,3.1308,BID
1446081030,1992.83,0.0998,BID
1446081030,1992.87,16.0864,BID
1446081030,1993.0,0.6676,BID
1446081030,1993.28,0.5,BID
1446081030,1994.19,0.75,BID
1446081030,1994.38,0.0075,BID
1446081030,1994.5,11.366,BID
1446081034,1991.3,0.0998,ASK
1446081060,1991.36,0.0998,ASK
1446081087,1992.01,0.5,ASK
1446081087,1992.0,21.0984,ASK
1446081087,1992.0,1.6113,ASK
1446081087,1992.72,0.0588,BID
1446081087,1992.73,0.4412,BID
1446081087,1992.0,0.0998,ASK
1446081089,1992.01,0.001,ASK
1446081090,1992.04,0.846,ASK
1446081090,1992.01,0.299,ASK
1446081090,1992.0,7.8455,ASK
1446081092,1992.05,0.441,ASK
1446081094,1992.05,0.059,ASK
1446081094,1992.02,0.0588,ASK
1446081094,1992.01,0.3232,ASK
1446081098,1992.0,0.059,ASK
1446081099,1992.0,0.65,ASK
1446081100,1992.0,0.136,ASK
1446081108,1991.96,0.846,BID
1446081108,1991.99,0.514,BID
1446081108,1991.99,0.64,BID
1446081115,1991.63,0.0998,BID
1446081115,1991.98,0.1,BID
1446081115,1991.99,0.01,BID
1446081115,1992.05,0.001,BID
1446081115,1993.98,0.4992,BID
1446081126,1993.95,0.0588,BID
1446081126,1993.95,0.7,BID
1446081126,1993.96,0.02,BID
1446081126,1993.96,0.2212,BID
1446081141,1991.55,0.0998,ASK
1446081163,1991.66,0.0589,ASK
1446081163,1991.66,0.0409,ASK
1446081180,1993.84,0.099,BID
1446081180,1993.87,0.0589,BID
1446081180,1993.87,0.3232,BID
1446081180,1993.88,0.0204,BID
1446081190,1991.8,0.0998,ASK
1446081192,1991.83,0.7,ASK
1446081192,1991.83,0.116,ASK
1446081192,1991.81,0.7,ASK
1446081192,1991.8,0.4022,ASK
1446081192,1991.8,0.043,ASK
1446081214,1991.89,0.0998,ASK
1446081239,1992.01,0.0019,ASK
1446081246,1992.02,0.0998,ASK
1446081250,1992.02,6.7447,ASK
1446081251,1993.61,0.02,BID
1446081251,1993.62,0.02,BID
1446081275,1992.08,0.0998,ASK
1446081294,1993.62,0.6827,BID
1446081304,1993.61,0.0019,BID
1446081304,1993.62,0.1133,BID
1446081304,1993.67,0.0041,BID
1446081304,1993.91,6.8441,BID
1446081304,1993.92,0.7,BID
1446081304,1993.92,0.5,BID
1446081304,1993.92,5.0,BID
1446081304,1994.0,0.4,BID
1446081304,1994.0,6.497,BID
1446081323,1993.52,0.0019,BID
1446081330,1993.49,0.643,BID
1446081330,1993.97,0.31,BID
1446081333,1993.75,0.5,ASK
1446081333,1993.75,2.0,ASK
1446081334,1993.97,0.175,BID
1446081334,1993.75,0.5,ASK
1446081334,1993.75,0.65,ASK
1446081335,1993.97,0.125,BID
1446081336,1993.98,0.365,ASK
1446081337,1993.96,0.135,BID
1446081338,1993.98,0.355,ASK
1446081341,1993.76,0.001,ASK
1446081348,1993.77,0.04,ASK
1446081348,1993.68,0.1,ASK
1446081348,1992.25,0.059,ASK
1446081348,1992.24,0.5467,ASK
1446081353,1993.68,0.0195,BID
1446081353,1993.97,0.059,BID
1446081353,1993.97,0.1895,BID
1446081357,1993.75,0.49,ASK
1446081358,1993.75,0.49,ASK
1446081358,1993.75,0.65,ASK
1446081359,1993.75,0.65,ASK
1446081360,1993.75,0.49,ASK
1446081360,1993.75,0.65,ASK
1446081362,1993.75,0.65,ASK
1446081363,1993.75,0.65,ASK
1446081363,1993.75,0.0998,ASK
1446081363,1993.75,0.49,ASK
1446081365,1993.74,0.44,BID
1446081373,1993.25,0.01,BID
1446081373,1993.73,0.1,BID
1446081373,1993.74,0.21,BID
1446081375,1993.75,0.002,ASK
1446081387,1993.74,0.3981,BID
1446081387,1993.75,1.2005,BID
1446081399,1993.75,1.18,BID
1446081400,1993.75,1.5,BID
1446081400,1993.75,0.5016,BID
1446081401,1993.75,0.5016,BID
1446081402,1993.75,0.5016,BID
1446081403,1993.75,0.5016,BID
1446081404,1993.75,0.5016,BID
1446081405,1993.75,0.4339,BID
1446081405,1993.75,0.0677,BID
1446081406,1993.75,0.0321,BID
1446081411,1994.0,5.9388,BID
1446081412,1994.0,0.5015,BID
1446081413,1993.77,0.059,ASK
1446081413,1993.76,0.4695,ASK
1446081413,1993.76,0.2599,ASK
1446081413,1994.0,0.5015,BID
1446081414,1993.76,0.059,ASK
1446081415,1993.76,0.0998,ASK
1446081417,1993.76,0.0829,ASK
1446081427,1993.75,0.006,BID
1446081433,1993.63,0.7,ASK
1446081433,1993.63,0.4004,ASK
1446081433,1993.62,4.501,ASK
1446081433,1993.45,0.1,ASK
1446081433,1992.24,0.5,ASK
1446081433,1992.24,0.3,ASK
1446081433,1992.0,2.0,ASK
1446081433,1992.0,7.7052,ASK
1446081445,1993.6,0.1,BID
1446081445,1993.61,0.55,BID
1446081447,1993.61,0.1,BID
1446081447,1993.73,0.3,BID
1446081447,1993.75,0.1528,BID
1446081447,1993.75,0.1827,BID
1446081447,1993.9,0.0998,ASK
1446081448,1993.9,0.8746,ASK
1446081448,1993.74,6.8306,BID
1446081450,1993.98,0.059,BID
1446081450,1993.99,0.7,BID
1446081450,1994.0,0.421,BID
1446081451,1994.0,0.5015,BID
1446081463,1994.0,0.4256,BID
1446081479,1993.01,0.059,ASK
1446081479,1993.0,0.0408,ASK
1446081481,1993.75,0.55,BID
1446081483,1993.74,0.059,BID
1446081483,1993.75,2.57,BID
1446081483,1994.0,0.2679,BID
1446081483,1994.05,0.0153,BID
1446081490,1994.16,0.014,BID
1446081495,1994.1,0.0913,ASK
1446081495,1994.49,0.5,BID
1446081495,1994.5,1.4712,BID
1446081495,1994.56,0.001,BID
1446081496,1994.79,0.65,ASK
1446081504,1994.98,1.6,BID
1446081504,1995.0,7.5923,BID
1446081506,1995.0,0.0013,BID
1446081507,1994.49,0.0998,ASK
1446081510,1995.0,5.7986,BID
1446081527,1995.0,2.0,BID
1446081529,1995.0,2.58,BID
1446081531,1995.0,2.0,BID
1446081533,1994.99,0.1,BID
1446081533,1994.99,0.0056,BID
1446081533,1995.0,1.8944,BID
1446081537,1994.99,0.146,BID
1446081539,1994.13,0.0998,ASK
1446081539,1995.0,20.0,BID
1446081547,1994.99,0.3542,BID
1446081547,1995.0,5.3542,BID
1446081547,1994.15,0.059,ASK
1446081547,1994.14,0.041,ASK
1446081549,1995.0,2.7792,BID
1446081549,1995.0,0.3733,BID
1446081565,1994.13,0.0056,ASK
1446081565,1994.11,0.0942,ASK
1446081575,1994.98,0.04,BID
1446081575,1995.0,1.46,BID
1446081586,1994.99,0.059,BID
1446081586,1995.0,5.9215,BID
1446081586,1995.0,0.6859,BID
1446081586,1995.0,1.3868,BID
1446081591,1994.2,4.421,ASK
1446081592,1995.0,4.0132,BID
1446081592,1995.0,0.3,BID
1446081592,1995.0,2.0,BID
1446081596,1995.0,0.0998,ASK
1446081618,1994.99,0.2,BID
1446081626,1994.29,0.059,ASK
1446081626,1994.28,0.0408,ASK
1446081636,1994.98,0.059,BID
1446081636,1994.99,0.45,BID
1446081636,1994.99,0.493,BID
1446081649,1994.28,0.6592,ASK
1446081649,1994.28,0.6,ASK
1446081649,1994.26,0.5,ASK
1446081649,1994.26,0.3,ASK
1446081649,1994.2,7.9408,ASK
1446081659,1994.29,0.0151,BID
1446081662,1994.21,0.5,ASK
1446081662,1994.2,7.6382,ASK
1446081662,1994.1,0.9087,ASK
1446081662,1994.0,1.0164,ASK
1446081662,1994.0,2.0,ASK
1446081662,1994.0,4.55,ASK
1446081664,1994.2,0.1,BID
1446081665,1994.21,0.007,ASK
1446081665,1994.21,0.393,ASK
1446081665,1994.0,0.357,ASK
1446081666,1994.28,0.1,BID
1446081666,1994.0,0.043,ASK
1446081667,1993.99,0.357,BID
1446081667,1994.28,0.1444,BID
1446081671,1994.28,1.5493,BID
1446081671,1994.29,0.0847,BID
1446081671,1994.97,0.7,BID
1446081671,1994.97,0.1722,BID
1446081675,1994.2,0.05,BID
1446081675,1994.2,0.5013,BID
1446081676,1994.2,0.5015,BID
1446081677,1994.2,0.5015,BID
1446081678,1994.2,0.5015,BID
1446081679,1994.19,0.3,BID
1446081679,1994.2,0.2015,BID
1446081680,1994.2,0.5015,BID
1446081681,1994.2,0.5015,BID
1446081688,1993.98,0.0998,BID
1446081690,1994.2,0.001,BID
1446081690,1994.19,0.1302,ASK
1446081698,1994.0,0.1,BID
1446081700,1994.0,2.58,ASK
1446081700,1994.0,0.9,ASK
1446081701,1994.0,2.0,ASK
1446081701,1994.0,4.42,ASK
1446081711,1992.19,0.0998,ASK
1446081731,1993.99,0.007,BID
1446081732,1993.98,0.1,BID
1446081732,1993.99,0.6,BID
1446081740,1993.6,0.0998,ASK
1446081742,1993.6,0.1358,ASK
1446081742,1993.99,0.043,BID
1446081742,1993.99,0.65,BID
1446081742,1994.0,0.501,BID
1446081742,1994.19,0.5,BID
1446081742,1994.19,0.4698,BID
1446081742,1994.2,2.2556,BID
1446081747,1994.19,0.2356,BID
1446081747,1994.2,0.2644,BID
1446081749,1994.19,0.01,ASK
1446081754,1994.2,2.3305,BID
1446081755,1994.2,0.5015,BID
1446081757,1994.2,0.5015,BID
1446081758,1994.2,0.5015,BID
1446081759,1994.2,0.5015,BID
1446081760,1994.2,0.5015,BID
1446081764,1994.19,0.49,ASK
1446081765,1994.13,0.2086,BID
1446081765,1994.18,0.2914,BID
1446081777,1994.18,0.001,BID
1446081782,1993.63,0.1,ASK
1446081782,1993.62,0.2288,ASK
1446081782,1993.6,0.3,ASK
1446081782,1993.6,0.6,ASK
1446081782,1993.6,0.5,ASK
1446081782,1993.59,5.1412,ASK
1446081784,1994.18,0.1976,BID
1446081791,1994.18,0.3024,ASK
1446081791,1994.18,0.197,ASK
1446081792,1994.18,0.001,BID
1446081799,1993.65,0.059,ASK
1446081799,1993.64,0.0124,ASK
1446081799,1993.64,0.1122,ASK
1446081799,1994.16,0.2288,BID
1446081799,1994.16,0.1278,BID
1446081799,1994.17,0.1434,BID
1446081802,1994.16,0.059,ASK
1446081804,1994.17,0.059,BID
1446081805,1994.17,0.297,BID
1446081805,1994.18,0.059,BID
1446081806,1994.18,0.0408,BID
1446081808,1994.19,0.0998,BID
1446081808,1994.19,0.6,BID
1446081808,1994.19,0.1122,BID
1446081808,1994.19,2.648,ASK
1446081808,1994.18,0.3152,ASK
1446081808,1994.16,0.441,ASK
1446081810,1993.86,0.0104,BID
1446081811,1993.86,0.5,BID
1446081819,1994.17,0.1,BID
1446081819,1994.18,0.4,BID
1446081835,1993.61,0.0591,ASK
1446081835,1993.6,0.1,ASK
1446081835,1993.59,1.8409,ASK
1446081835,1993.59,0.0998,ASK
1446081840,1994.16,0.0106,BID
1446081840,1994.17,0.5,BID
1446081840,1994.18,0.6,BID
1446081840,1994.2,0.5394,BID
1446081859,1993.59,0.7272,ASK
1446081859,1993.59,0.938,ASK
1446081861,1993.59,1.6099,ASK
1446081862,1993.59,2.843,ASK
1446081864,1993.29,0.938,BID
1446081865,1993.29,0.05,BID
1446081880,1993.28,2.5074,ASK
1446081896,1992.69,0.0011,ASK
1446081896,1992.31,0.0987,ASK
1446081914,1992.7,0.0061,ASK
1446081917,1992.4,2.58,BID
1446081918,1993.57,0.02,BID
1446081918,1993.58,0.1,BID
1446081918,1993.59,0.0061,BID
1446081918,1993.61,0.0998,BID
1446081918,1994.16,1.001,BID
1446081918,1994.17,0.7731,BID
1446081923,1992.35,0.0998,BID
1446081934,1994.13,0.0591,BID
1446081934,1994.14,0.1,BID
1446081934,1994.18,0.3425,BID
1446081942,1994.18,13.2074,BID
1446081945,1993.03,0.0591,ASK
1446081945,1993.02,0.0407,ASK
1446081957,1994.17,0.5,BID
1446081957,1994.17,0.0591,BID
1446081957,1994.18,0.1209,BID
1446081957,1994.18,0.001,BID
1446081971,1993.04,0.0591,ASK
1446081971,1993.03,0.0407,ASK
1446081980,1993.04,0.02,ASK
1446081980,1993.04,0.3,ASK
1446081980,1993.04,0.6,ASK
1446081980,1993.03,0.0193,ASK
1446081980,1993.03,0.5,ASK
1446081981,1993.02,0.5,BID
1446081981,1993.02,2.1607,BID
1446081985,1994.17,0.04,BID
1446081985,1994.17,0.6,BID
1446081985,1994.17,0.3,BID
1446081985,1994.18,0.7282,BID
1446081985,1994.18,5.0,BID
1446081985,1994.18,1.001,BID
1446081988,1994.19,0.0591,BID
1446081988,1994.2,2.9742,BID
1446081989,1994.18,11.2403,ASK
1446081991,1994.18,0.65,ASK
1446081993,1994.18,0.4405,ASK
1446081993,1993.06,0.1765,ASK
1446082001,1994.16,0.06,BID
1446082001,1994.17,0.2095,BID
1446082001,1994.17,0.4405,BID
1446082001,1994.18,0.0998,BID
1446082001,1994.2,2.6902,BID
1446082008,1994.2,4.7197,BID
1446082010,1993.21,0.001,ASK
1446082015,1994.19,0.001,BID
1446082015,1994.2,0.499,BID
1446082016,1994.2,0.5015,BID
1446082016,1994.2,0.5,BID
1446082018,1994.2,0.5,BID
1446082019,1994.2,0.5015,BID
1446082020,1994.2,0.5,BID
1446082020,1994.2,0.5015,BID
1446082021,1994.2,0.5015,BID
1446082021,1994.2,2.5222,BID
1446082021,1994.2,0.061,BID
1446082027,1994.21,0.0591,ASK
1446082027,1994.21,0.0407,ASK
1446082043,1994.21,0.061,ASK
1446082043,1994.21,0.439,ASK
1446082043,1994.17,1.7049,ASK
1446082043,1994.17,0.1764,ASK
1446082043,1993.6,0.7,ASK
1446082043,1993.21,1.7044,ASK
1446082045,1994.89,0.0591,BID
1446082045,1994.9,0.4409,BID
1446082052,1994.21,0.5,BID
1446082054,1994.2,0.5,BID
1446082056,1994.2,0.2,BID
1446082056,1994.2,0.04,BID
1446082056,1994.21,0.26,BID
1446082064,1994.2,0.5,ASK
1446082064,1993.25,0.6,ASK
1446082064,1993.25,0.5,ASK
1446082066,1993.24,0.5011,BID
1446082066,1993.24,0.461,BID
1446082066,1993.24,0.5,BID
1446082066,1993.24,2.0,BID
1446082068,1993.24,0.1187,BID
1446082071,1993.54,0.061,ASK
1446082073,1994.19,0.118,BID
1446082078,1993.55,0.0998,ASK
1446082084,1993.56,0.0811,ASK
1446082102,1993.58,0.0027,ASK
1446082126,1993.57,0.0971,BID
1446082126,1993.57,0.0166,BID
1446082132,1993.59,0.0592,ASK
1446082132,1993.59,0.0406,ASK
1446082142,1993.6,0.02,ASK
1446082142,1993.58,0.1137,ASK
1446082142,1993.5,1.0,ASK
1446082142,1993.29,0.3,ASK
1446082142,1993.26,0.5663,ASK
1446082143,1993.26,0.1337,ASK
1446082143,1993.25,0.1187,ASK
1446082143,1993.21,0.9276,ASK
1446082158,1993.21,0.0998,ASK
1446082173,1993.21,2.58,ASK
1446082175,1993.22,0.0043,ASK
1446082175,1993.21,3.8167,ASK
1446082186,1993.21,0.0998,ASK
1446082211,1993.21,0.0998,ASK
1446082234,1993.21,2.5789,ASK
1446082239,1993.24,0.5,ASK
1446082239,1993.21,1.3269,ASK
1446082243,1993.21,0.0998,ASK
1446082247,1993.98,0.1,BID
1446082247,1993.99,0.6,BID
1446082247,1993.99,0.3,BID
1446082247,1993.99,0.5,BID
1446082247,1994.0,0.1094,BID
1446082249,1994.0,0.8993,BID
1446082249,1994.0,5.0,BID
1446082249,1994.13,0.5,BID
1446082249,1994.14,0.0043,BID
1446082249,1994.17,0.0027,BID
1446082249,1994.18,0.3,BID
1446082249,1994.19,0.382,BID
1446082249,1994.21,14.4184,BID
1446082253,1993.99,0.4154,BID
1446082260,1993.96,0.015,ASK
1446082260,1993.23,0.0315,ASK
1446082276,1993.23,0.07,ASK
1446082276,1993.22,0.0298,ASK
1446082285,1993.22,0.2702,ASK
1446082285,1993.22,0.6,ASK
1446082285,1993.22,0.1298,ASK
1446082291,1993.23,0.0301,BID
1446082292,1993.23,0.3,BID
1446082294,1993.23,1.7,BID
1446082295,1993.23,0.0013,BID
1446082295,1993.23,1.561,BID
1446082296,1993.23,2.316,BID
1446082298,1993.23,4.938,BID
1446082307,1993.23,1.072,BID
1446082309,1993.22,0.0998,ASK
1446082311,1993.22,0.2002,ASK
1446082311,1993.22,0.4498,ASK
1446082312,1993.22,0.0502,ASK
1446082312,1993.21,0.5998,ASK
1446082312,1993.23,0.0009,BID
1446082314,1993.23,0.65,ASK
1446082317,1993.23,0.5079,ASK
1446082338,1993.25,0.0016,ASK
1446082338,1993.24,0.0982,ASK
1446082353,1993.24,0.4018,ASK
1446082353,1993.24,0.5,ASK
1446082354,1993.24,0.4409,BID
1446082354,1994.15,0.0591,BID
1446082355,1994.14,0.1,BID
1446082355,1994.15,0.0001,BID
1446082355,1994.16,0.0016,BID
1446082355,1994.19,0.5,BID
1446082355,1994.21,0.811,BID
1446082355,1994.21,0.0998,BID
1446082355,1994.21,0.9983,BID
1446082355,1994.63,0.001,BID
1446082355,1994.76,0.0682,BID
1446082364,1994.76,0.2318,BID
1446082364,1994.77,0.6,BID
1446082364,1994.77,0.5,BID
1446082364,1994.77,0.3844,BID
1446082364,1994.78,1.7048,BID
1446082364,1994.8,1.5,BID
1446082364,1994.89,2.228,BID
1446082364,1993.29,3.0,BID
1446082364,1993.29,8.166,BID
1446082365,1993.28,0.0998,ASK
1446082376,1994.14,0.809,ASK
1446082378,1994.16,0.0592,ASK
1446082378,1994.15,0.4268,ASK
1446082383,1994.16,0.1,ASK
1446082383,1994.15,0.1732,ASK
1446082383,1994.14,2.3068,ASK
1446082390,1994.49,0.6,BID
1446082390,1994.5,15.444,BID
1446082392,1994.14,2.0,ASK
1446082396,1994.14,0.0998,ASK
1446082396,1994.14,1.8054,ASK
1446082396,1993.32,0.1946,ASK
1446082400,1994.2,12.8789,ASK
1446082401,1994.2,1.1569,ASK
1446082401,1993.32,0.0231,ASK
1446082425,1993.35,0.0998,ASK
1446082440,1994.13,0.1,BID
1446082444,1994.21,0.133,ASK
1446082446,1994.21,0.0593,ASK
1446082446,1994.21,1.6094,ASK
1446082447,1994.21,13.0983,ASK
1446082447,1993.36,17.0,ASK
1446082447,1993.36,12.389,ASK
1446082448,1993.91,0.3,BID
1446082450,1993.91,0.809,BID
1446082451,1993.5,0.0998,ASK
1446082452,1993.5,1.4002,ASK
1446082452,1993.35,0.1,ASK
1446082454,1993.36,0.1,ASK
1446082454,1993.35,0.5002,ASK
1446082454,1993.35,0.6,ASK
1446082454,1993.32,0.5,ASK
1446082454,1993.32,0.5,ASK
1446082454,1993.32,0.6317,ASK
1446082457,1993.32,0.1579,ASK
1446082462,1993.32,1.18,ASK
1446082463,1993.32,0.65,ASK
1446082479,1993.33,0.008,ASK
1446082479,1993.32,0.0918,ASK
1446082484,1993.32,0.5,ASK
1446082485,1993.32,0.5,ASK
1446082487,1993.32,0.5,ASK
1446082489,1993.32,0.1386,ASK
1446082492,1993.32,0.138,BID
1446082492,1993.32,0.6386,BID
1446082492,1993.6,1.8034,BID
1446082494,1993.33,0.4994,ASK
1446082494,1993.23,1.0,ASK
1446082494,1993.21,4.2708,ASK
1446082494,1993.21,2.0083,ASK
1446082506,1993.21,0.0998,ASK
1446082512,1993.56,0.0801,BID
1446082515,1993.56,0.0199,BID
1446082515,1993.88,0.008,BID
1446082515,1994.0,0.0023,BID
1446082515,1994.19,0.5,BID
1446082515,1994.19,0.3,BID
1446082515,1994.19,0.5,BID
1446082515,1994.21,0.021,BID
1446082515,1994.49,0.6,BID
1446082515,1994.49,0.7,BID
1446082515,1994.5,0.6788,BID
1446082522,1993.85,0.0802,BID
1446082525,1993.85,0.0198,BID
1446082532,1994.49,0.2177,BID
1446082532,1994.49,0.5,BID
1446082532,1994.5,4.7252,BID
1446082541,1993.73,0.0998,BID
1446082541,1994.4,0.7805,BID
1446082565,1993.52,0.0998,ASK
1446082582,1993.5,0.5,ASK
1446082582,1993.5,1.0,ASK
1446082582,1993.21,0.3996,ASK
1446082583,1993.19,7.0,ASK
1446082583,1993.19,3.0,ASK
1446082583,1993.19,3.811,ASK
1446082590,1993.02,0.006,ASK
1446082590,1993.0,5.0,ASK
1446082617,1992.62,0.001,ASK
1446082628,1991.99,4.0934,ASK
1446082628,1991.83,0.003,ASK
1446082628,1991.8,0.5,ASK
1446082632,1992.0,0.0067,ASK
1446082635,1992.0,0.0998,ASK
1446082635,1992.0,0.8647,ASK
1446082653,1992.0,0.0288,ASK
1446082653,1992.0,0.3972,ASK
1446082653,1992.0,0.0008,ASK
1446082653,1991.52,0.0067,ASK
1446082653,1990.68,0.7,ASK
1446082653,1990.66,3.6382,ASK
1446082677,1990.7,0.6,ASK
1446082677,1990.7,1.985,ASK
1446082681,1990.7,4.8405,ASK
1446082682,1991.97,1.985,BID
1446082682,1991.98,0.1,BID
1446082682,1991.99,3.6382,BID
1446082682,1992.0,0.0998,BID
1446082683,1992.0,0.5,ASK
1446082683,1992.0,0.02,ASK
1446082683,1992.0,4.8405,ASK
1446082683,1992.0,0.0592,ASK
1446082684,1992.0,1.8573,ASK
1446082684,1990.67,0.3,ASK
1446082684,1990.65,0.5,ASK
1446082684,1990.51,0.0402,ASK
1446082684,1990.5,2.0373,ASK
1446082684,1990.23,0.007,ASK
1446082684,1990.18,5.0,ASK
1446082684,1990.17,26.7056,ASK
1446082684,1990.16,0.3699,ASK
1446082684,1990.16,10.909,ASK
1446082684,1990.01,2.1315,ASK
1446082684,1990.0,0.1422,ASK
1446082689,1992.01,0.0592,ASK
1446082689,1990.74,0.0406,ASK
1446082695,1992.02,0.1,ASK
1446082701,1992.0,0.1422,ASK
1446082719,1990.27,0.02,ASK
1446082719,1990.26,0.0798,ASK
1446082738,1990.3,0.502,ASK
1446082738,1990.28,0.7214,ASK
1446082742,1991.86,0.1,BID
1446082742,1991.87,0.041,BID
1446082742,1991.88,0.7214,BID
1446082742,1991.9,0.08,BID
1446082742,1991.92,0.0061,BID
1446082742,1992.97,10.93,BID
1446082745,1990.33,0.001,ASK
1446082749,1990.33,0.0998,ASK
1446082753,1990.5,0.001,ASK
1446082773,1990.51,0.0998,ASK
1446082803,1990.62,0.0998,ASK
1446082823,1990.7,0.3768,ASK
1446082823,1990.7,0.608,ASK
1446082833,1990.71,0.0998,ASK
1446082846,1990.74,0.152,ASK
1446082846,1990.71,3.2742,ASK
1446082858,1991.0,0.0998,ASK
1446082861,1992.6,0.1,BID
1446082861,1992.61,0.402,BID
1446082866,1991.5,0.524,ASK
1446082876,1992.53,0.001,BID
1446082885,1991.5,0.0001,ASK
1446082885,1991.01,0.0997,ASK
1446082901,1991.01,0.5,ASK
1446082903,1991.01,0.5,ASK
1446082905,1991.01,0.5,ASK
1446082907,1991.02,0.5,ASK
1446082909,1991.02,0.1,ASK
1446082912,1991.0,0.099,ASK
1446082913,1991.0,0.099,ASK
1446082914,1991.0,0.65,ASK
1446082915,1991.0,0.65,ASK
1446082916,1991.0,0.099,ASK
1446082916,1991.0,0.65,ASK
1446082917,1991.0,0.65,ASK
1446082918,1991.0,0.099,ASK
1446082918,1991.0,0.65,ASK
1446082919,1991.0,0.65,ASK
1446082919,1991.0,0.099,ASK
1446082920,1991.0,0.5052,ASK
1446082920,1991.0,0.1448,ASK
1446082921,1991.0,0.2552,ASK
1446082926,1990.51,0.099,ASK
1446082928,1990.51,0.5,ASK
1446082929,1990.51,0.5,ASK
1446082933,1990.51,0.5,ASK
1446082934,1990.52,0.01,ASK
1446082934,1990.51,0.49,ASK
1446082936,1990.51,0.5,ASK
1446082937,1990.98,0.1,BID
1446082937,1990.99,0.3948,BID
1446082937,1990.99,0.65,BID
1446082937,1991.0,0.5,ASK
1446082939,1991.0,0.5,ASK
1446082945,1991.0,0.0998,ASK
1446082946,1991.0,0.65,ASK
1446082947,1991.0,0.65,ASK
1446082948,1991.0,0.65,ASK
1446082950,1991.0,0.65,ASK
1446082951,1991.0,0.65,ASK
1446082952,1991.0,0.65,ASK
1446082953,1991.0,0.65,ASK
1446082954,1991.0,0.65,ASK
1446082955,1991.0,0.65,ASK
1446082956,1991.0,0.65,ASK
1446082957,1991.0,0.65,ASK
1446082958,1991.0,0.65,ASK
1446082959,1991.0,0.65,ASK
1446082960,1991.0,0.65,ASK
1446082961,1991.0,0.65,ASK
1446082962,1991.0,0.65,ASK
1446082963,1991.0,0.65,ASK
1446082964,1991.0,0.65,ASK
1446082965,1991.0,0.65,ASK
1446082966,1991.0,0.65,ASK
1446082967,1991.0,0.65,ASK
1446082970,1991.0,0.65,ASK
1446082971,1991.0,0.65,ASK
1446082972,1991.0,0.65,ASK
1446082973,1991.0,0.65,ASK
1446082974,1991.0,0.65,ASK
1446082975,1991.0,0.65,ASK
1446082975,1991.0,0.7195,ASK
1446082976,1991.0,0.0998,ASK
1446082976,1991.0,0.65,ASK
1446082977,1991.01,0.0998,BID
1446083002,1991.03,0.0998,ASK
1446083003,1991.5,0.3281,BID
1446083028,1991.5,0.0998,ASK
1446083049,1992.43,0.0592,BID
1446083049,1992.44,0.754,BID
1446083049,1992.49,0.0044,BID
1446083051,1992.78,0.1,ASK
1446083051,1993.0,0.0998,BID
1446083052,1992.78,0.5575,ASK
1446083054,1992.46,0.0998,ASK
1446083071,1993.23,0.3,BID
1446083071,1993.23,0.5,BID
1446083071,1993.23,0.7,BID
1446083071,1993.23,0.1102,BID
1446083072,1993.23,0.4898,BID
1446083072,1993.24,4.431,BID
1446083072,1993.5,1.0,BID
1446083072,1993.52,2.5883,BID
1446083078,1993.43,0.1,ASK
1446083078,1992.0,1.5,ASK
1446083078,1991.65,0.6,ASK
1446083078,1991.65,0.38,ASK
1446083078,1993.53,0.5,BID
1446083078,1993.73,0.3,BID
1446083078,1993.73,0.38,BID
1446083081,1993.54,0.0998,ASK
1446083083,1993.72,0.5,BID
1446083083,1993.73,0.3379,BID
1446083083,1994.0,9.397,BID
1446083084,1993.54,0.4002,ASK
1446083084,1993.54,0.0998,BID
1446083084,1993.98,3.0,ASK
1446083084,1993.98,5.0,ASK
1446083084,1993.98,1.494,ASK
1446083085,1993.74,0.2381,ASK
1446083089,1991.67,0.7,ASK
1446083089,1991.66,6.627,ASK
1446083099,1993.51,0.6,BID
1446083099,1993.52,0.1,BID
1446083099,1993.53,0.1621,BID
1446083099,1993.53,1.3952,BID
1446083114,1992.05,0.0998,ASK
1446083141,1992.11,0.0592,ASK
1446083141,1992.1,0.001,ASK
1446083143,1992.07,0.0396,BID
1446083152,1992.09,0.001,ASK
1446083154,1993.36,0.0592,BID
1446083154,1993.37,0.02,BID
1446083154,1993.37,0.7,BID
1446083154,1993.38,0.1,BID
1446083154,1993.39,0.119,BID
1446083157,1992.1,0.3,ASK
1446083157,1992.09,0.0042,ASK
1446083157,1992.09,5.0,ASK
1446083157,1992.08,0.3,ASK
1446083157,1992.0,3.6228,ASK
1446083157,1991.51,0.5,ASK
1446083157,1991.5,2.7174,ASK
1446083168,1992.11,0.02,ASK
1446083168,1992.1,0.0798,ASK
1446083188,1992.15,0.1,BID
1446083188,1993.39,0.02,BID
1446083188,1993.39,3.3415,BID
1446083198,1992.16,0.02,ASK
1446083198,1992.16,0.0798,ASK
1446083204,1993.36,0.0042,BID
1446083218,1993.4,1.0,BID
1446083218,1993.88,0.18,BID
1446083221,1993.36,9.9842,ASK
1446083221,1993.36,0.0449,ASK
1446083221,1993.1,0.02,ASK
1446083242,1993.34,0.02,BID
1446083242,1993.35,0.1,BID
1446083242,1993.35,1.8511,BID
1446083242,1993.36,0.0998,BID
1446083243,1993.36,0.5,ASK
1446083245,1993.36,0.3798,ASK
1446083247,1993.36,1.5453,ASK
1446083248,1993.36,0.4377,ASK
1446083249,1993.36,0.0829,ASK
1446083255,1991.73,0.502,ASK
1446083255,1991.71,0.3,ASK
1446083255,1991.7,1.798,ASK
1446083277,1991.81,0.0998,ASK
1446083300,1992.97,0.502,BID
1446083300,1993.0,0.498,BID
1446083307,1992.96,0.5,BID
1446083309,1992.97,0.5,ASK
1446083309,1992.97,0.0998,ASK
1446083311,1992.97,0.5,ASK
1446083313,1992.97,0.5,ASK
1446083316,1992.97,0.5,ASK
1446083317,1992.97,0.5,ASK
1446083319,1992.97,0.5,ASK
1446083321,1992.97,0.5,ASK
1446083322,1992.98,0.02,ASK
1446083322,1992.97,0.48,ASK
1446083324,1992.97,0.1222,ASK
1446083343,1992.96,0.0998,ASK
1446083344,1993.0,1.002,BID
1446083345,1993.35,0.3,BID
1446083345,1993.36,0.88,BID
1446083362,1993.36,0.3668,BID
1446083362,1993.36,0.0998,BID
1446083365,1993.36,0.6768,ASK
1446083366,1993.48,0.12,BID
1446083366,1993.49,3.8741,BID
1446083367,1993.49,0.12,BID
1446083375,1993.36,0.0998,ASK
1446083376,1993.36,0.12,ASK
1446083378,1993.48,0.001,BID
1446083385,1993.48,10.1978,BID
1446083385,1993.49,11.3694,BID
1446083386,1993.49,0.5016,BID
1446083390,1993.49,0.0032,BID
1446083390,1993.49,0.7,BID
1446083392,1993.49,0.5016,BID
1446083392,1993.49,0.3,BID
1446083393,1993.49,0.5016,BID
1446083394,1993.49,0.1579,BID
1446083394,1993.49,10.001,BID
1446083394,1993.49,0.5016,BID
1446083394,1993.49,0.001,BID
1446083396,1993.49,0.5016,BID
1446083396,1993.49,0.5,BID
1446083397,1993.49,0.5016,BID
1446083398,1993.49,0.5016,BID
1446083399,1993.49,0.5016,BID
1446083399,1993.48,0.0998,ASK
1446083400,1993.48,0.6,ASK
1446083400,1993.49,1.418,BID
1446083401,1993.5,0.5016,ASK
1446083401,1993.49,0.082,ASK
1446083401,1993.48,0.0664,ASK
1446083403,1993.49,0.5016,BID
1446083403,1993.55,0.012,BID
1446083403,1993.64,0.0386,BID
1446083406,1993.64,0.5016,BID
1446083406,1993.8,1.0,BID
1446083406,1993.95,0.001,BID
1446083406,1993.99,0.7,BID
1446083406,1993.99,0.3,BID
1446083406,1993.99,0.5,BID
1446083424,1993.67,0.0592,ASK
1446083424,1993.66,0.0406,ASK
1446083431,1993.99,0.0592,BID
1446083431,1994.0,6.7598,BID
1446083441,1993.98,0.04,BID
1446083441,1994.0,1.9401,BID
1446083443,1994.0,1.9804,BID
1446083444,1994.0,2.0,BID
1446083445,1994.0,0.2267,BID
1446083445,1994.0,0.4,BID
1446083445,1994.0,0.4078,BID
1446083445,1994.5,1.5455,BID
1446083447,1994.3,1.306,ASK
1446083453,1994.29,0.65,BID
1446083455,1994.5,0.3036,BID
1446083455,1994.31,0.0998,ASK
1446083461,1994.5,0.7901,BID
1446083462,1994.5,0.5014,BID
1446083463,1994.5,0.5014,BID
1446083466,1994.5,0.5014,BID
1446083467,1994.5,0.5014,BID
1446083468,1994.5,0.5014,BID
1446083469,1994.5,2.4597,BID
1446083469,1994.5,0.5014,BID
1446083474,1994.49,0.4169,BID
1446083475,1994.2,0.002,ASK
1446083478,1994.49,0.7362,BID
1446083478,1994.5,1.7443,BID
1446083479,1994.5,0.1677,BID
1446083479,1994.5,0.3332,BID
1446083480,1994.5,2.0,BID
1446083481,1994.21,0.0591,ASK
1446083481,1994.19,0.0407,ASK
1446083485,1994.49,0.0591,BID
1446083485,1994.5,1.0191,BID
1446083496,1994.75,0.003,BID
1446083496,1994.8,0.9169,BID
1446083496,1994.81,0.3667,BID
1446083496,1994.82,0.3301,BID
1446083496,1994.83,0.3833,BID
1446083499,1994.83,0.2109,BID
1446083499,1994.84,0.2376,BID
1446083499,1994.85,0.4278,BID
1446083499,1994.86,0.6846,BID
1446083499,1994.87,0.4391,BID
1446083504,1994.51,0.0591,ASK
1446083504,1994.5,1.4806,ASK
1446083506,1994.5,0.05,BID
1446083511,1994.5,1.3803,BID
1446083534,1994.49,0.1,BID
1446083536,1994.49,0.0998,ASK
1446083538,1994.49,0.8012,ASK
1446083543,1994.11,0.1,ASK
1446083543,1994.1,0.5,ASK
1446083543,1994.1,0.2,ASK
1446083543,1994.1,0.1,ASK
1446083543,1994.09,0.6,ASK
1446083543,1994.07,0.6,ASK
1446083543,1994.05,0.7,ASK
1446083546,1994.05,0.195,BID
1446083546,1994.48,0.65,BID
1446083546,1994.5,0.1753,BID
1446083546,1994.51,0.0998,BID
1446083546,1994.55,1.1483,BID
1446083549,1994.75,1.027,ASK
1446083551,1994.49,1.001,ASK
1446083555,1994.44,5.0,BID
1446083555,1994.49,1.8579,BID
1446083557,1994.49,8.1431,BID
1446083558,1994.5,0.5,ASK
1446083559,1994.5,2.58,ASK
1446083560,1994.5,0.65,ASK
1446083560,1994.5,1.665,ASK
1446083561,1994.5,0.65,ASK
1446083561,1994.5,19.2119,ASK
1446083562,1993.68,0.0079,ASK
1446083562,1993.65,0.5016,ASK
1446083562,1993.65,0.3,ASK
1446083562,1993.5,0.0058,ASK
1446083562,1993.49,1.1847,ASK
1446083562,1993.49,1.18,ASK
1446083566,1994.19,0.1,BID
1446083566,1994.49,0.65,BID
1446083566,1994.49,0.0998,BID
1446083566,1994.5,0.6,BID
1446083571,1994.5,0.75,ASK
1446083571,1994.5,2.3585,ASK
1446083572,1994.5,0.3397,ASK
1446083574,1993.48,2.0,ASK
1446083575,1994.49,0.65,BID
1446083575,1994.49,0.351,BID
1446083582,1994.49,0.299,BID
1446083583,1994.49,0.02,ASK
1446083586,1994.49,0.682,ASK
1446083595,1993.5,0.0998,ASK
1446083596,1994.48,0.65,BID
1446083596,1994.73,0.7,BID
1446083596,1994.73,0.3,BID
1446083596,1994.73,0.5,BID
1446083596,1994.74,0.65,BID
1446083596,1994.75,0.001,BID
1446083596,1994.86,0.3,BID
1446083596,1994.86,0.5,BID
1446083596,1994.87,0.5084,BID
1446083596,1994.88,1.1054,BID
1446083596,1994.92,1.1055,BID
1446083596,1994.95,0.0268,BID
1446083596,1995.0,1.0,BID
1446083596,1995.0,1.0,BID
1446083596,1995.0,10.0,BID
1446083596,1995.0,5.462,BID
1446083596,1995.0,1.971,BID
1446083596,1995.0,7.828,BID
1446083612,1994.75,0.001,BID
1446083612,1994.99,0.1,BID
1446083612,1995.0,2.0967,BID
1446083612,1995.0,0.503,BID
1446083612,1995.04,0.0011,BID
1446083612,1995.1,0.6,BID
1446083612,1996.0,0.5286,BID
1446083612,1996.0,1.933,BID
1446083616,1994.5,0.02,ASK
1446083616,1993.52,0.5,ASK
1446083616,1993.52,0.7,ASK
1446083616,1993.51,1.4211,ASK
1446083616,1993.51,5.0,ASK
1446083616,1993.5,8.5845,ASK
1446083616,1994.74,0.0545,BID
1446083624,1994.49,0.0998,BID
1446083630,1994.5,0.0317,ASK
1446083649,1994.51,0.0998,ASK
1446083656,1994.51,0.0002,ASK
1446083664,1994.5,0.0681,ASK
1446083667,1994.49,0.0681,BID
1446083667,1994.5,0.0681,BID
1446083667,1994.51,0.0998,BID
1446083667,1994.8,0.1,BID
1446083667,1994.99,0.6,BID
1446083667,1995.0,0.465,BID
1446083672,1994.5,0.0681,BID
1446083673,1994.5,0.029,ASK
1446083675,1994.5,1.1029,ASK
1446083675,1994.01,0.0998,ASK
1446083680,1994.01,0.0002,ASK
1446083680,1994.0,0.029,ASK
1446083683,1994.0,0.0292,BID
1446083683,1994.73,0.0046,BID
1446083683,1994.74,3.4662,BID
1446083686,1994.72,0.1,ASK
1446083687,1994.72,0.65,ASK
1446083704,1994.72,0.0998,ASK
1446083705,1994.72,0.4045,ASK
1446083705,1994.72,2.6898,ASK
1446083706,1994.72,0.5879,ASK
1446083709,1994.74,0.7,BID
1446083709,1994.75,1.3,BID
1446083710,1994.75,0.5013,BID
1446083713,1994.72,1.035,ASK
1446083717,1994.75,2.58,BID
1446083718,1994.75,0.5013,BID
1446083719,1994.75,0.5013,BID
1446083720,1994.75,0.5013,BID
1446083721,1994.72,0.133,ASK
1446083721,1994.61,0.5,ASK
1446083721,1994.6,9.7372,ASK
1446083721,1994.6,0.5013,BID
1446083724,1994.5,0.001,ASK
1446083724,1994.5,1.0,ASK
1446083726,1994.45,0.1,ASK
1446083747,1994.48,0.1,BID
1446083747,1994.49,0.65,BID
1446083747,1994.5,0.0998,BID
1446083747,1994.6,0.3302,BID
1446083761,1994.01,0.0592,ASK
1446083761,1994.01,0.0406,BID
1446083783,1994.0,0.0998,ASK
1446083785,1994.57,9.0,ASK
1446083785,1994.57,5.304,ASK
1446083788,1994.01,0.06,ASK
1446083788,1994.0,2.9002,ASK
1446083791,1994.56,2.0,ASK
1446083791,1994.56,8.0,ASK
1446083791,1994.56,2.76,ASK
1446083795,1994.0,2.9229,ASK
1446083813,1994.48,0.2689,ASK
1446083813,1994.01,0.3,ASK
1446083813,1994.01,0.6,ASK
1446083813,1994.01,0.7,ASK
1446083813,1994.0,0.7111,ASK
1446083817,1994.0,0.0339,ASK
1446083818,1994.45,3.0,ASK
1446083818,1994.45,5.0,ASK
1446083818,1994.45,6.445,ASK
1446083819,1994.47,0.2689,BID
1446083819,1994.48,0.0998,BID
1446083819,1994.59,0.5,BID
1446083819,1994.71,0.133,BID
1446083819,1994.74,0.3,BID
1446083819,1994.74,0.7,BID
1446083819,1994.74,0.6,BID
1446083819,1994.75,2.8983,BID
1446083822,1994.0,13.2541,ASK
1446083834,1994.01,0.7,ASK
1446083834,1994.01,0.6,ASK
1446083834,1994.01,0.3,ASK
1446083834,1994.0,15.452,ASK
1446083834,1994.0,1.6,ASK
1446083835,1994.0,0.5,BID
1446083837,1994.0,0.1,BID
1446083838,1993.99,0.1,BID
1446083838,1994.0,1.55,BID
1446083841,1993.49,0.1579,ASK
1446083873,1993.5,0.0998,ASK
1446083882,1993.56,0.6,ASK
1446083882,1993.5,0.0002,ASK
1446083882,1993.49,1.6925,ASK
1446083899,1994.0,1.4974,BID
1446083899,1994.01,0.0998,BID
1446083899,1994.74,0.6,BID
1446083899,1994.74,0.3828,BID
1446083902,1993.49,0.001,ASK
1446083904,1993.99,0.1,BID
1446083905,1994.0,0.0998,ASK
1446083909,1994.0,0.8002,ASK
1446083909,1993.5,0.6,ASK
1446083909,1993.5,3.9983,ASK
1446083921,1994.72,0.3,BID
1446083921,1994.73,8.5845,BID
1446083921,1994.74,0.3,BID
1446083921,1994.74,0.5,BID
1446083921,1994.75,7.8155,BID
1446083925,1994.72,0.0042,BID
1446083925,1994.72,0.0592,BID
1446083925,1994.72,0.5,BID
1446083925,1994.75,4.7742,BID
1446083925,1995.0,3.0004,BID
1446083925,1995.1,1.662,BID
1446083925,1993.51,0.1,ASK
1446083925,1993.5,1.8777,ASK
1446083925,1993.5,8.1769,ASK
1446083936,1993.54,0.0592,ASK
1446083936,1993.54,0.0406,ASK
1446083961,1994.61,0.0998,ASK
1446083961,1994.61,0.4002,ASK
1446083961,1994.61,0.3,ASK
1446083961,1994.6,14.2998,ASK
1446083962,1994.6,0.65,ASK
1446083965,1994.61,0.001,BID
1446083966,1994.61,0.299,ASK
1446083966,1994.6,5.781,ASK
1446083967,1994.6,0.65,ASK
1446083968,1994.73,0.0592,BID
1446083968,1994.74,0.6,BID
1446083968,1994.91,0.1,BID
1446083968,1995.08,0.2408,BID
1446083970,1994.61,0.5,ASK
1446083970,1994.6,3.6192,ASK
1446083971,1994.59,0.5013,BID
1446083986,1994.02,0.0592,ASK
1446083986,1994.01,0.0406,ASK
1446083986,1994.59,1.5,BID
1446083993,1994.58,0.0592,BID
1446083993,1994.59,1.8795,BID
1446083993,1994.59,0.1546,BID
1446083999,1994.75,0.0592,ASK
1446083999,1994.74,2.4414,ASK
1446083999,1994.02,0.1,ASK
1446083999,1994.01,0.5594,ASK
1446083999,1994.01,1.6534,ASK
1446084038,1994.01,0.0998,ASK
1446084045,1994.74,0.1,BID
1446084045,1994.75,0.0998,BID
1446084045,1995.05,0.5,BID
1446084045,1995.05,0.1184,BID
1446084045,1995.07,0.3,BID
1446084045,1995.08,0.435,BID
1446084050,1994.01,0.0056,ASK
1446084050,1994.01,0.3,ASK
1446084051,1994.01,0.5,BID
1446084052,1994.01,0.5869,BID
1446084055,1994.03,0.4991,ASK
1446084055,1994.02,0.5015,ASK
1446084056,1994.01,0.1,BID
1446084058,1994.01,0.8994,BID
1446084068,1995.04,0.1,BID
1446084068,1995.05,0.0592,BID
1446084068,1995.06,0.3441,BID
1446084070,1994.02,0.5015,ASK
1446084070,1994.02,0.848,ASK
1446084070,1994.01,5.7306,ASK
1446084070,1994.0,0.0998,ASK
1446084072,1994.01,0.0593,BID
1446084076,1994.01,0.6993,BID
1446084077,1994.01,0.3705,BID
1446084093,1994.99,0.5,BID
1446084093,1994.99,0.3,BID
1446084093,1995.0,1.5,BID
1446084093,1995.07,0.3,BID
1446084093,1995.07,0.5,BID
1446084093,1995.07,0.848,BID
1446084093,1995.08,9.6196,BID
1446084093,1995.1,3.4324,BID
1446084096,1994.04,0.0998,ASK
1446084097,1994.98,0.0593,BID
1446084097,1994.99,0.3172,BID
1446084100,1995.08,5.0123,ASK
1446084100,1995.08,2.58,ASK
1446084101,1995.08,0.65,ASK
1446084102,1994.04,0.2002,ASK
1446084102,1994.04,0.5,ASK
1446084102,1994.04,0.7,ASK
1446084102,1994.04,0.5998,ASK
1446084108,1994.05,0.0593,ASK
1446084108,1994.04,9.8733,ASK
1446084108,1994.03,0.1,ASK
1446084108,1994.02,0.131,ASK
1446084108,1994.02,0.5015,ASK
1446084111,1994.01,1.18,ASK
1446084112,1994.01,0.65,ASK
1446084115,1994.02,9.9613,BID
1446084127,1994.03,0.0998,ASK
1446084130,1995.0,0.1,BID
1446084130,1995.01,13.19,BID
1446084140,1994.04,0.1,ASK
1446084140,1994.03,0.4017,ASK
1446084140,1994.03,0.2234,ASK
1446084147,1994.06,0.28,ASK
1446084152,1994.06,0.0998,ASK
1446084172,1994.07,0.007,ASK
1446084172,1994.06,0.2202,ASK
1446084172,1994.03,0.5,ASK
1446084172,1994.02,0.3728,ASK
1446084176,1994.07,0.0998,ASK
1446084200,1994.8,0.0998,ASK
1446084221,1994.95,0.007,BID
1446084221,1994.99,0.7,BID
1446084221,1994.99,0.2234,BID
1446084221,1995.01,3.6073,BID
1446084225,1994.94,0.0593,BID
1446084231,1995.01,0.7577,BID
1446084231,1995.1,0.4223,BID
1446084231,1995.1,2.58,BID
1446084231,1995.1,2.0,BID
1446084231,1995.01,0.0998,ASK
1446084237,1995.09,0.099,BID
1446084238,1995.09,0.401,BID
1446084238,1995.09,0.099,BID
1446084238,1995.09,0.3977,BID
1446084239,1995.1,0.5012,BID
1446084240,1995.1,0.397,BID
1446084241,1995.1,0.5012,BID
1446084242,1995.1,0.397,BID
1446084242,1995.1,0.5012,BID
1446084243,1995.09,0.0779,ASK
1446084244,1995.1,0.5012,BID
1446084245,1995.1,0.397,BID
1446084245,1995.09,0.0244,ASK
1446084246,1995.08,0.0779,BID
1446084246,1995.1,0.4233,BID
1446084246,1995.1,0.5,BID
1446084247,1995.1,0.5012,BID
1446084247,1995.1,0.5012,BID
1446084248,1995.1,0.5,BID
1446084248,1995.1,0.5012,BID
1446084249,1995.1,0.5012,BID
1446084250,1995.1,11.4481,BID
1446084256,1995.15,0.003,BID
1446084256,1995.28,0.497,BID
1446084259,1995.28,0.003,BID
1446084259,1995.55,0.001,BID
1446084259,1996.0,0.01,BID
1446084259,1996.0,0.01,BID
1446084259,1996.0,3.479,BID
1446084261,1995.12,0.0998,ASK
1446084262,1995.29,0.0593,ASK
1446084262,1995.12,0.4407,ASK
1446084263,1995.28,0.5,BID
1446084266,1995.28,0.01,ASK
1446084272,1995.99,0.0593,ASK
1446084273,1995.99,0.5405,ASK
1446084274,1995.99,1.4002,ASK
1446084279,1995.29,0.0593,ASK
1446084279,1995.28,0.49,ASK
1446084283,1995.12,0.01,ASK
1446084290,1995.28,0.1023,BID
1446084319,1995.29,0.0998,ASK
1446084322,1995.29,0.0025,ASK
1446084322,1995.12,0.0075,ASK
1446084324,1995.12,0.6825,ASK
1446084324,1995.12,0.6,ASK
1446084324,1995.12,0.5,ASK
1446084324,1995.12,0.3,ASK
1446084324,1995.11,0.5012,ASK
1446084324,1995.11,0.5012,ASK
1446084324,1995.1,5.5519,ASK
1446084324,1995.1,2.2466,ASK
1446084325,1995.57,2.0,ASK
1446084325,1995.57,5.851,ASK
1446084349,1995.1,0.0998,ASK
1446084365,1995.51,0.1,BID
1446084375,1995.53,0.0165,ASK
1446084376,1995.53,0.001,ASK
1446084379,1995.54,0.0998,ASK
1446084381,1995.54,0.0002,ASK
1446084381,1995.53,10.3339,ASK
1446084411,1995.54,0.0011,ASK
1446084411,1995.53,0.0987,ASK
1446084419,1995.53,0.0593,ASK
1446084420,1995.54,2.0,BID
1446084420,1995.54,0.907,BID
1446084421,1995.54,2.0,BID
1446084421,1995.54,0.5011,BID
1446084422,1995.54,0.413,BID
1446084422,1995.54,0.5011,BID
1446084423,1995.54,0.5011,BID
1446084424,1995.54,0.5011,BID
1446084425,1995.54,0.5011,BID
1446084426,1995.54,2.0,BID
1446084426,1995.54,0.5011,BID
1446084426,1995.54,0.009,BID
1446084427,1995.54,0.5011,BID
1446084428,1995.54,0.5011,BID
1446084429,1995.54,0.5011,BID
1446084431,1995.54,0.1611,BID
1446084434,1995.56,0.0593,ASK
1446084434,1995.55,0.34,ASK
1446084434,1995.55,0.5011,ASK
1446084434,1995.53,5.7286,ASK
1446084434,1995.1,7.1636,ASK
1446084434,1995.1,0.5,ASK
1446084434,1995.04,0.3,ASK
1446084434,1995.04,0.4596,ASK
1446084434,1995.02,0.5013,ASK
1446084434,1995.0,1.4465,ASK
1446084434,1995.52,44.0,ASK
1446084434,1995.52,4.413,ASK
1446084444,1995.51,0.1,BID
1446084444,1995.53,0.0998,BID
1446084475,1995.02,0.0998,ASK
1446084496,1995.94,0.0593,BID
1446084496,1995.95,0.0011,BID
1446084496,1995.95,0.009,BID
1446084496,1995.97,0.5,BID
1446084496,1995.97,0.3,BID
1446084496,1995.97,0.5391,BID
1446084496,1995.97,0.0609,BID
1446084496,1995.97,0.7,BID
1446084496,1995.98,0.65,BID
1446084496,1995.99,0.0998,BID
1446084496,1995.99,1.83,BID
1446084496,1995.99,7.0,BID
1446084496,1996.0,11.2108,BID
1446084499,1995.01,0.0998,ASK
1446084499,1996.0,0.0027,BID
1446084500,1995.99,0.4596,ASK
1446084504,1995.95,2.58,ASK
1446084504,1996.0,9.1254,BID
1446084505,1996.0,0.501,BID
1446084507,1995.95,2.0,ASK
1446084507,1996.0,0.501,BID
1446084508,1995.96,0.5,ASK
1446084508,1995.95,0.15,ASK
1446084509,1995.95,0.65,ASK
1446084510,1995.95,0.65,ASK
1446084511,1996.0,1.5,BID
1446084511,1995.95,0.65,ASK
1446084512,1995.99,0.3,BID
1446084512,1996.0,0.201,BID
1446084513,1996.0,0.501,BID
1446084514,1996.0,0.501,BID
1446084515,1996.0,0.501,BID
1446084515,1995.95,2.0,ASK
1446084516,1995.99,0.5,BID
1446084516,1996.0,0.001,BID
1446084519,1995.95,1.32,ASK
1446084521,1995.65,1.6083,BID
1446084529,1995.68,0.0593,ASK
1446084529,1995.67,0.3917,ASK
1446084530,1995.02,0.0998,ASK
1446084530,1995.37,0.3917,BID
1446084533,1995.36,0.1,BID
1446084533,1995.37,19.3915,BID
1446084533,1995.94,0.65,BID
1446084533,1996.0,0.3752,BID
1446084540,1995.01,0.2502,ASK
1446084540,1995.0,0.5988,ASK
1446084543,1995.0,0.0002,ASK
1446084543,1995.0,0.7355,ASK
1446084546,1995.02,0.1,ASK
1446084546,1995.02,0.0016,ASK
1446084546,1995.01,0.2854,ASK
1446084546,1995.01,0.1569,ASK
1446084548,1995.92,0.0016,BID
1446084548,1996.0,2.9523,BID
1446084548,1995.01,0.0577,ASK
1446084548,1995.0,0.5433,ASK
1446084550,1995.01,0.7,ASK
1446084550,1995.0,1.048,ASK
1446084550,1995.0,1.0,ASK
1446084551,1995.0,0.579,ASK
1446084555,1995.0,1.094,ASK
1446084558,1995.0,0.0002,ASK
1446084558,1994.8,0.001,ASK
1446084558,1994.5,0.902,ASK
1446084561,1995.01,0.0055,BID
1446084572,1994.5,0.098,ASK
1446084572,1994.44,0.002,ASK
1446084572,1994.44,0.298,ASK
1446084572,1994.43,0.1189,ASK
1446084577,1994.43,0.4,ASK
1446084577,1994.43,0.2197,ASK
1446084577,1994.04,0.3993,ASK
1446084590,1994.04,0.0998,ASK
1446084594,1994.97,0.1,BID
1446084594,1994.98,0.02,BID
1446084594,1995.0,2.154,BID
1446084594,1995.01,0.0943,BID
1446084594,1995.44,0.35,BID
1446084597,1995.65,2.0,ASK
1446084597,1995.65,1.18,ASK
1446084598,1995.65,8.467,ASK
1446084598,1995.65,0.45,ASK
1446084598,1995.65,2.1857,ASK
1446084600,1994.1,0.001,ASK
1446084600,1994.04,1.0,ASK
1446084600,1994.03,0.999,ASK
1446084601,1994.65,0.45,BID
1446084602,1995.64,0.65,BID
1446084602,1995.64,0.7,BID
1446084602,1995.87,10.4731,BID
1446084602,1995.89,0.5,BID
1446084602,1995.97,16.4569,BID
1446084602,1995.96,1.0,BID
1446084602,1995.96,18.936,BID
1446084605,1994.04,0.01,ASK
1446084608,1994.64,0.02,BID
1446084608,1995.63,0.0039,BID
1446084608,1995.64,0.2681,BID
1446084611,1995.64,0.2319,BID
1446084614,1995.7,0.001,ASK
1446084614,1995.96,0.1577,BID
1446084615,1995.7,0.0998,ASK
1446084623,1995.94,0.02,BID
1446084623,1995.95,0.0593,BID
1446084623,1995.96,0.1423,BID
1446084623,1995.98,0.3,BID
1446084623,1995.98,0.5,BID
1446084623,1996.0,0.1584,BID
1446084625,1996.0,1.0043,BID
1446084625,1996.0,0.1757,BID
1446084629,1995.99,0.4991,BID
1446084629,1996.0,4.8243,BID
1446084636,1996.28,0.1367,BID
1446084637,1996.28,0.3633,BID
1446084641,1996.29,0.0998,ASK
1446084642,1996.29,0.0369,ASK
1446084642,1996.29,0.5,ASK
1446084642,1996.28,0.0998,ASK
1446084642,1996.28,0.2,ASK
1446084643,1996.3,0.3,ASK
1446084645,1996.21,0.128,ASK
1446084646,1996.21,0.172,ASK
1446084646,1996.21,0.478,ASK
1446084647,1996.21,0.122,ASK
1446084647,1996.21,0.5,ASK
1446084647,1996.21,0.028,ASK
1446084647,1996.22,1.0,ASK
1446084647,1996.22,5.93,ASK
1446084648,1996.21,0.65,ASK
1446084650,1996.21,0.022,ASK
1446084651,1996.2,0.65,ASK
1446084651,1996.2,0.44,ASK
1446084652,1996.21,0.5,BID
1446084653,1996.21,0.5009,BID
1446084654,1996.2,0.02,ASK
1446084654,1996.21,0.2491,BID
1446084655,1996.22,0.022,ASK
1446084656,1996.22,0.01,ASK
1446084656,1996.22,0.01,ASK
1446084658,1996.22,0.2098,ASK
1446084658,1996.22,0.042,ASK
1446084659,1996.22,0.4589,ASK
1446084661,1996.2,0.39,ASK
1446084662,1996.2,0.65,ASK
1446084663,1996.2,0.02,ASK
1446084663,1996.2,0.65,ASK
1446084664,1996.2,0.65,ASK
1446084664,1996.2,0.3,ASK
1446084665,1996.2,0.65,ASK
1446084666,1996.2,0.23,ASK
1446084667,1996.2,0.65,ASK
1446084667,1996.2,0.01,ASK
1446084667,1996.2,0.65,ASK
1446084669,1996.2,0.65,ASK
1446084670,1996.2,20.5266,ASK
1446084670,1996.2,0.3,BID
1446084673,1995.92,0.0593,ASK
1446084673,1995.91,0.1,ASK
1446084673,1995.73,0.1547,ASK
1446084677,1996.0,0.028,ASK
1446084678,1996.0,0.56,ASK
1446084679,1996.0,0.65,ASK
1446084680,1996.0,0.65,ASK
1446084681,1996.0,0.65,ASK
1446084683,1996.0,0.65,ASK
1446084693,1996.0,3.547,ASK
1446084694,1996.0,10.265,ASK
1446084697,1996.0,9.735,BID
1446084697,1996.17,0.02,BID
1446084697,1996.19,0.65,BID
1446084697,1996.19,0.65,BID
1446084697,1996.2,0.0998,BID
1446084697,1996.21,0.1911,BID
1446084697,1996.21,0.65,BID
1446084697,1996.28,0.3367,BID
1446084697,1996.3,0.1,BID
1446084697,1996.35,0.003,BID
1446084697,1996.79,0.7,BID
1446084697,1996.79,0.128,BID
1446084697,1996.79,0.6,BID
1446084697,1996.79,0.5,BID
1446084697,1996.8,2.628,BID
1446084703,1995.99,0.001,BID
1446084704,1995.7,0.199,ASK
1446084704,1995.7,0.208,ASK
1446084704,1995.7,0.05,ASK
1446084704,1995.98,16.0,ASK
1446084704,1995.98,0.889,ASK
1446084712,1995.7,0.1577,ASK
1446084713,1995.7,0.7686,ASK
1446084713,1995.69,0.01,ASK
1446084713,1995.7,0.7515,BID
1446084717,1995.7,1.0,BID
1446084726,1995.1,0.0998,ASK
1446084755,1995.11,0.09,ASK
1446084755,1995.1,0.0098,ASK
1446084761,1995.1,0.229,ASK
1446084763,1995.1,0.0717,ASK
1446084770,1995.12,2.0,ASK
1446084771,1995.1,0.0907,ASK
1446084771,1995.03,0.7,ASK
1446084771,1995.03,0.6,ASK
1446084772,1995.01,0.09,ASK
1446084774,1995.03,2.0,BID
1446084774,1995.1,0.58,BID
1446084777,1995.04,0.18,ASK
1446084778,1995.11,0.199,ASK
1446084778,1995.04,0.3212,ASK
1446084778,1995.01,0.21,ASK
1446084778,1995.01,0.5,ASK
1446084778,1995.0,6.0,ASK
1446084778,1995.0,0.5,ASK
1446084785,1994.98,0.038,ASK
1446084786,1994.98,0.18,ASK
1446084787,1994.98,0.18,ASK
1446084792,1994.98,0.0449,ASK
1446084792,1994.81,0.0011,ASK
1446084792,1994.4,0.4409,ASK
1446084798,1994.4,0.39,ASK
1446084802,1994.4,0.011,ASK
1446084804,1994.4,0.01,ASK
1446084804,1994.4,0.67,ASK
1446084805,1994.4,11.7781,ASK
1446084809,1994.07,0.0081,ASK
1446084809,1994.06,0.4919,ASK
1446084810,1994.06,0.0622,ASK
1446084810,1994.03,0.0398,ASK
1446084810,1994.04,12.521,ASK
1446084811,1994.03,0.062,ASK
1446084811,1994.03,1.18,ASK
1446084812,1994.03,0.374,ASK
1446084812,1994.03,0.5,ASK
1446084813,1994.04,0.0063,ASK
1446084813,1994.03,0.4837,ASK
1446084815,1994.03,0.267,ASK
1446084817,1994.39,0.0063,BID
1446084817,1994.39,0.02,BID
1446084817,1994.4,0.0998,BID
1446084817,1994.95,0.1,BID
1446084817,1994.97,0.0449,BID
1446084817,1995.08,0.5,BID
1446084817,1995.08,0.7,BID
1446084817,1995.09,0.0998,BID
1446084818,1995.09,0.956,ASK
1446084818,1995.09,0.6,ASK
1446084819,1995.09,0.7495,ASK
1446084820,1995.09,1.9801,ASK
1446084821,1995.09,1.2274,ASK
1446084822,1994.05,0.7,ASK
1446084822,1994.04,0.1,ASK
1446084823,1994.04,6.606,ASK
1446084823,1994.08,10.0,ASK
1446084823,1994.08,34.136,ASK
1446084824,1994.05,0.6,ASK
1446084824,1994.04,9.7625,ASK
1446084824,1994.03,4.005,ASK
1446084824,1994.02,5.0345,ASK
1446084824,1994.0,0.598,ASK
1446084826,1994.0,0.402,ASK
1446084826,1994.0,0.5,ASK
1446084826,1994.0,0.5,ASK
1446084826,1993.94,14.095,ASK
1446084827,1993.94,0.079,ASK
1446084827,1993.94,0.32,ASK
1446084829,1993.94,1.4388,ASK
1446084829,1993.91,0.3,ASK
1446084829,1993.91,0.3049,ASK
1446084829,1993.87,0.002,ASK
1446084830,1993.79,0.1,ASK
1446084830,1993.49,0.12,ASK
1446084834,1993.49,0.5,ASK
1446084837,1993.49,1.239,ASK
1446084837,1993.49,0.672,ASK
1446084839,1993.49,5.6502,ASK
1446084839,1993.47,0.001,ASK
1446084839,1993.41,0.128,ASK
1446084841,1993.03,0.0012,ASK
1446084841,1993.0,0.3178,ASK
1446084841,1993.4,4.2208,BID
1446084841,1993.49,2.057,BID
1446084841,1993.79,0.0583,BID
1446084841,1993.8,0.02,BID
1446084841,1993.9,0.1,BID
1446084841,1993.99,0.0963,BID
1446084841,1994.78,0.7,BID
1446084841,1994.78,5.0,BID
