timestamp,price,amount,side
1444607492,1588.48,0.6,BID
1444607492,1588.49,0.4,BID
1444607505,1588.07,0.001,ASK
1444607510,1588.46,0.001,BID
1444607512,1588.46,0.467,BID
1444607512,1588.46,0.0457,BID
1444607512,1588.47,0.229,BID
1444607512,1588.49,0.0325,BID
1444607512,1588.49,0.2258,BID
1444607521,1588.09,0.001,ASK
1444607533,1588.12,0.001,ASK
1444607562,1588.16,0.001,ASK
1444607569,1588.46,0.0026,BID
1444607569,1588.47,0.0074,BID
1444607612,1588.46,0.02,BID
1444607613,1588.26,0.0126,ASK
1444607613,1588.26,0.06,ASK
1444607613,1588.26,0.0404,ASK
1444607613,1588.26,0.0001,ASK
1444607613,1588.25,0.1129,ASK
1444607613,1588.25,0.113,ASK
1444607614,1588.25,0.0263,ASK
1444607614,1588.24,0.1264,ASK
1444607615,1588.22,0.011,ASK
1444607615,1588.21,0.2205,ASK
1444607615,1588.2,0.1399,ASK
1444607618,1588.19,1.0,BID
1444607619,1588.19,1.0,BID
1444607621,1588.18,0.0026,ASK
1444607621,1588.17,0.1169,ASK
1444607621,1588.16,0.1315,ASK
1444607625,1588.19,1.0,BID
1444607626,1588.19,1.0,BID
1444607627,1588.19,0.1527,BID
1444607628,1588.16,0.0594,ASK
1444607628,1588.14,0.1782,ASK
1444607632,1588.13,0.0004,BID
1444607632,1588.15,0.0594,BID
1444607632,1588.18,0.011,BID
1444607632,1588.19,0.9292,BID
1444607633,1588.12,0.06,BID
1444607633,1588.12,0.0135,BID
1444607633,1588.18,0.0136,BID
1444607633,1588.19,0.9129,BID
1444607634,1588.19,0.01,BID
1444607639,1588.11,0.3215,BID
1444607639,1588.19,0.6785,BID
1444607640,1588.19,1.0,BID
1444607641,1587.41,1.0,BID
1444607641,1587.41,13.029,BID
1444607642,1587.41,0.001,ASK
1444607643,1588.18,0.1833,BID
1444607643,1588.19,0.8167,BID
1444607644,1588.19,1.0,BID
1444607650,1588.18,0.1659,BID
1444607650,1588.19,0.8341,BID
1444607665,1588.17,0.1339,BID
1444607665,1588.18,0.4054,BID
1444607665,1588.19,0.4607,BID
1444607667,1588.19,0.0108,BID
1444607672,1588.19,1.0,BID
1444607678,1588.19,1.0,BID
1444607685,1588.18,0.0459,BID
1444607685,1588.19,0.9541,BID
1444607686,1588.19,0.0459,BID
1444607687,1588.05,0.001,ASK
1444607688,1588.05,0.0721,ASK
1444607688,1588.04,0.0176,ASK
1444607688,1587.99,0.06,ASK
1444607696,1587.45,0.4008,ASK
1444607696,1587.44,0.1243,ASK
1444607699,1587.97,0.06,BID
1444607699,1588.04,0.0731,BID
1444607699,1588.19,0.76,BID
1444607699,1588.24,0.0995,BID
1444607699,1588.46,0.0074,BID
1444607723,1588.45,0.01,BID
1444607725,1587.45,0.001,ASK
1444607761,1587.48,0.0813,ASK
1444607761,1587.48,0.0622,ASK
1444607761,1587.47,0.06,ASK
1444607761,1587.46,0.08,ASK
1444607763,1587.45,0.625,BID
1444607763,1587.45,0.296,BID
1444607764,1587.45,0.2,BID
1444607764,1587.45,0.0231,BID
1444607764,1587.45,0.5,BID
1444607765,1587.45,0.1,BID
1444607766,1587.45,0.2,BID
1444607766,1587.45,0.5,BID
1444607767,1587.45,0.01,BID
1444607769,1587.45,0.5,BID
1444607769,1587.45,0.2,BID
1444607769,1587.45,0.2,BID
1444607770,1587.45,1.0,BID
1444607770,1587.45,0.5,BID
1444607771,1587.45,1.0,BID
1444607772,1587.45,0.5,BID
1444607773,1587.45,0.09,BID
1444607774,1587.45,0.5,BID
1444607775,1587.45,0.2,BID
1444607776,1587.45,0.5,BID
1444607777,1587.45,1.0,BID
1444607778,1587.45,1.0,BID
1444607778,1587.45,0.5,BID
1444607779,1587.45,0.2,BID
1444607780,1587.45,0.5,BID
1444607783,1587.45,0.2,BID
1444607784,1587.45,1.0,BID
1444607786,1587.45,1.0,BID
1444607791,1587.45,1.0,BID
1444607792,1587.45,0.2,BID
1444607792,1587.45,1.0,BID
1444607799,1587.45,1.0,BID
1444607800,1587.45,0.2,BID
1444607800,1587.45,1.0,BID
1444607803,1587.45,0.01,BID
1444607803,1587.44,0.0103,ASK
1444607803,1587.44,0.0459,ASK
1444607803,1587.43,0.027,ASK
1444607803,1587.42,0.1339,ASK
1444607803,1587.42,0.1799,ASK
1444607803,1587.42,0.2255,ASK
1444607803,1587.42,0.0175,ASK
1444607803,1587.41,0.154,ASK
1444607804,1587.45,0.2,BID
1444607804,1587.41,0.0293,ASK
1444607804,1587.41,0.1659,ASK
1444607806,1587.41,0.001,BID
1444607806,1587.41,0.1808,BID
1444607806,1587.43,0.0562,BID
1444607806,1587.44,0.027,BID
1444607806,1587.44,0.0175,BID
1444607806,1587.45,0.7185,BID
1444607807,1587.45,1.0,BID
1444607811,1587.45,0.2,BID
1444607813,1587.45,1.0,BID
1444607813,1587.45,1.0,BID
1444607819,1587.45,0.2,BID
1444607820,1587.45,1.0,BID
1444607820,1587.45,1.0,BID
1444607823,1587.45,1.0,BID
1444607824,1587.45,1.0,BID
1444607830,1587.45,1.0,BID
1444607831,1587.45,1.0,BID
1444607837,1587.43,0.08,BID
1444607837,1587.43,0.08,BID
1444607837,1587.45,0.84,BID
1444607851,1587.45,1.0,BID
1444607858,1587.43,0.0176,BID
1444607858,1587.45,1.3568,BID
1444607867,1587.46,0.3,ASK
1444607867,1587.46,0.3,ASK
1444607867,1587.45,0.036,ASK
1444607869,1587.74,15.0,ASK
1444607869,1587.74,2.265,ASK
1444607903,1587.48,0.0214,ASK
1444607903,1587.47,0.0298,ASK
1444607903,1587.46,0.1968,ASK
1444607903,1587.45,1.059,ASK
1444607903,1587.45,0.8,ASK
1444607958,1587.47,0.0214,BID
1444607958,1587.66,0.0173,BID
1444607958,1587.66,0.06,BID
1444607958,1587.67,0.0214,BID
1444607958,1587.67,0.3239,BID
1444607958,1587.68,0.0309,BID
1444607958,1587.69,0.4931,BID
1444607958,1587.69,0.032,BID
1444607965,1587.68,0.27,BID
1444607965,1587.69,0.0927,BID
1444607965,1587.69,0.0318,BID
1444607965,1587.7,0.6055,BID
1444607971,1587.67,0.2357,BID
1444607971,1587.7,0.0298,BID
1444607971,1587.7,0.0149,BID
1444607971,1587.71,0.2987,BID
1444607971,1587.72,0.0225,BID
1444607971,1587.73,0.3984,BID
1444607974,1587.51,0.0121,ASK
1444607974,1587.5,0.0118,ASK
1444607974,1587.49,0.2357,ASK
1444607974,1587.48,0.0214,ASK
1444607974,1587.47,0.0363,ASK
1444607974,1587.47,0.0317,ASK
1444607988,1587.54,0.001,ASK
1444607991,1587.54,0.001,ASK
1444608008,1587.57,0.5,ASK
1444608048,1587.62,0.0176,ASK
1444608048,1587.57,0.9414,ASK
1444608049,1587.57,0.1646,ASK
1444608103,1587.56,0.4854,BID
1444608103,1587.56,0.0181,BID
1444608103,1587.57,0.3617,BID
1444608103,1587.63,0.1086,BID
1444608103,1587.64,0.0105,BID
1444608103,1587.64,0.1009,BID
1444608103,1587.65,0.2107,BID
1444608103,1587.65,0.759,BID
1444608111,1587.58,0.0203,ASK
1444608111,1587.57,0.407,ASK
1444608130,1587.57,0.0203,BID
1444608130,1587.64,0.0203,BID
1444608130,1587.65,0.9594,BID
1444608132,1587.64,5.0,BID
1444608132,1587.64,12.317,BID
1444608187,1587.56,0.0202,ASK
1444608187,1587.55,0.1086,ASK
1444608187,1587.55,0.2947,ASK
1444608187,1587.54,0.0916,ASK
1444608187,1587.54,0.024,ASK
1444608187,1587.53,0.3854,ASK
1444608187,1587.53,0.0953,ASK
1444608187,1587.53,0.0105,ASK
1444608187,1587.52,0.2107,ASK
1444608187,1587.45,4.2938,ASK
1444608219,1587.48,0.01,BID
1444608222,1587.48,0.0076,BID
1444608222,1587.55,0.0202,BID
1444608222,1587.64,0.0202,BID
1444608222,1587.64,0.024,BID
1444608222,1587.64,0.0105,BID
1444608222,1587.65,0.8765,BID
1444608224,1587.56,0.0202,ASK
1444608224,1587.46,0.1421,ASK
1444608224,1587.45,2.4177,ASK
1444608224,1587.46,0.0202,ASK
1444608224,1587.46,0.0239,ASK
1444608224,1587.45,1.1359,ASK
1444608225,1587.45,0.1421,ASK
1444608256,1587.46,0.0994,ASK
1444608256,1587.45,2.2816,ASK
1444608257,1587.45,0.0994,ASK
1444608285,1587.6,0.0166,BID
1444608285,1587.61,0.0324,BID
1444608285,1587.61,0.18,BID
1444608288,1587.61,0.119,BID
1444608288,1587.61,0.0006,BID
1444608288,1587.62,0.0994,BID
1444608288,1587.63,0.0202,BID
1444608288,1587.64,0.0798,BID
1444608290,1587.62,0.001,ASK
1444608292,1587.6,0.2,BID
1444608293,1587.6,0.0261,BID
1444608293,1587.64,0.2933,BID
1444608293,1587.65,0.6806,BID
1444608293,1587.65,0.6,BID
1444608294,1587.63,0.0147,BID
1444608294,1587.64,0.1347,BID
1444608294,1587.65,0.2926,BID
1444608304,1587.65,1.1508,BID
1444608305,1587.65,0.6299,BID
1444608363,1587.65,0.4312,BID
1444608405,1587.66,0.0121,BID
1444608420,1587.66,0.0055,ASK
1444608444,1587.64,0.6,BID
1444608444,1587.65,0.4,BID
1444608471,1587.61,0.0261,ASK
1444608471,1587.47,0.0113,ASK
1444608471,1587.46,0.0017,ASK
1444608512,1587.59,0.0102,BID
1444608512,1587.6,0.0261,BID
1444608512,1587.64,0.0113,BID
1444608512,1587.65,0.9524,BID
1444608526,1587.52,0.1,ASK
1444608528,1587.52,0.3416,ASK
1444608528,1587.52,0.2625,ASK
1444608528,1587.51,0.0278,ASK
1444608528,1587.5,0.0721,ASK
1444608529,1587.51,0.0302,BID
1444608531,1587.51,0.1172,BID
1444608532,1587.51,0.4526,BID
1444608532,1587.51,0.2514,BID
1444608532,1587.51,0.3986,BID
1444608532,1587.62,0.0131,BID
1444608532,1587.63,0.2625,BID
1444608532,1587.63,0.0144,BID
1444608532,1587.64,0.2875,BID
1444608532,1587.64,0.0239,BID
1444608561,1587.63,0.4188,BID
1444608561,1587.64,0.0066,BID
1444608561,1587.65,14.944,BID
1444608563,1587.65,0.3,BID
1444608572,1587.56,0.0217,ASK
1444608572,1587.56,0.0218,ASK
1444608572,1587.55,0.0216,ASK
1444608572,1587.54,0.0699,ASK
1444608574,1587.55,0.0182,BID
1444608580,1587.55,0.0253,BID
1444608580,1587.56,0.0147,BID
1444608580,1587.56,0.0029,BID
1444608580,1587.57,0.0371,BID
1444608582,1587.57,0.0031,BID
1444608615,1587.56,0.0253,ASK
1444608615,1587.55,0.0182,ASK
1444608615,1587.54,0.3631,ASK
1444608615,1587.53,0.03,ASK
1444608615,1587.52,0.6,ASK
1444608615,1587.51,0.0242,ASK
1444608615,1587.5,0.2154,ASK
1444608615,1587.5,0.2684,ASK
1444608615,1587.48,0.2676,ASK
1444608615,1587.48,0.0102,ASK
1444608615,1587.46,0.2254,ASK
1444608615,1587.45,3.6581,ASK
1444608615,1587.43,0.03,ASK
1444608615,1587.4,0.0135,ASK
1444608616,1587.26,0.003,ASK
1444608616,1587.1,1.997,ASK
1444608617,1587.11,15.0,ASK
1444608617,1587.11,4.533,ASK
1444608638,1587.36,0.0387,BID
1444608638,1587.37,0.4499,BID
1444608638,1587.37,0.3248,BID
1444608638,1587.38,0.06,BID
1444608638,1587.39,0.1266,BID
1444608639,1587.34,0.0263,BID
1444608640,1587.37,0.0124,ASK
1444608640,1587.33,0.0263,BID
1444608647,1587.2,0.2117,ASK
1444608647,1587.19,0.0702,ASK
1444608647,1587.19,0.1233,ASK
1444608647,1587.18,3.003,ASK
1444608647,1587.13,0.06,ASK
1444608647,1587.12,0.0162,ASK
1444608647,1587.11,0.3236,ASK
1444608647,1587.0,0.3,ASK
1444608647,1586.95,0.6,ASK
1444608647,1586.94,0.002,ASK
1444608647,1586.9,5.0,ASK
1444608647,1586.75,1.32,ASK
1444608647,1586.7,5.0,ASK
1444608647,1586.6,4.3511,ASK
1444608647,1586.31,0.004,ASK
1444608647,1586.0,0.3,ASK
1444608647,1585.81,0.6042,ASK
1444608647,1585.8,1.9224,ASK
1444608647,1585.5,1.7883,ASK
1444608648,1587.21,0.0101,ASK
1444608650,1587.18,0.1339,BID
1444608650,1587.18,0.0495,BID
1444608653,1587.3,0.1339,BID
1444608653,1587.32,0.0243,BID
1444608653,1587.33,0.4863,BID
1444608653,1587.33,0.3555,BID
1444608654,1587.19,0.0022,ASK
1444608656,1587.31,0.1339,ASK
1444608656,1587.19,0.1313,ASK
1444608656,1587.19,0.0348,ASK
1444608656,1587.32,0.6,BID
1444608656,1587.32,0.0167,BID
1444608657,1587.33,0.1339,ASK
1444608658,1587.34,0.0702,BID
1444608658,1587.38,0.011,BID
1444608658,1587.38,0.0167,BID
1444608658,1587.39,0.0861,BID
1444608659,1587.33,0.132,ASK
1444608659,1587.31,0.0628,BID
1444608660,1587.31,0.183,BID
1444608662,1587.31,2.5472,BID
1444608664,1587.31,0.183,ASK
1444608664,1587.3,0.0968,BID
1444608664,1587.32,0.65,BID
1444608664,1587.38,0.0264,BID
1444608664,1587.39,0.1109,BID
1444608664,1587.39,0.1159,BID
1444608677,1587.28,0.2445,BID
1444608677,1587.28,0.378,BID
1444608677,1587.29,0.3775,BID
1444608697,1587.26,0.0292,BID
1444608697,1587.27,0.06,BID
1444608697,1587.29,0.0733,BID
1444608697,1587.3,0.0005,BID
1444608699,1587.3,0.1825,BID
1444608699,1587.38,0.012,BID
1444608699,1587.39,0.2409,BID
1444608699,1587.5,0.066,BID
1444608699,1587.51,0.4986,BID
1444608713,1587.5,0.0237,BID
1444608713,1587.51,0.8214,BID
1444608713,1587.55,0.0253,BID
1444608713,1587.62,0.1296,BID
1444608749,1586.94,0.0263,ASK
1444608749,1586.93,0.3066,ASK
1444608749,1586.89,0.1144,ASK
1444608749,1586.85,0.1758,ASK
1444608749,1586.84,0.1001,ASK
1444608749,1586.8,0.3041,ASK
1444608749,1586.76,0.2458,ASK
1444608749,1586.72,0.4036,ASK
1444608781,1587.0,0.2714,ASK
1444608783,1586.79,0.2126,BID
1444608790,1587.56,0.0106,BID
1444608792,1587.58,0.2024,ASK
1444608792,1587.58,0.1371,ASK
1444608793,1587.58,0.0759,ASK
1444608796,1587.57,0.213,BID
1444608797,1587.56,0.1367,BID
1444608797,1587.57,0.0763,BID
1444608861,1586.9,0.0263,ASK
1444608861,1586.87,0.06,ASK
1444608861,1586.85,0.3538,ASK
1444608861,1586.83,0.0199,ASK
1444608866,1586.85,0.0263,ASK
1444608866,1586.83,0.0933,ASK
1444608866,1586.72,0.0479,ASK
1444608866,1586.68,0.0661,ASK
1444608866,1586.64,0.0225,ASK
1444608866,1586.63,0.4508,ASK
1444608866,1586.09,0.4731,ASK
1444608869,1586.62,0.451,BID
1444608871,1586.62,0.451,BID
1444608871,1586.85,0.4731,BID
1444608871,1586.85,0.0263,BID
1444608871,1586.85,0.0135,BID
1444608871,1586.86,0.0361,BID
1444608914,1586.08,0.002,BID
1444608914,1586.08,0.4,ASK
1444608915,1586.08,0.1241,ASK
1444608915,1586.07,0.9569,ASK
1444608916,1586.07,0.3643,ASK
1444608925,1586.0,0.3,ASK
1444608940,1585.97,0.451,BID
1444608941,1585.97,0.6305,BID
1444608942,1585.97,0.6305,BID
1444608950,1585.97,0.156,BID
1444608950,1585.97,0.3128,BID
1444608950,1585.97,1.5186,BID
1444608953,1585.97,1.0,BID
1444608954,1585.97,0.135,BID
1444608972,1585.95,2.394,BID
1444608972,1585.95,0.2063,BID
1444608972,1585.95,0.0377,BID
1444608972,1585.96,0.1904,BID
1444608972,1585.97,1.5088,BID
1444608975,1585.95,0.621,BID
1444608975,1585.95,0.621,BID
1444608976,1585.95,0.4,BID
1444608978,1585.95,0.3653,BID
1444608978,1585.96,0.0161,BID
1444608978,1585.96,0.0143,BID
1444608978,1585.97,0.6043,BID
1444608979,1585.97,1.0,BID
1444608980,1585.84,15.0,BID
1444608980,1585.84,4.429,BID
1444608981,1585.94,0.38,BID
1444608981,1585.98,0.131,BID
1444608981,1585.98,0.3971,BID
1444608981,1585.99,0.3,BID
1444608981,1586.06,0.2857,BID
1444608982,1586.06,0.0206,ASK
1444608982,1586.14,16.0,BID
1444608982,1586.14,3.357,BID
1444608983,1586.06,0.448,ASK
1444608988,1585.95,0.4,BID
1444608998,1586.04,0.6189,BID
1444608998,1586.05,0.3811,BID
1444608999,1586.05,0.2689,BID
1444609006,1586.05,0.23,ASK
1444609026,1586.23,0.5261,BID
1444609026,1586.24,0.0886,BID
1444609027,1586.28,0.06,BID
1444609027,1586.29,0.01,BID
1444609027,1586.54,0.0803,BID
1444609027,1586.55,0.3213,BID
1444609027,1586.57,0.0279,BID
1444609027,1586.6,0.1845,BID
1444609027,1586.61,0.2862,BID
1444609027,1586.61,1.3212,BID
1444609027,1586.98,0.2886,BID
1444609028,1586.98,1.18,BID
1444609039,1587.0,0.3,BID
1444609042,1587.01,0.2,ASK
1444609042,1587.01,0.2,ASK
1444609042,1587.01,0.1258,ASK
1444609042,1587.0,0.0742,ASK
1444609052,1587.21,0.0034,BID
1444609052,1587.22,0.0066,BID
1444609060,1587.21,0.5258,BID
1444609060,1587.22,0.0034,BID
1444609060,1587.56,0.6508,BID
1444609061,1587.23,0.525,ASK
1444609061,1587.04,0.2707,ASK
1444609061,1587.03,0.0405,ASK
1444609061,1587.02,0.0034,ASK
1444609061,1587.01,0.06,ASK
1444609061,1587.0,0.1258,ASK
1444609061,1587.0,0.3,ASK
1444609061,1586.59,0.03,ASK
1444609061,1586.58,0.6,ASK
1444609061,1586.57,0.1922,ASK
1444609061,1586.56,0.1252,ASK
1444609061,1586.56,0.0415,ASK
1444609061,1586.55,4.1537,ASK
1444609062,1587.05,0.2707,ASK
1444609067,1587.4,2.997,ASK
1444609071,1587.38,0.0325,BID
1444609071,1587.39,0.2394,BID
1444609073,1587.38,0.0205,BID
1444609073,1587.39,0.4106,BID
1444609073,1587.54,0.0338,BID
1444609073,1587.54,0.5351,BID
1444609075,1587.39,0.5,ASK
1444609078,1587.38,0.1424,BID
1444609078,1587.38,0.3576,BID
1444609078,1587.53,0.0168,BID
1444609078,1587.53,0.06,BID
1444609078,1587.54,0.0649,BID
1444609078,1587.54,0.2719,BID
1444609078,1587.55,0.0385,BID
1444609078,1587.56,0.7279,BID
1444609083,1587.39,0.1169,ASK
1444609108,1587.34,0.01,BID
1444609119,1587.16,0.0263,ASK
1444609119,1587.14,0.0626,ASK
1444609119,1587.14,0.06,ASK
1444609120,1587.14,0.2511,BID
1444609162,1587.31,0.0377,BID
1444609162,1587.32,0.05,BID
1444609162,1587.33,0.0626,BID
1444609162,1587.34,0.0937,BID
1444609167,1587.32,0.0377,ASK
1444609167,1587.21,0.1055,ASK
1444609167,1587.2,0.044,ASK
1444609167,1587.19,0.0558,ASK
1444609169,1587.19,0.02,BID
1444609169,1587.18,0.0399,ASK
1444609170,1587.17,0.0377,ASK
1444609173,1587.17,0.0022,BID
1444609173,1587.19,0.0078,BID
1444609248,1587.18,0.01,BID
1444609259,1587.12,0.18,ASK
1444609259,1587.11,0.0832,ASK
1444609259,1587.05,0.1377,ASK
1444609259,1587.02,0.03,ASK
1444609259,1587.01,0.6,ASK
1444609259,1587.01,0.0558,ASK
1444609259,1587.01,0.03,ASK
1444609259,1587.0,0.0633,ASK
1444609259,1587.0,2.58,ASK
1444609260,1587.0,2.0,ASK
1444609261,1587.0,0.7,ASK
1444609262,1587.0,1.18,ASK
1444609263,1587.0,0.65,ASK
1444609263,1587.0,0.29,ASK
1444609263,1587.0,0.29,ASK
1444609263,1587.0,0.29,ASK
1444609263,1587.0,0.0567,ASK
1444609263,1587.0,0.001,ASK
1444609264,1586.8,0.23,ASK
1444609264,1586.77,0.06,ASK
1444609265,1586.77,0.114,ASK
1444609265,1586.77,0.6723,ASK
1444609265,1586.51,0.5077,ASK
1444609265,1586.51,0.05,ASK
1444609266,1586.51,0.75,ASK
1444609266,1586.51,2.0,ASK
1444609267,1586.51,0.01,ASK
1444609267,1586.51,0.02,ASK
1444609268,1586.51,0.5,ASK
1444609269,1586.51,0.022,ASK
1444609269,1586.51,0.957,ASK
1444609269,1586.51,0.1833,ASK
1444609278,1586.28,0.3413,ASK
1444609278,1586.26,0.1587,ASK
1444609279,1586.26,0.0846,ASK
1444609279,1586.25,0.0886,ASK
1444609279,1586.05,0.12,ASK
1444609279,1586.0,0.3,ASK
1444609279,1586.0,0.1548,ASK
1444609280,1586.0,0.748,ASK
1444609280,1586.0,0.08,ASK
1444609280,1586.0,0.0172,ASK
1444609280,1585.96,0.4828,ASK
1444609284,1585.99,0.095,BID
1444609284,1585.99,0.5396,BID
1444609285,1585.99,0.028,BID
1444609285,1585.98,0.6,BID
1444609285,1585.99,0.0305,BID
1444609286,1585.99,0.01,BID
1444609286,1585.99,0.0449,BID
1444609286,1585.99,0.5151,BID
1444609288,1585.99,0.212,BID
1444609288,1585.99,0.1179,BID
1444609289,1586.0,0.18,ASK
1444609290,1586.24,0.05,ASK
1444609290,1586.0,0.289,ASK
1444609293,1586.0,0.0436,ASK
1444609293,1585.96,0.0394,ASK
1444609296,1585.99,0.0436,BID
1444609299,1586.22,0.0803,BID
1444609301,1586.23,0.0803,ASK
1444609301,1586.19,0.0436,ASK
1444609301,1586.01,0.0367,ASK
1444609301,1586.0,0.0436,ASK
1444609301,1585.96,0.1083,ASK
1444609301,1585.84,0.3387,ASK
1444609301,1585.8,0.004,ASK
1444609301,1585.18,0.6,ASK
1444609301,1585.17,1.3224,ASK
1444609301,1585.0,0.9634,ASK
1444609307,1586.18,0.0436,BID
1444609309,1586.17,0.0815,BID
1444609309,1586.23,0.0171,BID
1444609309,1586.24,0.4014,BID
1444609309,1586.24,0.0511,BID
1444609310,1586.24,0.0815,BID
1444609311,1586.24,0.0227,BID
1444609312,1586.24,0.0344,BID
1444609314,1586.24,0.0089,BID
1444609314,1586.24,0.0296,BID
1444609314,1586.24,0.0275,BID
1444609314,1586.24,0.0451,BID
1444609319,1586.23,0.06,BID
1444609319,1586.24,0.0174,BID
1444609324,1586.23,0.018,BID
1444609325,1586.23,0.2453,BID
1444609327,1586.25,0.1319,BID
1444609328,1586.26,0.0171,BID
1444609328,1586.27,0.1148,BID
1444609330,1586.24,0.0171,BID
1444609331,1586.24,0.0845,BID
1444609340,1586.0,0.1314,BID
1444609340,1586.23,0.0033,BID
1444609340,1586.24,0.0445,BID
1444609342,1586.23,0.0132,BID
1444609342,1586.24,0.2631,BID
1444609344,1586.25,0.2631,ASK
1444609344,1586.24,0.2369,ASK
1444609346,1586.24,0.65,ASK
1444609346,1586.24,0.0562,ASK
1444609346,1586.24,0.5,ASK
1444609346,1586.26,0.0297,BID
1444609346,1586.27,0.1013,BID
1444609347,1586.25,0.6,ASK
1444609347,1586.24,0.05,ASK
1444609348,1586.24,0.5,ASK
1444609348,1586.24,0.65,ASK
1444609349,1586.24,0.65,ASK
1444609350,1586.27,0.1252,BID
1444609350,1586.27,0.0058,BID
1444609350,1586.24,0.65,ASK
1444609350,1586.24,0.5,ASK
1444609351,1586.27,0.6304,BID
1444609352,1586.27,0.6304,BID
1444609353,1586.25,0.1511,ASK
1444609353,1586.24,0.3489,ASK
1444609353,1586.27,0.0501,BID
1444609354,1586.27,0.0057,BID
1444609356,1586.28,0.6247,ASK
1444609356,1586.25,0.0132,ASK
1444609356,1586.25,0.0121,ASK
1444609356,1586.25,0.0203,ASK
1444609356,1586.24,0.4797,ASK
1444609367,1586.26,0.0312,BID
1444609367,1586.27,0.6247,BID
1444609367,1586.31,0.05,BID
1444609367,1586.32,0.4741,BID
1444609380,1586.27,0.015,ASK
1444609432,1586.26,0.0188,ASK
1444609432,1586.26,0.0312,ASK
1444609432,1586.26,0.0294,ASK
1444609432,1586.25,0.376,ASK
1444609432,1586.25,0.7246,ASK
1444609433,1586.25,0.0794,ASK
1444609457,1586.25,0.407,ASK
1444609457,1586.25,0.518,ASK
1444609458,1586.24,0.65,ASK
1444609489,1586.25,1.18,BID
1444609490,1586.25,2.58,BID
1444609490,1586.25,0.6304,BID
1444609490,1586.25,0.1,BID
1444609490,1586.25,2.0,BID
1444609491,1586.25,0.6304,BID
1444609492,1586.25,0.6304,BID
1444609493,1586.25,0.6304,BID
1444609494,1586.25,0.6304,BID
1444609495,1586.25,0.6304,BID
1444609496,1586.25,0.7423,BID
1444609496,1586.25,0.144,BID
1444609498,1586.25,0.8,BID
1444609500,1586.25,0.71,BID
1444609503,1586.25,0.159,BID
1444609504,1586.25,0.3022,BID
1444609509,1586.25,0.75,BID
1444609511,1586.25,1.18,BID
1444609511,1586.25,2.0,BID
1444609515,1586.25,1.2088,BID
1444609521,1586.25,0.08,BID
1444609545,1586.25,1.0,BID
1444609558,1586.25,0.131,BID
1444609564,1586.25,1.0,BID
1444609564,1586.25,0.185,BID
1444609564,1586.25,1.3938,BID
1444609564,1586.31,0.0263,BID
1444609564,1586.32,0.0259,BID
1444609564,1586.32,0.5,BID
1444609564,1586.47,0.0246,BID
1444609564,1586.48,0.4915,BID
1444609564,1586.51,0.019,BID
1444609564,1586.77,0.034,BID
1444609564,1586.99,0.0334,BID
1444609564,1587.0,0.1119,BID
1444609564,1587.0,0.256,BID
1444609564,1587.0,0.3,BID
1444609564,1587.16,0.4546,BID
1444609578,1587.15,0.01,BID
1444609578,1587.15,0.1106,BID
1444609578,1587.16,0.1454,BID
1444609578,1587.16,0.734,BID
1444609599,1586.74,0.06,ASK
1444609599,1586.73,0.0725,ASK
1444609599,1586.73,0.0153,ASK
1444609599,1586.72,0.2461,ASK
1444609599,1586.71,0.0225,ASK
1444609599,1586.7,0.2836,ASK
1444609647,1586.71,0.1393,ASK
1444609647,1586.7,0.1426,ASK
1444609647,1586.7,0.0229,ASK
1444609647,1586.69,0.4588,ASK
1444609655,1586.71,0.0176,BID
1444609675,1586.7,0.01,BID
1444609687,1586.66,0.112,BID
1444609689,1586.52,0.0819,ASK
1444609689,1586.51,0.0524,ASK
1444609698,1586.51,2.0,BID
1444609708,1586.5,0.389,BID
1444609708,1586.51,11.4455,BID
1444609708,1586.51,0.0819,BID
1444609708,1586.6,0.06,BID
1444609708,1586.66,0.008,BID
1444609708,1586.69,0.0819,BID
1444609708,1586.69,0.0251,BID
1444609708,1586.7,0.3891,BID
1444609708,1586.7,0.1262,BID
1444609712,1586.69,3.0,BID
1444609712,1586.69,2.356,BID
1444609713,1586.42,15.764,BID
1444609716,1586.69,0.01,BID
1444609720,1586.42,0.06,ASK
1444609720,1586.42,0.0231,ASK
1444609720,1586.41,0.0892,ASK
1444609720,1586.41,0.0277,ASK
1444609731,1586.67,0.06,BID
1444609731,1586.68,0.01,BID
1444609741,1586.44,0.0237,ASK
1444609741,1586.43,0.1851,ASK
1444609741,1586.43,0.288,ASK
1444609741,1586.42,0.0173,ASK
1444609741,1586.42,0.0714,ASK
1444609742,1586.42,0.06,BID
1444609742,1586.42,0.0173,BID
1444609742,1586.42,0.0237,BID
1444609744,1586.42,0.0237,BID
1444609744,1586.42,0.0173,BID
1444609759,1586.41,0.3451,ASK
1444609759,1586.39,0.6,ASK
1444609760,1586.25,0.654,BID
1444609761,1586.25,0.0004,BID
1444609764,1586.39,0.0173,BID
1444609764,1586.39,0.4602,BID
1444609764,1586.4,0.3451,BID
1444609764,1586.4,0.1235,BID
1444609764,1586.41,0.0539,BID
1444609765,1586.41,0.02,BID
1444609766,1586.41,0.3451,BID
1444609767,1586.38,0.2518,BID
1444609767,1586.41,0.2352,BID
1444609767,1586.42,0.093,BID
1444609768,1586.4,0.0118,BID
1444609768,1586.41,0.0291,BID
1444609768,1586.42,0.2591,BID
1444609768,1586.42,0.4,BID
1444609769,1586.42,0.664,BID
1444609770,1586.42,0.02,BID
1444609770,1586.42,0.4,BID
1444609771,1586.42,1.0,BID
1444609775,1586.42,1.866,BID
1444609775,1586.42,0.6,BID
1444609778,1586.42,1.0,BID
1444609779,1586.42,0.125,BID
1444609785,1586.41,0.376,BID
1444609785,1586.41,0.0294,BID
1444609785,1586.42,0.5946,BID
1444609791,1586.4,0.1861,BID
1444609791,1586.42,0.0789,BID
1444609793,1586.42,0.5,BID
1444609793,1586.42,1.0,BID
1444609794,1586.42,0.178,BID
1444609794,1586.42,0.105,BID
1444609798,1586.41,0.0011,BID
1444609798,1586.42,1.1789,BID
1444609798,1586.42,0.23,BID
1444609798,1586.42,0.23,BID
1444609798,1586.42,0.23,BID
1444609800,1586.33,19.0,BID
1444609800,1586.33,2.0,BID
1444609800,1586.33,1.182,BID
1444609800,1586.41,1.0,BID
1444609801,1586.41,0.211,BID
1444609801,1586.42,0.789,BID
1444609804,1586.42,0.111,BID
1444609804,1586.42,1.0,BID
1444609805,1586.41,8.0,BID
1444609805,1586.41,4.412,BID
1444609806,1586.42,0.3,BID
1444609811,1586.42,1.0,BID
1444609811,1586.42,0.145,BID
1444609818,1586.41,0.6,BID
1444609818,1586.41,0.4,BID
1444609819,1586.4,2.0,BID
1444609819,1586.4,14.723,BID
1444609825,1586.41,0.118,BID
1444609825,1586.42,0.882,BID
1444609827,1586.42,5.5113,BID
1444609827,1586.43,0.0237,BID
1444609827,1586.45,17.5152,BID
1444609827,1586.53,0.06,BID
1444609827,1586.68,0.0614,BID
1444609827,1586.69,0.0792,BID
1444609827,1586.7,0.0226,BID
1444609827,1586.71,4.3678,BID
1444609833,1586.7,0.0036,BID
1444609833,1586.71,0.0064,BID
1444609852,1586.36,0.001,BID
1444609856,1586.35,0.0036,ASK
1444609856,1586.35,0.1848,ASK
1444609856,1586.35,0.0216,ASK
1444609857,1586.35,0.0084,ASK
1444609857,1586.34,0.21,ASK
1444609859,1586.34,0.39,ASK
1444609859,1586.34,0.137,ASK
1444609859,1586.34,0.149,ASK
1444609859,1586.33,0.0725,ASK
1444609859,1586.33,0.3055,ASK
1444609859,1586.35,0.0195,ASK
1444609859,1586.33,0.342,ASK
1444609859,1586.33,0.1655,ASK
1444609859,1586.33,0.4,ASK
1444609860,1586.33,4.2448,ASK
1444609861,1586.33,0.1897,ASK
1444609862,1586.33,0.4603,BID
1444609862,1586.34,0.1397,ASK
1444609862,1586.32,0.0011,ASK
1444609864,1586.32,0.4603,BID
1444609865,1586.32,0.0489,BID
1444609865,1586.32,0.2481,BID
1444609867,1586.33,0.6304,ASK
1444609867,1586.31,0.1861,ASK
1444609867,1586.27,0.0294,ASK
1444609867,1586.26,0.1501,ASK
1444609867,1586.21,0.06,ASK
1444609874,1586.01,0.05,ASK
1444609875,1586.01,0.0382,ASK
1444609875,1586.0,0.05,ASK
1444609876,1586.0,0.0882,ASK
1444609880,1586.0,0.1618,ASK
1444609906,1585.98,0.06,BID
1444609906,1585.99,0.25,BID
1444609906,1586.17,0.0144,BID
1444609906,1586.18,0.2875,BID
1444609906,1586.19,0.0882,BID
1444609906,1586.26,0.0105,BID
1444609906,1586.27,0.21,BID
1444609906,1586.3,0.1861,BID
1444609906,1586.31,0.2215,BID
1444609906,1586.4,0.4495,BID
1444609906,1586.41,0.0176,BID
1444609906,1586.41,1.5047,ASK
1444609908,1585.99,7.0,BID
1444609908,1585.99,7.389,BID
1444609924,1585.62,0.3606,ASK
1444609924,1585.61,0.3148,ASK
1444609924,1585.6,1.963,ASK
1444609933,1585.99,0.2452,BID
1444609933,1585.99,0.0523,BID
1444609933,1585.99,0.0131,BID
1444609933,1585.99,0.1447,BID
1444609933,1586.0,17.4253,BID
1444609936,1586.0,0.1194,ASK
1444609937,1585.99,0.0906,BID
1444609990,1586.04,0.2188,ASK
1444609990,1586.03,0.0186,ASK
1444609990,1586.02,0.056,ASK
1444609990,1586.01,0.1787,ASK
1444609990,1586.0,0.06,ASK
1444609990,1586.0,5.0,ASK
1444609992,1585.9,0.01,BID
1444610003,1585.61,0.1968,ASK
1444610003,1585.6,2.0175,ASK
1444610011,1585.85,0.06,BID
1444610011,1585.86,0.0195,BID
1444610011,1585.87,0.05,BID
1444610011,1585.89,0.217,BID
1444610011,1585.89,0.0815,BID
1444610011,1585.89,0.6,BID
1444610011,1585.9,14.8599,BID
1444610011,1585.99,0.1859,BID
1444610011,1586.0,6.57,BID
1444610011,1586.03,0.2188,BID
1444610011,1586.2,0.0981,BID
1444610011,1586.21,0.0186,BID
1444610012,1586.31,0.0109,ASK
1444610012,1586.31,0.4413,ASK
1444610013,1586.31,3.0,ASK
1444610013,1586.31,0.4,ASK
1444610013,1586.31,0.6,ASK
1444610013,1586.31,0.4,ASK
1444610013,1586.31,0.8,ASK
1444610013,1586.31,0.3,ASK
1444610014,1586.31,0.01,ASK
1444610015,1586.31,0.5,ASK
1444610015,1586.31,1.376,ASK
1444610015,1586.31,0.75,ASK
1444610017,1586.32,0.06,ASK
1444610017,1586.31,0.04,ASK
1444610017,1586.31,0.01,ASK
1444610021,1586.31,0.182,ASK
1444610022,1586.32,0.1606,ASK
1444610022,1586.31,0.0005,ASK
1444610033,1586.29,0.05,BID
1444610044,1585.91,0.06,BID
1444610044,1585.92,0.04,BID
1444610059,1585.69,0.1156,ASK
1444610059,1585.69,0.06,ASK
1444610059,1585.68,0.0004,ASK
1444610059,1585.68,0.0296,ASK
1444610060,1585.67,0.6,ASK
1444610060,1585.66,0.0616,ASK
1444610060,1585.65,0.0186,ASK
1444610062,1585.64,0.3723,ASK
1444610062,1585.6,0.1277,ASK
1444610065,1585.63,0.3723,BID
1444610066,1585.65,0.176,ASK
1444610066,1585.65,0.0517,ASK
1444610066,1585.6,0.3733,ASK
1444610067,1585.64,0.3723,ASK
1444610067,1585.6,0.4115,ASK
1444610067,1585.6,0.65,ASK
1444610069,1585.6,1.11,ASK
1444610070,1585.65,0.0548,ASK
1444610070,1585.6,0.5952,ASK
1444610071,1585.6,0.146,ASK
1444610071,1585.6,0.65,ASK
1444610076,1585.6,1.842,ASK
1444610077,1585.6,0.1138,ASK
1444610081,1585.59,0.5362,BID
1444610081,1585.59,0.65,BID
1444610083,1585.6,0.48,ASK
1444610084,1585.6,0.115,ASK
1444610084,1585.6,0.01,ASK
1444610084,1585.6,0.0257,ASK
1444610084,1585.57,0.1156,ASK
1444610084,1585.56,0.1215,ASK
1444610084,1585.55,0.2372,ASK
1444610085,1585.55,0.0057,ASK
1444610087,1585.54,0.3813,BID
1444610087,1585.55,0.1,BID
1444610087,1585.59,0.6307,BID
1444610087,1585.59,0.0189,BID
1444610087,1585.59,0.0192,BID
1444610087,1585.6,3.0,BID
1444610087,1585.6,0.126,BID
1444610087,1585.6,0.01,BID
1444610087,1585.77,0.261,BID
1444610088,1585.51,3.0,BID
1444610088,1585.51,8.622,BID
1444610088,1585.5,0.341,ASK
1444610088,1585.51,0.1482,ASK
1444610088,1585.5,0.659,ASK
1444610088,1585.5,4.1928,ASK
1444610089,1585.55,0.3813,ASK
1444610089,1585.5,0.0057,ASK
1444610089,1585.4,0.003,ASK
1444610089,1585.0,0.0366,ASK
1444610089,1585.0,0.3,ASK
1444610089,1585.0,0.0234,ASK
1444610089,1585.6,0.01,ASK
1444610089,1585.6,0.65,ASK
1444610090,1585.6,0.3813,ASK
1444610113,1585.05,0.2218,ASK
1444610113,1585.01,0.1089,ASK
1444610113,1585.0,0.0766,ASK
1444610113,1584.85,0.0927,ASK
1444610113,1584.85,1.2309,ASK
1444610114,1584.84,0.0632,BID
1444610119,1584.68,0.149,ASK
1444610120,1584.83,0.04,BID
1444610121,1584.67,0.149,BID
1444610127,1585.02,0.0108,BID
1444610129,1585.01,0.1612,BID
1444610129,1585.02,0.0238,BID
1444610129,1585.02,0.001,BID
1444610130,1585.02,0.0144,BID
1444610133,1585.2,0.06,BID
1444610154,1585.28,0.01,ASK
1444610162,1585.28,0.1153,ASK
1444610162,1585.28,0.2865,ASK
1444610162,1585.32,0.015,BID
1444610163,1585.27,0.0016,ASK
1444610163,1585.27,0.0712,ASK
1444610166,1585.21,0.06,ASK
1444610166,1585.02,0.14,ASK
1444610171,1585.07,0.01,ASK
1444610171,1585.07,0.05,ASK
1444610171,1585.02,0.0068,ASK
1444610171,1585.0,0.3432,ASK
1444610171,1585.0,0.12,ASK
1444610171,1585.0,0.12,ASK
1444610171,1585.0,0.12,ASK
1444610173,1585.01,0.01,ASK
1444610175,1585.0,0.0381,ASK
1444610175,1585.0,1.0,ASK
1444610175,1585.0,1.0,ASK
1444610178,1585.0,0.5,ASK
1444610179,1585.0,0.65,ASK
1444610180,1585.0,0.542,ASK
1444610180,1585.0,0.542,ASK
1444610180,1585.0,0.542,ASK
1444610180,1585.0,0.542,ASK
1444610180,1585.0,0.542,ASK
1444610180,1585.0,0.01,ASK
1444610180,1585.0,0.65,ASK
1444610180,1585.0,3.0,ASK
1444610181,1585.0,0.0421,ASK
1444610181,1585.0,0.6,ASK
1444610181,1585.0,0.75,ASK
1444610182,1585.0,0.01,ASK
1444610182,1585.0,0.3366,ASK
1444610183,1584.84,0.0522,ASK
1444610194,1584.78,0.0176,ASK
1444610194,1584.4,0.0394,ASK
1444610203,1584.4,0.001,ASK
1444610204,1584.4,0.9596,ASK
1444610209,1584.4,0.911,BID
1444610221,1584.38,0.05,BID
1444610221,1584.38,0.01,BID
1444610221,1584.39,0.18,BID
1444610221,1584.39,0.1178,BID
1444610221,1584.39,0.0083,BID
1444610236,1584.28,0.4162,BID
1444610236,1584.29,0.04,BID
1444610236,1584.32,0.264,BID
1444610236,1584.37,0.1854,BID
1444610236,1584.39,0.1945,BID
1444610237,1584.29,0.05,ASK
1444610238,1584.29,0.008,ASK
1444610238,1584.29,0.1,ASK
1444610238,1584.29,0.2582,ASK
1444610238,1584.13,0.008,ASK
1444610238,1584.09,0.0338,ASK
1444610238,1584.09,0.01,ASK
1444610239,1584.09,0.01,ASK
1444610240,1584.09,0.0062,ASK
1444610240,1584.0,0.0938,ASK
1444610241,1584.0,0.1,ASK
1444610244,1584.01,0.0642,ASK
1444610244,1584.0,0.0417,ASK
1444610245,1584.0,0.01,ASK
1444610247,1584.0,0.01,ASK
1444610248,1584.0,0.01,ASK
1444610249,1584.0,0.0345,ASK
1444610256,1583.91,0.01,ASK
1444610262,1583.82,0.06,BID
1444610262,1583.83,0.0315,BID
1444610269,1583.81,0.0214,BID
1444610269,1583.83,0.05,BID
1444610285,1583.89,0.01,ASK
1444610287,1583.89,0.01,ASK
1444610298,1583.89,0.06,ASK
1444610298,1583.52,0.1086,ASK
1444610298,1583.35,0.008,ASK
1444610298,1583.33,0.264,ASK
1444610298,1583.32,0.0214,ASK
1444610298,1583.32,0.4404,ASK
1444610298,1583.31,0.0915,ASK
1444610298,1583.02,1.2081,ASK
1444610305,1584.13,0.01,BID
1444610305,1584.13,0.6,BID
1444610305,1584.13,0.1854,BID
1444610305,1584.14,0.1086,BID
1444610305,1584.14,0.0398,ASK
1444610305,1584.14,0.01,ASK
1444610305,1584.14,0.1607,ASK
1444610306,1584.14,0.012,ASK
1444610307,1584.14,0.0652,ASK
1444610307,1584.15,0.008,BID
1444610308,1584.14,0.8,ASK
1444610308,1584.14,1.339,ASK
1444610308,1584.14,0.06,ASK
1444610308,1584.14,0.6,ASK
1444610308,1584.14,0.4,ASK
1444610308,1584.14,0.01,ASK
1444610309,1584.14,0.65,ASK
1444610310,1584.14,0.01,ASK
1444610310,1584.14,0.65,ASK
1444610310,1584.14,0.6019,ASK
1444610310,1584.14,0.0481,ASK
1444610311,1584.14,0.5832,ASK
1444610334,1583.43,0.01,ASK
1444610341,1583.44,0.1949,ASK
1444610341,1583.43,0.0131,ASK
1444610370,1583.66,0.016,BID
1444610376,1583.66,0.1073,BID
1444610376,1583.67,0.0465,BID
1444610376,1583.68,0.4602,BID
1444610377,1583.68,0.0358,BID
1444610377,1583.68,0.0132,BID
1444610377,1583.68,0.0268,BID
1444610377,1583.69,0.0384,BID
1444610378,1583.67,0.1073,ASK
1444610378,1583.65,0.0346,ASK
1444610379,1583.65,0.112,ASK
1444610382,1583.64,0.0346,BID
1444610382,1583.69,0.07,BID
1444610382,1583.91,0.03,BID
1444610382,1583.92,0.0951,BID
1444610383,1583.69,0.01,BID
1444610383,1583.94,0.1949,BID
1444610383,1583.98,0.0131,BID
1444610383,1583.99,0.0167,BID
1444610383,1584.0,0.3347,BID
1444610384,1584.11,0.008,BID
1444610384,1584.13,0.032,BID
1444610391,1584.07,0.05,BID
1444610394,1584.08,0.05,ASK
1444610394,1584.07,0.065,ASK
1444610395,1584.07,0.05,ASK
1444610396,1584.01,0.16,ASK
1444610398,1584.01,0.1011,ASK
1444610398,1584.01,0.0995,ASK
1444610398,1583.89,0.06,ASK
1444610398,1583.7,0.07,ASK
1444610398,1583.49,0.04,ASK
1444610398,1583.49,0.01,BID
1444610400,1583.49,0.622,BID
1444610400,1583.49,0.1683,BID
1444610400,1583.49,0.0711,BID
1444610405,1583.8,0.076,ASK
1444610408,1583.8,0.125,ASK
1444610409,1583.87,0.1265,ASK
1444610422,1583.88,0.0295,ASK
1444610422,1583.8,0.0015,ASK
1444610422,1583.13,0.179,ASK
1444610429,1583.97,0.0295,BID
1444610429,1583.98,0.0106,BID
1444610429,1583.99,0.0099,BID
1444610433,1583.42,0.1,BID
1444610436,1583.83,0.058,ASK
1444610440,1583.41,0.007,BID
1444610466,1583.8,0.118,BID
1444610467,1583.8,0.1366,BID
1444610467,1583.81,0.06,BID
1444610467,1583.82,0.058,BID
1444610470,1583.83,0.0594,ASK
1444610470,1583.27,0.0121,ASK
1444610470,1583.27,0.01,ASK
1444610470,1583.26,0.2546,ASK
1444610470,1583.18,0.242,ASK
1444610470,1583.17,0.01,ASK
1444610470,1583.17,0.0919,ASK
1444610470,1583.17,0.0111,ASK
1444610470,1583.16,0.3178,ASK
1444610470,1583.92,0.0252,BID
1444610470,1583.93,0.1313,BID
1444610475,1583.82,0.0594,BID
1444610475,1583.92,0.0187,BID
1444610475,1583.93,0.3729,BID
1444610481,1583.92,0.419,BID
1444610482,1583.92,0.002,BID
1444610482,1583.93,0.0007,BID
1444610482,1583.93,0.0211,ASK
1444610483,1583.96,0.0474,BID
1444610483,1583.96,0.0843,BID
1444610483,1583.97,0.3203,BID
1444610484,1583.93,0.2373,ASK
1444610485,1583.96,0.016,ASK
1444610485,1583.93,0.0619,ASK
1444610485,1583.93,0.323,ASK
1444610485,1583.93,0.186,ASK
1444610485,1583.93,0.0353,ASK
1444610486,1583.96,8.0,ASK
1444610486,1583.96,4.245,ASK
1444610486,1583.97,0.248,BID
1444610486,1583.97,0.0109,BID
1444610486,1583.97,0.043,BID
1444610487,1583.93,0.1507,ASK
1444610487,1583.93,0.3,ASK
1444610487,1583.93,0.1715,ASK
1444610487,1583.97,0.2031,BID
1444610488,1583.95,0.016,BID
1444610488,1583.97,0.537,BID
1444610488,1583.94,0.0436,ASK
1444610488,1583.93,0.2495,ASK
1444610489,1583.92,0.0308,BID
1444610489,1583.92,0.3261,BID
1444610489,1583.97,0.3052,BID
1444610490,1583.96,0.0436,BID
1444610490,1583.97,0.5564,BID
1444610491,1583.97,0.1475,BID
1444610492,1583.97,0.6313,BID
1444610492,1583.97,1.385,BID
1444610493,1583.96,0.115,BID
1444610493,1583.97,0.3381,BID
1444610493,1583.97,0.6313,BID
1444610493,1583.97,0.6,BID
1444610494,1583.97,0.0132,BID
1444610494,1583.97,0.75,BID
1444610494,1583.97,0.6313,BID
1444610494,1583.97,0.895,BID
1444610495,1583.97,0.1812,BID
1444610495,1583.97,0.583,BID
1444610495,1583.97,0.878,BID
1444610496,1583.97,0.6,BID
1444610496,1583.97,0.6313,BID
1444610497,1583.97,0.6313,BID
1444610498,1583.97,0.4,BID
1444610498,1583.97,0.6313,BID
1444610499,1583.97,0.1528,BID
1444610499,1583.97,0.6313,BID
1444610499,1583.97,0.591,BID
1444610500,1583.97,0.6313,BID
1444610501,1583.97,0.6313,BID
1444610501,1583.97,0.6,BID
1444610502,1583.97,0.6,BID
1444610502,1583.97,0.6313,BID
1444610504,1583.97,0.6313,BID
1444610505,1583.97,0.1913,BID
1444610506,1583.97,0.6313,BID
1444610507,1583.97,0.5377,BID
1444610507,1583.98,0.0936,BID
1444610507,1583.96,0.1183,BID
1444610507,1583.98,0.065,BID
1444610509,1583.98,0.448,ASK
1444610509,1583.98,0.152,ASK
1444610510,1583.99,0.19,BID
1444610510,1583.98,0.0212,ASK
1444610512,1583.97,0.1986,BID
1444610513,1583.97,0.2282,BID
1444610513,1583.97,0.1718,BID
1444610513,1583.97,0.2522,BID
1444610513,1583.99,0.0026,BID
1444610513,1584.1,0.0452,BID
1444610516,1584.1,0.1844,BID
1444610522,1584.1,0.0315,BID
1444610522,1584.11,0.0995,BID
1444610522,1584.13,0.059,BID
1444610527,1584.13,0.1921,BID
1444610528,1584.13,0.3669,BID
1444610528,1584.13,0.2644,BID
1444610529,1584.13,0.3188,BID
1444610532,1584.24,0.153,ASK
1444610533,1584.14,0.3125,ASK
1444610533,1584.14,0.6313,ASK
1444610537,1584.12,0.0492,BID
1444610537,1584.12,0.1153,BID
1444610551,1584.27,0.0176,BID
1444610553,1584.32,0.1746,ASK
1444610556,1584.31,0.0004,BID
1444610567,1584.44,0.0817,ASK
1444610567,1584.43,0.0813,ASK
1444610567,1584.44,0.06,ASK
1444610567,1584.43,0.0815,ASK
1444610569,1584.34,0.1525,ASK
1444610570,1584.33,0.1275,BID
1444610570,1584.42,0.0215,BID
1444610570,1584.42,0.006,BID
1444610571,1584.42,0.157,BID
1444610584,1584.46,0.1724,ASK
1444610584,1584.43,0.0275,ASK
1444610587,1584.42,0.0001,BID
1444610588,1584.43,0.0144,ASK
1444610602,1584.5,0.7257,ASK
1444610602,1584.5,0.3,ASK
1444610602,1584.5,0.6,ASK
1444610602,1584.5,0.3743,ASK
1444610613,1584.5,0.625,ASK
1444610613,1584.5,0.0007,ASK
1444610634,1584.46,0.0022,BID
1444610634,1584.47,0.0078,BID
1444610653,1584.47,0.05,BID
1444610660,1584.4,0.229,ASK
1444610660,1584.35,0.001,ASK
1444610668,1584.36,0.0025,ASK
1444610668,1584.36,0.1877,ASK
1444610668,1584.35,0.1206,ASK
1444610668,1584.29,0.0322,ASK
1444610668,1584.28,0.1155,ASK
1444610668,1584.28,0.6,ASK
1444610668,1584.28,0.1531,ASK
1444610676,1584.33,0.0105,ASK
1444610676,1584.32,0.1995,ASK
1444610692,1584.3,0.01,BID
1444610692,1584.31,0.018,BID
1444610695,1584.31,0.1688,BID
1444610696,1584.31,0.0242,BID
1444610700,1584.33,0.01,BID
1444610706,1584.32,0.11,ASK
1444610707,1584.32,0.0189,ASK
1444610707,1584.32,0.1531,ASK
1444610708,1584.31,0.04,BID
1444610709,1584.31,0.07,BID
1444610709,1584.31,0.04,BID
1444610726,1584.28,0.0109,ASK
1444610732,1584.28,0.03,BID
1444610734,1584.27,0.0022,ASK
1444610734,1584.27,0.6778,ASK
1444610740,1584.28,0.5682,BID
1444610740,1584.3,0.0121,BID
1444610740,1584.31,0.242,BID
1444610740,1584.33,0.03,BID
1444610740,1584.34,0.6,BID
1444610740,1584.35,0.1902,BID
1444610740,1584.35,2.3845,BID
1444610741,1584.28,0.1,BID
1444610774,1584.34,0.0454,BID
1444610778,1584.34,0.0014,BID
1444610785,1584.3,0.0121,ASK
1444610785,1584.29,0.1699,ASK
1444610785,1584.29,0.1,ASK
1444610785,1584.28,0.03,ASK
1444610785,1584.28,0.0454,ASK
1444610785,1584.27,0.6426,ASK
1444610787,1584.34,0.0014,BID
1444610789,1584.34,0.0014,BID
1444610810,1584.34,0.0014,BID
1444610812,1584.27,0.004,ASK
1444610815,1584.34,0.0014,BID
1444610821,1584.34,0.0014,BID
1444610823,1584.34,0.1008,BID
1444610823,1584.34,0.03,BID
1444610823,1584.34,0.0454,BID
1444610823,1584.35,0.0018,BID
1444610824,1584.35,0.178,BID
1444610824,1584.27,0.003,ASK
1444610824,1584.35,0.1776,BID
1444610824,1584.35,0.178,BID
1444610825,1584.35,0.0108,BID
1444610825,1584.35,0.4,BID
1444610828,1584.34,0.0121,BID
1444610828,1584.35,8.346,BID
1444610828,1584.46,0.0025,BID
1444610828,1584.47,0.0655,BID
1444610828,1584.47,0.05,BID
1444610828,1584.48,0.0473,BID
1444610828,1584.65,0.002,BID
1444610828,1584.85,0.1152,BID
1444610828,1584.88,0.2613,BID
1444610828,1584.95,3.7201,BID
1444610855,1584.53,0.0211,ASK
1444610855,1584.52,0.185,ASK
1444610855,1584.52,0.0939,ASK
1444610865,1584.89,0.0013,BID
1444610870,1584.57,0.06,ASK
1444610870,1584.57,0.0115,ASK
1444610870,1584.57,0.0085,ASK
1444610871,1584.57,0.01,ASK
1444610873,1584.57,0.01,ASK
1444610879,1584.57,0.1,ASK
1444610881,1584.58,0.313,ASK
1444610881,1584.58,0.0006,ASK
1444610881,1584.57,0.0094,ASK
1444610882,1584.57,0.0129,ASK
1444610883,1584.57,0.2342,BID
1444610886,1584.56,0.01,ASK
1444610887,1584.56,0.0065,ASK
1444610887,1584.55,0.3303,ASK
1444610887,1584.55,0.0713,ASK
1444610887,1584.52,0.0019,ASK
1444610889,1584.55,0.0016,BID
1444610890,1584.57,0.001,BID
1444610960,1584.56,0.0079,ASK
1444610960,1584.52,0.0821,ASK
1444610978,1584.56,0.001,BID
1444610982,1584.52,0.01,ASK
1444610984,1584.52,0.01,ASK
1444610986,1584.52,0.01,ASK
1444610988,1584.52,0.01,ASK
1444610989,1584.52,0.01,ASK
1444610991,1584.52,0.0093,ASK
1444611002,1584.49,0.001,BID
1444611007,1584.34,0.0139,ASK
1444611007,1584.33,0.2761,ASK
1444611017,1584.48,0.3407,BID
1444611017,1584.49,0.443,BID
1444611017,1584.49,0.0139,BID
1444611017,1584.5,0.4418,BID
1444611017,1584.5,0.0139,BID
1444611017,1584.51,0.278,BID
1444611017,1584.55,0.0136,BID
1444611019,1584.55,0.06,ASK
1444611019,1584.55,0.01,ASK
1444611021,1584.55,0.0001,ASK
1444611021,1584.49,0.3407,ASK
1444611021,1584.37,0.0014,ASK
1444611021,1584.33,0.0019,ASK
1444611021,1584.32,0.0135,ASK
1444611021,1584.3,0.0524,ASK
1444611029,1584.49,0.001,ASK
1444611036,1584.49,0.0082,ASK
1444611036,1584.37,0.0118,ASK
1444611041,1584.52,0.01,BID
1444611045,1584.38,0.1,ASK
1444611048,1584.38,0.058,ASK
1444611050,1584.36,0.3218,ASK
1444611050,1584.32,0.0082,ASK
1444611052,1584.37,0.0014,BID
1444611056,1584.37,0.1566,BID
1444611056,1584.52,0.0017,BID
1444611056,1584.52,0.0118,BID
1444611056,1584.52,0.01,BID
1444611056,1584.53,0.3218,BID
1444611056,1584.54,0.0701,BID
1444611058,1584.55,3.455,ASK
1444611061,1584.54,0.025,BID
1444611061,1584.54,0.4417,BID
1444611061,1584.53,1.0,BID
1444611061,1584.53,8.0,BID
1444611061,1584.53,2.812,BID
1444611064,1584.51,0.0023,ASK
1444611064,1584.38,0.0584,ASK
1444611073,1584.4,0.01,ASK
1444611076,1584.4,0.01,ASK
1444611078,1584.4,0.01,ASK
1444611079,1584.4,0.1125,ASK
1444611079,1584.4,0.0247,ASK
1444611079,1584.39,0.0028,ASK
1444611080,1584.39,0.4906,ASK
1444611080,1584.38,0.005,ASK
1444611081,1584.37,0.1224,BID
1444611081,1584.39,0.1393,BID
1444611082,1584.38,0.157,BID
1444611082,1584.38,0.0002,BID
1444611091,1584.39,0.0047,BID
1444611095,1584.37,0.0176,ASK
1444611095,1584.31,0.2724,ASK
1444611096,1584.38,1.0,ASK
1444611096,1584.38,6.0,ASK
1444611096,1584.38,2.815,ASK
1444611096,1584.31,0.0074,ASK
1444611096,1584.3,0.0024,ASK
1444611110,1584.12,0.2007,ASK
1444611110,1584.07,0.001,ASK
1444611110,1584.0,0.0583,ASK
1444611112,1584.13,0.1678,ASK
1444611115,1584.07,0.01,ASK
1444611115,1584.07,0.01,ASK
1444611117,1584.07,0.01,ASK
1444611119,1584.07,0.01,ASK
1444611121,1584.1,0.01,ASK
1444611121,1584.1,0.01,ASK
1444611123,1584.1,0.01,ASK
1444611124,1584.1,1.963,ASK
1444611124,1584.1,0.211,ASK
1444611125,1584.1,0.163,ASK
1444611125,1584.1,0.433,ASK
1444611125,1584.0,0.0237,ASK
1444611125,1583.75,0.002,ASK
1444611125,1583.71,0.001,ASK
1444611125,1583.27,0.6,ASK
1444611125,1583.13,0.0029,ASK
1444611125,1583.12,0.004,ASK
1444611125,1583.07,0.008,ASK
1444611125,1583.05,0.012,ASK
1444611125,1583.0,0.0934,ASK
1444611126,1583.0,0.2066,ASK
1444611126,1583.0,0.4034,ASK
1444611127,1584.09,0.001,BID
1444611129,1583.47,0.1604,ASK
1444611129,1583.01,0.2137,ASK
1444611135,1583.05,0.008,ASK
1444611135,1583.03,0.0029,ASK
1444611152,1583.96,0.001,BID
1444611159,1583.94,0.2184,BID
1444611159,1583.97,0.0138,BID
1444611159,1583.97,0.0109,BID
1444611159,1583.98,0.008,BID
1444611159,1583.98,13.0017,BID
1444611159,1583.98,7.0152,BID
1444611211,1583.88,0.04,BID
1444611211,1583.89,0.6,BID
1444611211,1583.89,0.1346,BID
1444611211,1583.91,0.008,BID
1444611211,1583.99,0.2175,BID
1444611211,1584.0,0.3,BID
1444611211,1584.05,0.012,BID
1444611211,1584.08,0.1734,BID
1444611211,1584.21,3.565,BID
1444611224,1583.33,0.0101,ASK
1444611224,1583.32,0.2029,ASK
1444611224,1583.31,0.0548,ASK
1444611224,1583.25,0.06,ASK
1444611224,1583.16,0.1346,ASK
1444611224,1583.08,0.03,ASK
1444611224,1583.07,0.6,ASK
1444611224,1583.06,0.008,ASK
1444611225,1583.06,0.1859,BID
1444611225,1583.06,0.6,BID
1444611226,1583.06,0.2944,BID
1444611226,1583.06,2.715,BID
1444611226,1583.05,1.18,ASK
1444611226,1583.06,0.367,BID
1444611227,1583.06,0.367,BID
1444611227,1583.06,0.4,BID
1444611227,1583.06,0.8,BID
1444611227,1583.06,0.6,BID
1444611227,1583.06,0.6317,BID
1444611227,1583.06,0.6,BID
1444611227,1583.06,0.4,BID
1444611228,1583.06,0.3,BID
1444611228,1583.06,2.8586,BID
1444611229,1583.87,0.1582,BID
1444611229,1584.2,0.0101,BID
1444611229,1584.2,0.0017,BID
1444611253,1583.71,0.0143,BID
1444611253,1583.78,0.001,BID
1444611253,1584.18,0.014,BID
1444611253,1584.19,0.6,BID
1444611256,1584.2,1.0,ASK
1444611256,1584.2,0.5,ASK
1444611256,1584.2,1.3707,ASK
1444611257,1583.51,0.0324,ASK
1444611257,1583.4,0.0204,ASK
1444611257,1583.39,0.4076,ASK
1444611257,1583.1,1.5396,ASK
1444611257,1583.11,0.1007,ASK
1444611257,1583.1,0.7209,ASK
1444611257,1583.06,0.001,ASK
1444611257,1583.03,0.0091,ASK
1444611257,1583.0,0.3483,ASK
1444611259,1583.99,0.0453,BID
1444611259,1584.0,0.907,BID
1444611259,1584.0,0.1,BID
1444611260,1584.16,5.0,BID
1444611260,1584.16,7.486,BID
1444611263,1583.59,9.0,BID
1444611263,1583.59,5.939,BID
1444611300,1583.88,0.001,BID
1444611310,1583.59,0.02,ASK
1444611310,1583.58,0.001,ASK
1444611310,1583.53,0.008,ASK
1444611310,1583.06,0.0337,ASK
1444611310,1583.06,0.0872,ASK
1444611310,1583.05,0.2594,ASK
1444611320,1583.06,2.601,BID
1444611320,1583.06,0.0008,BID
1444611321,1583.35,0.1889,ASK
1444611321,1583.07,0.0976,ASK
1444611321,1583.52,0.06,BID
1444611321,1583.82,0.0324,BID
1444611321,1583.83,0.6,BID
1444611321,1583.86,0.0163,BID
1444611321,1583.87,0.3254,BID
1444611321,1583.89,0.1316,BID
1444611321,1583.9,0.02,BID
1444611321,1583.94,0.114,BID
1444611321,1583.95,0.0397,BID
1444611321,1583.96,0.2686,BID
1444611321,1583.96,0.5262,BID
1444611321,1583.97,0.151,BID
1444611321,1584.08,0.724,BID
1444611321,1584.17,0.008,BID
1444611321,1584.21,0.001,BID
1444611321,1584.24,0.1073,BID
1444611321,1584.25,1.4395,BID
1444611321,1584.26,0.4339,BID
1444611321,1584.29,0.4921,BID
1444611321,1584.3,0.435,BID
1444611321,1584.31,15.0,BID
1444611321,1584.32,0.724,BID
1444611321,1584.35,0.485,BID
1444611321,1584.51,6.0,BID
1444611321,1584.56,3.017,BID
1444611321,1584.56,0.4042,BID
1444611321,1584.56,0.001,BID
1444611321,1584.65,8.0,BID
1444611321,1584.65,0.143,BID
1444611321,1584.71,0.143,BID
1444611321,1584.76,0.001,BID
1444611321,1584.95,0.161,BID
1444611321,1584.97,0.002,BID
1444611321,1585.0,0.3,BID
1444611321,1585.0,14.991,BID
1444611321,1585.09,4.978,BID
1444611321,1585.21,0.001,BID
1444611321,1585.41,0.47,BID
1444611321,1585.5,2.0264,BID
1444611321,1585.6,0.004,BID
1444611321,1585.66,0.143,BID
1444611321,1585.66,0.143,BID
1444611321,1585.88,0.001,BID
1444611321,1586.0,0.3,BID
1444611321,1586.06,4.2757,BID
1444611321,1586.31,1.4,BID
1444611321,1586.35,1.66,BID
1444611321,1586.71,1.0467,BID
1444611321,1586.87,0.008,BID
1444611321,1587.0,0.3,BID
1444611321,1587.0,1.0,BID
1444611321,1587.17,4.6144,BID
1444611321,1587.41,3.0,BID
1444611321,1587.57,1.71,BID
1444611321,1587.62,0.29,BID
1444611321,1587.62,1.52,BID
1444611321,1587.65,0.48,BID
1444611323,1583.35,0.01,BID
1444611325,1583.51,0.3,BID
1444611326,1583.51,0.057,BID
1444611328,1585.0,0.216,ASK
1444611329,1585.0,0.216,ASK
1444611329,1585.0,0.2357,ASK
1444611329,1585.01,0.049,ASK
1444611329,1585.01,0.216,ASK
1444611329,1585.01,0.09,ASK
1444611329,1585.02,0.008,ASK
1444611329,1585.01,0.1709,ASK
1444611329,1585.0,0.3323,ASK
1444611330,1584.5,0.06,BID
1444611330,1584.0,0.3,ASK
1444611330,1583.42,0.0381,ASK
1444611330,1583.41,0.1619,ASK
1444611332,1584.01,0.107,BID
1444611334,1584.01,0.0184,ASK
1444611334,1584.35,0.01,BID
1444611334,1584.45,0.161,BID
1444611334,1584.47,0.1,BID
1444611334,1584.65,0.029,BID
1444611334,1584.02,0.01,ASK
1444611336,1584.02,0.0028,ASK
1444611336,1584.01,0.0093,ASK
1444611336,1584.01,0.2284,ASK
1444611337,1583.44,17.935,ASK
1444611338,1583.96,0.01,BID
1444611338,1584.0,0.0019,BID
1444611338,1584.0,0.0257,BID
1444611338,1584.03,0.1328,ASK
1444611341,1583.91,0.1082,BID
1444611342,1583.9,0.108,BID
1444611346,1583.9,0.28,BID
1444611348,1583.9,0.0007,BID
1444611351,1584.0,0.197,ASK
1444611355,1583.91,0.183,BID
1444611355,1583.91,0.0004,BID
1444611355,1583.98,0.0096,BID
1444611356,1583.51,1.0,BID
1444611356,1583.51,8.136,BID
1444611357,1583.98,0.0282,BID
1444611357,1583.98,0.0131,BID
1444611357,1583.98,0.0119,BID
1444611357,1583.99,0.603,BID
1444611357,1583.99,0.3362,BID
1444611365,1583.83,0.071,BID
1444611369,1583.84,0.071,ASK
1444611372,1583.83,0.071,BID
1444611374,1584.0,0.363,ASK
1444611374,1584.0,0.114,ASK
1444611375,1584.0,0.01,ASK
1444611375,1584.0,0.65,ASK
1444611375,1584.0,0.1836,ASK
1444611377,1583.91,0.01,ASK
1444611380,1583.8,0.071,BID
1444611383,1583.85,0.103,BID
1444611384,1583.64,0.1628,ASK
1444611384,1583.79,0.5,BID
1444611384,1583.85,0.1314,BID
1444611386,1583.63,0.1628,BID
1444611386,1583.85,4.1704,BID
1444611393,1583.95,0.07,ASK
1444611394,1583.96,14.0,ASK
1444611394,1583.96,2.993,ASK
1444611394,1583.95,0.0008,ASK
1444611398,1583.68,0.09,ASK
1444611398,1583.68,0.1,ASK
1444611401,1583.94,0.07,BID
1444611401,1583.99,0.65,BID
1444611401,1584.03,0.1152,BID
1444611402,1584.03,0.06,ASK
1444611403,1584.03,0.3,ASK
1444611403,1584.03,0.5,ASK
1444611404,1584.03,0.5,ASK
1444611404,1584.03,0.6,ASK
1444611404,1584.03,0.19,ASK
1444611405,1584.03,0.4,ASK
1444611405,1584.03,0.65,ASK
1444611406,1584.03,3.0,ASK
1444611406,1584.03,3.9119,ASK
1444611407,1584.04,0.0899,ASK
1444611407,1584.03,0.5601,ASK
1444611407,1584.03,0.65,ASK
1444611408,1584.03,0.4082,ASK
1444611409,1583.95,0.0193,ASK
1444611409,1583.55,0.03,ASK
1444611409,1583.54,0.3707,ASK
1444611422,1583.55,0.0791,ASK
1444611422,1583.54,0.6,ASK
1444611422,1583.53,0.322,ASK
1444611422,1583.53,0.1152,ASK
1444611422,1583.5,10.0,ASK
1444611422,1583.48,0.1853,ASK
1444611422,1583.46,0.3893,ASK
1444611422,1583.46,0.2348,ASK
1444611422,1583.44,0.3887,ASK
1444611422,1583.37,0.2357,ASK
1444611422,1583.36,0.347,ASK
1444611422,1583.3,0.012,ASK
1444611422,1583.29,0.001,ASK
1444611422,1583.07,0.2278,ASK
1444611422,1583.03,14.3991,ASK
1444611422,1583.02,0.376,ASK
1444611422,1583.02,1.214,ASK
1444611422,1583.01,5.0768,ASK
1444611424,1583.02,21.213,ASK
1444611455,1583.91,0.012,BID
1444611458,1583.91,0.0001,BID
1444611458,1583.91,0.3699,BID
1444611459,1583.9,0.0179,BID
1444611459,1583.91,0.0008,BID
1444611459,1583.92,0.3155,BID
1444611461,1583.92,0.0108,ASK
1444611462,1583.92,0.0258,ASK
1444611462,1583.9,0.0541,BID
1444611462,1583.91,0.0259,BID
1444611464,1583.8,0.0179,BID
1444611464,1583.8,0.1813,BID
1444611465,1583.91,0.08,BID
1444611466,1583.82,0.0339,ASK
1444611467,1583.82,0.01,BID
1444611467,1583.81,0.0339,ASK
1444611470,1583.91,0.494,BID
1444611474,1583.88,0.2143,ASK
1444611474,1583.81,0.0417,ASK
1444611474,1583.91,0.0001,BID
1444611474,1583.93,0.0799,BID
1444611475,1583.93,0.0005,BID
1444611475,1583.94,0.0095,BID
1444611475,1583.81,0.1236,ASK
1444611476,1583.8,0.0417,BID
1444611481,1583.93,0.136,ASK
1444611481,1583.83,0.0147,ASK
1444611481,1583.82,0.2945,ASK
1444611481,1583.76,0.0799,ASK
1444611481,1583.73,0.0108,ASK
1444611481,1583.72,0.0748,ASK
1444611482,1583.94,0.041,BID
1444611483,1583.74,0.06,ASK
1444611483,1583.72,0.0056,ASK
1444611485,1583.72,0.044,BID
1444611485,1583.72,0.1446,BID
1444611488,1583.71,0.296,BID
1444611489,1583.71,0.1,BID
1444611491,1583.7,0.1,BID
1444611492,1583.7,0.014,BID
1444611492,1583.7,0.119,BID
1444611494,1583.7,0.1737,BID
1444611494,1583.7,0.0528,BID
1444611494,1583.71,0.0194,BID
1444611494,1583.84,0.0147,BID
1444611494,1583.85,0.0131,BID
1444611496,1583.69,0.06,BID
1444611497,1583.85,0.06,BID
1444611498,1583.85,0.6314,BID
1444611498,1583.84,16.0,BID
1444611498,1583.84,1.723,BID
1444611500,1583.85,0.6314,BID
1444611500,1583.85,0.1452,BID
1444611501,1583.85,0.6314,BID
1444611502,1583.85,0.6314,BID
1444611504,1583.85,0.2091,BID
1444611507,1583.85,0.1607,BID
1444611511,1583.85,0.186,BID
1444611518,1583.84,0.1997,ASK
1444611518,1583.39,0.0361,ASK
1444611518,1583.38,0.722,ASK
1444611518,1583.34,0.1505,ASK
1444611518,1583.34,0.6,ASK
1444611518,1583.32,0.217,BID
1444611519,1583.32,0.06,BID
1444611519,1583.32,0.0375,BID
1444611520,1583.32,1.0,BID
1444611520,1583.32,0.587,BID
1444611520,1583.32,0.3,BID
1444611520,1583.32,0.3855,BID
1444611524,1583.75,0.0704,ASK
1444611524,1583.7,0.2173,ASK
1444611524,1583.42,0.243,ASK
1444611524,1583.36,0.0563,ASK
1444611527,1583.83,0.1997,BID
1444611528,1583.84,0.0361,BID
1444611528,1583.84,0.0191,BID
1444611528,1583.85,0.1108,BID
1444611528,1583.83,0.0154,ASK
1444611532,1583.82,0.044,BID
1444611534,1583.82,0.0006,BID
1444611534,1583.84,0.0174,BID
1444611534,1583.84,0.0247,BID
1444611534,1583.85,0.0013,BID
1444611537,1583.85,0.018,BID
1444611542,1583.84,0.0496,BID
1444611542,1583.93,0.0174,BID
1444611542,1583.94,0.332,BID
1444611545,1583.94,0.0157,BID
1444611545,1583.94,0.0247,BID
1444611546,1583.95,0.0404,BID
1444611554,1583.94,0.0086,ASK
1444611554,1583.85,0.0496,ASK
1444611554,1583.75,0.06,ASK
1444611556,1583.43,0.13,BID
1444611556,1583.43,0.0102,BID
1444611556,1583.43,0.3,BID
1444611557,1583.43,0.4,BID
1444611557,1583.43,0.6,BID
1444611557,1583.43,0.5,BID
1444611557,1583.43,0.02,BID
1444611558,1583.43,0.2184,BID
1444611559,1583.43,0.529,BID
1444611560,1583.43,0.481,BID
1444611563,1583.43,0.2084,BID
1444611563,1583.43,1.0599,BID
1444611566,1583.59,0.06,BID
1444611573,1583.94,0.0225,BID
1444611573,1583.95,0.4546,BID
1444611573,1583.96,0.0126,BID
1444611573,1583.97,0.1994,BID
1444611589,1583.95,0.3,ASK
1444611589,1583.95,0.01,ASK
1444611594,1583.95,0.29,ASK
1444611594,1583.94,0.11,ASK
1444611595,1583.94,0.65,ASK
1444611596,1583.94,0.5,ASK
1444611596,1583.94,0.517,ASK
1444611596,1583.94,0.01,ASK
1444611597,1583.94,0.65,ASK
1444611597,1583.97,0.01,BID
1444611598,1583.94,0.65,ASK
1444611599,1583.94,0.65,ASK
1444611600,1583.94,0.65,ASK
1444611602,1583.94,0.65,ASK
1444611603,1583.94,0.65,ASK
1444611605,1583.94,0.65,ASK
1444611606,1583.94,0.65,ASK
1444611606,1583.94,0.05,ASK
1444611607,1583.94,0.65,ASK
1444611608,1583.94,0.5203,ASK
1444611610,1583.93,0.095,BID
1444611611,1583.93,0.0347,BID
1444611611,1583.93,0.4467,BID
1444611612,1583.93,0.2033,BID
1444611613,1583.97,0.01,BID
1444611619,1583.94,0.01,ASK
1444611619,1583.97,0.033,BID
1444611620,1583.94,0.08,ASK
1444611620,1583.94,0.001,ASK
1444611621,1583.97,0.0004,BID
1444611621,1583.98,0.043,BID
1444611621,1583.94,0.337,ASK
1444611621,1583.94,0.313,ASK
1444611622,1583.94,0.3183,ASK
1444611623,1583.93,0.329,BID
1444611625,1583.93,0.0027,BID
1444611625,1583.93,0.329,BID
1444611625,1583.93,0.01,BID
1444611626,1583.93,0.311,BID
1444611628,1583.98,0.2859,BID
1444611628,1583.99,0.1091,BID
1444611628,1584.0,0.0791,BID
1444611628,1584.02,0.1779,BID
1444611630,1583.94,0.0176,ASK
1444611635,1583.95,0.0476,ASK
1444611635,1583.94,0.3027,ASK
1444611635,1583.94,0.3997,ASK
1444611638,1584.01,0.035,BID
1444611643,1583.95,0.01,ASK
1444611645,1583.95,0.0016,ASK
1444611650,1583.95,0.0116,ASK
1444611650,1583.94,0.1084,ASK
1444611651,1583.94,0.1232,ASK
1444611652,1583.93,0.022,BID
1444611656,1583.93,0.0864,BID
1444611656,1583.93,0.0016,BID
1444611657,1583.93,0.1084,BID
1444611658,1583.93,0.1216,BID
1444611658,1584.01,0.0007,BID
1444611658,1584.01,0.0119,BID
1444611658,1584.01,0.01,BID
1444611658,1584.02,0.0639,BID
1444611658,1584.02,0.1099,BID
1444611661,1584.01,0.0132,BID
1444611661,1584.02,0.1078,BID
1444611666,1583.95,0.0226,ASK
1444611666,1583.94,0.0874,ASK
1444611667,1583.94,0.2306,ASK
1444611667,1583.94,0.23,ASK
1444611668,1583.93,0.0132,BID
1444611670,1583.93,0.0742,BID
1444611670,1584.01,0.0128,BID
1444611671,1583.94,0.0874,ASK
1444611671,1583.87,0.0191,ASK
1444611671,1583.86,0.3818,ASK
1444611671,1583.86,0.1418,ASK
1444611671,1583.86,0.0128,ASK
1444611671,1583.85,3.1058,ASK
1444611673,1583.85,1.9953,ASK
1444611673,1584.01,0.0088,BID
1444611673,1584.01,0.0042,BID
1444611679,1583.87,0.2,ASK
1444611680,1583.88,0.013,ASK
1444611680,1583.87,0.0649,ASK
1444611680,1583.86,0.187,ASK
1444611681,1584.01,0.0086,BID
1444611681,1584.01,0.0124,BID
1444611681,1583.86,0.2379,ASK
1444611682,1583.86,0.0119,BID
1444611684,1583.86,0.0151,BID
1444611686,1583.96,0.027,ASK
1444611686,1583.85,0.473,ASK
1444611687,1583.85,0.65,ASK
1444611688,1583.85,0.65,ASK
1444611689,1583.85,0.65,ASK
1444611689,1583.96,0.01,BID
1444611689,1584.0,0.219,BID
1444611690,1583.85,0.65,ASK
1444611691,1583.85,0.65,ASK
1444611692,1584.0,0.01,BID
1444611692,1583.86,0.0702,ASK
1444611692,1583.85,0.5798,ASK
1444611694,1583.85,0.5961,ASK
1444611694,1583.85,0.001,ASK
1444611694,1583.85,0.001,ASK
1444611697,1583.84,0.0519,BID
1444611697,1583.84,0.0181,BID
1444611698,1583.84,0.6314,BID
1444611699,1583.84,0.0005,BID
1444611702,1583.94,0.3,ASK
1444611703,1583.94,0.331,ASK
1444611706,1583.92,0.14,BID
1444611707,1583.91,0.015,BID
1444611707,1583.92,0.16,BID
1444611707,1583.92,0.1245,BID
1444611707,1583.93,0.0005,BID
1444611708,1583.93,0.3,BID
1444611715,1583.92,0.0165,BID
1444611715,1583.93,0.1095,BID
1444611727,1583.93,0.221,BID
1444611728,1583.94,0.221,BID
1444611731,1583.93,0.015,BID
1444611731,1583.93,0.003,BID
1444611732,1583.93,0.0136,BID
1444611732,1583.94,6.6615,BID
1444611732,1583.98,0.0643,BID
1444611732,1583.99,0.0702,BID
1444611732,1584.0,0.0006,BID
1444611733,1584.0,0.6,ASK
1444611734,1584.02,0.031,BID
1444611734,1584.0,0.5,ASK
1444611735,1584.0,0.01,ASK
1444611736,1584.0,0.1,ASK
1444611736,1584.0,0.01,ASK
1444611737,1584.0,0.415,ASK
1444611738,1584.0,0.01,ASK
1444611738,1584.0,0.5,ASK
1444611738,1584.0,0.1,ASK
1444611738,1584.0,0.65,ASK
1444611739,1584.0,0.65,ASK
1444611740,1584.0,0.65,ASK
1444611741,1584.0,0.65,ASK
1444611741,1584.0,0.01,ASK
1444611743,1584.0,0.5,ASK
1444611744,1584.0,0.65,ASK
1444611744,1584.0,0.65,ASK
1444611745,1584.0,0.65,ASK
1444611746,1584.0,0.65,ASK
1444611747,1584.0,0.01,ASK
1444611747,1584.0,0.65,ASK
1444611748,1584.0,0.5,ASK
1444611748,1584.0,0.65,ASK
1444611749,1584.0,0.65,ASK
1444611749,1584.0,0.01,ASK
1444611750,1584.0,0.65,ASK
1444611751,1584.0,0.65,ASK
1444611752,1584.0,0.5,ASK
1444611752,1584.0,0.65,ASK
1444611753,1584.0,0.65,ASK
1444611754,1584.0,0.65,ASK
1444611755,1584.0,0.01,ASK
1444611755,1584.0,0.65,ASK
1444611756,1584.0,0.65,ASK
1444611757,1584.0,0.01,ASK
1444611757,1584.0,0.5,ASK
1444611757,1584.0,0.65,ASK
1444611759,1584.0,0.65,ASK
1444611760,1584.0,0.65,ASK
1444611762,1584.0,0.01,ASK
1444611764,1584.0,0.229,ASK
1444611781,1584.01,0.151,ASK
1444611782,1584.01,0.368,ASK
1444611782,1584.0,0.151,ASK
1444611782,1584.0,0.5,ASK
1444611785,1584.02,0.01,BID
1444611786,1584.0,0.0378,ASK
1444611787,1584.02,0.3913,BID
1444611789,1584.03,0.0097,ASK
1444611789,1584.03,0.1663,ASK
1444611789,1584.03,0.01,ASK
1444611791,1584.03,0.01,ASK
1444611792,1584.04,0.01,ASK
1444611794,1584.04,0.01,ASK
1444611794,1584.18,0.031,BID
1444611797,1584.04,0.01,ASK
1444611799,1584.04,0.01,ASK
1444611801,1584.05,0.01,ASK
1444611807,1584.05,0.01,ASK
1444611811,1584.06,0.0139,ASK
1444611811,1584.05,0.0711,ASK
1444611811,1584.04,0.1511,ASK
1444611811,1584.04,0.0192,ASK
1444611811,1584.01,0.0134,ASK
1444611811,1584.01,0.1731,ASK
1444611811,1584.01,0.0102,ASK
1444611811,1584.0,0.048,ASK
1444611811,1584.0,0.448,ASK
1444611813,1584.0,0.01,ASK
1444611815,1584.01,0.01,ASK
1444611815,1584.01,0.4251,ASK
1444611815,1584.0,0.0749,ASK
1444611815,1584.04,0.081,BID
1444611816,1584.0,0.1465,ASK
1444611820,1584.0,0.5,ASK
1444611820,1584.0,0.01,ASK
1444611820,1584.0,0.01,ASK
1444611821,1584.0,0.23,ASK
1444611822,1584.0,0.01,ASK
1444611825,1584.0,0.01,ASK
1444611827,1584.0,0.1849,ASK
1444611828,1584.0,0.01,ASK
1444611840,1584.0,0.3,ASK
1444611841,1584.0,0.01,ASK
1444611843,1584.0,0.01,ASK
1444611843,1584.04,0.0001,BID
1444611849,1584.1,0.01,ASK
1444611851,1584.1,0.14,ASK
1444611857,1584.14,0.1525,BID
1444611857,1584.15,0.0139,BID
1444611857,1584.15,0.0102,BID
1444611857,1584.15,0.0134,BID
1444611857,1584.16,0.477,BID
1444611858,1584.16,0.0005,BID
1444611859,1584.17,0.01,BID
1444611863,1584.17,0.01,BID
1444611863,1584.16,2.479,ASK
1444611863,1584.17,0.0711,BID
1444611863,1584.19,0.0798,BID
1444611863,1584.16,0.5205,ASK
1444611863,1584.15,0.1525,ASK
1444611863,1584.15,0.01,BID
1444611863,1584.15,0.809,BID
1444611863,1584.12,20.0,ASK
1444611863,1584.12,2.214,ASK
1444611864,1584.15,0.0911,BID
1444611866,1584.15,0.032,BID
1444611866,1584.15,0.14,BID
1444611867,1584.15,0.6313,BID
1444611868,1584.15,0.6136,BID
1444611869,1584.19,0.0363,BID
1444611869,1584.19,0.0163,BID
1444611869,1584.19,0.0407,BID
1444611869,1584.2,0.0192,BID
1444611869,1584.2,1.3035,BID
1444611869,1584.2,0.999,BID
1444611869,1584.25,0.001,BID
1444611869,1584.68,0.18,BID
1444611869,1584.16,0.0177,ASK
1444611869,1584.14,0.2265,ASK
1444611869,1584.11,0.0134,ASK
1444611869,1584.11,0.0102,ASK
1444611869,1584.11,0.0798,ASK
1444611869,1584.1,0.1908,ASK
1444611870,1584.16,0.01,ASK
1444611871,1584.16,0.2265,ASK
1444611877,1584.25,0.01,ASK
1444611886,1584.48,0.01,BID
1444611896,1584.28,0.2,ASK
1444611896,1584.28,0.1254,ASK
1444611896,1584.27,0.06,ASK
1444611896,1584.26,0.0062,ASK
1444611898,1584.26,0.0482,BID
1444611899,1584.17,0.01,ASK
1444611899,1584.25,0.0138,BID
1444611899,1584.26,0.2272,BID
1444611899,1584.27,0.0344,BID
1444611900,1584.27,0.2754,BID
1444611901,1584.17,0.0097,ASK
1444611902,1584.17,0.0003,BID
1444611907,1584.27,0.0156,BID
1444611915,1584.35,0.06,BID
1444611917,1584.18,0.01,ASK
1444611919,1584.18,0.01,ASK
1444611921,1584.19,9.0,ASK
1444611921,1584.19,3.0,ASK
1444611921,1584.19,1.981,ASK
1444611930,1584.33,0.0127,BID
1444611934,1584.24,0.0155,BID
1444611934,1584.24,0.0651,BID
1444611934,1584.24,0.0163,BID
1444611934,1584.25,1.0831,BID
1444611938,1584.25,0.0155,BID
1444611954,1584.19,0.0359,ASK
1444611954,1584.18,0.0632,ASK
1444611954,1584.18,0.0277,ASK
1444611954,1584.17,0.0135,ASK
1444611954,1584.16,0.3597,ASK
1444611956,1584.16,0.01,ASK
1444611956,1584.18,0.0359,BID
1444611956,1584.25,0.0687,BID
1444611957,1584.24,0.0135,BID
1444611957,1584.25,0.0215,BID
1444611961,1584.19,0.01,ASK
1444611965,1584.25,2.8365,BID
1444611966,1584.34,0.001,BID
1444611983,1584.34,0.009,BID
1444611990,1584.34,0.2447,BID
1444611991,1584.35,0.0232,BID
1444611991,1584.35,0.0277,BID
1444611993,1584.36,7.0,BID
1444611993,1584.36,1.75,BID
1444611993,1584.35,0.1938,ASK
1444611993,1584.34,0.0062,ASK
1444611993,1584.34,0.01,ASK
1444611996,1584.34,0.01,ASK
1444612000,1584.42,0.1252,BID
1444612007,1584.35,0.01,ASK
1444612008,1584.35,0.01,ASK
1444612009,1584.35,0.01,ASK
1444612012,1584.35,0.01,ASK
1444612015,1584.35,0.01,ASK
1444612017,1584.35,0.0999,ASK
1444612017,1584.35,0.0152,ASK
1444612017,1584.35,0.0316,ASK
1444612017,1584.34,0.0533,ASK
1444612018,1584.34,0.1567,ASK
1444612020,1584.34,0.01,ASK
1444612035,1584.34,0.565,ASK
1444612035,1584.34,0.2,ASK
1444612036,1584.41,0.07,BID
1444612036,1584.34,0.78,ASK
1444612036,1584.34,0.65,ASK
1444612037,1584.41,0.072,BID
1444612037,1584.42,0.01,BID
1444612039,1584.43,0.0459,BID
1444612040,1584.42,0.01,ASK
1444612041,1584.43,0.005,BID
1444612042,1584.43,0.2112,BID
1444612042,1584.43,0.0482,BID
1444612042,1584.46,0.01,BID
1444612042,1584.47,0.0406,BID
1444612042,1584.43,3.0,BID
1444612042,1584.43,14.297,BID
1444612047,1584.44,0.1857,ASK
1444612048,1584.46,0.0142,BID
1444612048,1584.47,0.1594,BID
1444612048,1584.47,0.1254,BID
1444612048,1584.5,0.2644,ASK
1444612050,1584.51,4.0,ASK
1444612050,1584.51,14.327,ASK
1444612054,1584.5,0.003,ASK
1444612057,1584.5,2.58,ASK
1444612058,1584.5,0.2246,ASK
1444612058,1584.5,0.65,ASK
1444612059,1584.5,0.01,ASK
1444612059,1584.5,0.65,ASK
1444612060,1584.5,1.3899,ASK
1444612064,1584.5,0.01,ASK
1444612064,1584.5,0.3,ASK
1444612064,1584.5,0.8,ASK
1444612064,1584.5,0.4,ASK
1444612065,1584.5,0.4,ASK
1444612066,1584.5,0.6,ASK
1444612066,1584.5,0.2367,ASK
1444612066,1584.5,0.01,ASK
1444612068,1584.5,0.01,ASK
1444612068,1584.5,0.27,ASK
1444612068,1584.5,0.01,ASK
1444612075,1584.5,0.425,ASK
1444612077,1584.5,0.01,ASK
1444612086,1584.5,0.01,ASK
1444612086,1584.5,0.33,ASK
1444612124,1584.51,0.2149,ASK
1444612126,1584.51,0.01,ASK
1444612131,1584.57,0.0062,BID
1444612133,1584.67,6.0,BID
1444612133,1584.67,2.655,BID
1444612135,1584.57,0.01,ASK
1444612137,1584.57,0.16,ASK
1444612140,1584.61,0.01,ASK
1444612142,1584.61,0.01,ASK
1444612143,1584.61,0.01,ASK
1444612150,1584.61,0.01,ASK
1444612153,1584.61,0.01,ASK
1444612158,1584.59,0.01,ASK
1444612164,1584.67,0.1849,BID
1444612165,1584.68,0.12,BID
1444612166,1584.68,0.01,ASK
1444612171,1584.99,0.0125,BID
1444612172,1584.68,0.01,ASK
1444612176,1584.69,0.01,ASK
1444612181,1584.96,0.0399,BID
1444612181,1584.97,0.0464,BID
1444612181,1584.99,0.0158,BID
1444612181,1585.0,0.0166,BID
1444612181,1585.0,0.3,BID
1444612181,1585.0,0.0231,ASK
1444612181,1585.0,0.121,ASK
1444612181,1585.0,0.121,ASK
1444612181,1585.0,0.121,ASK
1444612181,1585.0,0.121,ASK
1444612182,1585.0,0.121,ASK
1444612182,1585.0,0.0158,ASK
1444612183,1585.0,1.18,ASK
1444612183,1585.0,0.445,ASK
1444612183,1585.0,0.475,ASK
1444612183,1585.0,0.566,ASK
1444612183,1585.0,0.445,ASK
1444612183,1585.0,0.2,ASK
1444612183,1585.0,0.6,ASK
1444612183,1585.0,0.01,ASK
1444612184,1585.0,2.0,ASK
1444612184,1585.0,0.5512,ASK
1444612184,1585.0,0.1,ASK
1444612184,1585.0,0.14,ASK
1444612184,1585.0,0.14,ASK
1444612185,1585.0,0.01,ASK
1444612185,1585.0,0.01,ASK
1444612185,1585.0,0.05,ASK
1444612185,1585.0,1.0,ASK
1444612187,1585.0,0.0223,ASK
1444612188,1585.0,0.13,ASK
1444612189,1585.0,0.1481,ASK
1444612191,1585.0,0.2,ASK
1444612193,1585.0,0.01,ASK
1444612199,1585.0,0.01,ASK
1444612201,1585.0,0.056,ASK
1444612202,1585.0,0.01,ASK
1444612207,1585.01,0.09,ASK
1444612208,1585.01,0.09,ASK
1444612210,1585.01,0.01,ASK
1444612212,1585.01,0.1,ASK
1444612212,1585.01,0.1,ASK
1444612212,1585.01,0.0081,ASK
1444612212,1585.0,0.0919,ASK
1444612214,1585.17,0.011,BID
1444612216,1585.0,0.12,ASK
1444612218,1585.01,0.0373,ASK
1444612218,1585.0,0.2217,ASK
1444612218,1585.0,0.01,ASK
1444612221,1585.01,0.031,ASK
1444612221,1585.01,0.069,ASK
1444612226,1585.01,0.01,ASK
1444612232,1585.02,0.2351,ASK
1444612232,1585.01,0.2627,ASK
1444612232,1585.0,0.6822,ASK
1444612232,1585.0,2.0,ASK
1444612234,1585.02,0.0299,ASK
1444612234,1585.0,1.9701,ASK
1444612236,1585.0,0.0299,ASK
1444612236,1585.0,0.01,ASK
1444612240,1585.0,0.01,ASK
1444612241,1585.0,0.01,ASK
1444612243,1585.01,0.01,ASK
1444612243,1585.01,0.242,ASK
1444612243,1585.01,0.232,ASK
1444612243,1585.01,0.242,ASK
1444612243,1585.01,0.242,ASK
1444612243,1585.01,0.242,ASK
1444612243,1585.01,0.232,ASK
1444612243,1585.01,0.232,ASK
1444612244,1585.01,0.235,ASK
1444612244,1585.01,0.232,ASK
1444612246,1585.01,0.01,ASK
1444612246,1585.01,0.0427,ASK
1444612246,1585.11,0.0299,BID
1444612246,1585.01,0.01,ASK
1444612249,1585.12,0.01,ASK
1444612251,1585.12,0.01,ASK
1444612252,1585.12,0.0099,ASK
1444612252,1585.02,0.01,ASK
1444612254,1585.02,0.0199,ASK
1444612255,1585.02,0.02,ASK
1444612264,1585.02,0.01,ASK
1444612269,1585.06,0.0257,BID
1444612269,1585.12,0.3311,BID
1444612269,1585.13,0.0109,BID
1444612269,1585.14,0.2184,BID
1444612269,1585.15,0.1105,BID
1444612269,1585.16,0.4162,BID
1444612269,1585.22,0.06,BID
1444612269,1585.5,0.001,BID
1444612269,1585.62,0.6,BID
1444612269,1585.62,0.2442,BID
1444612270,1585.05,0.0257,BID
1444612270,1585.03,11.291,BID
1444612272,1585.02,0.01,ASK
1444612276,1585.07,0.01,ASK
1444612277,1585.08,0.01,ASK
1444612279,1585.08,0.01,ASK
1444612280,1585.08,0.01,ASK
1444612282,1585.09,0.01,ASK
1444612283,1585.37,0.01,BID
1444612286,1585.09,0.0069,ASK
1444612286,1585.09,0.0031,ASK
1444612288,1585.38,0.1584,ASK
1444612288,1585.09,0.01,ASK
1444612291,1585.1,0.01,ASK
1444612297,1585.11,0.01,ASK
1444612301,1585.18,0.01,BID
1444612302,1585.25,0.122,ASK
1444612302,1585.17,0.2088,ASK
1444612303,1585.17,0.1212,ASK
1444612303,1585.15,0.1476,ASK
1444612303,1585.1,0.3033,ASK
1444612304,1585.09,0.0906,ASK
1444612304,1585.08,0.0314,ASK
1444612305,1585.1,0.0022,BID
1444612305,1585.09,0.0144,ASK
1444612305,1585.08,0.0412,ASK
1444612307,1585.08,0.1459,ASK
1444612308,1585.08,0.01,ASK
1444612310,1585.1,0.01,BID
1444612312,1585.08,0.01,ASK
1444612313,1585.08,0.01,ASK
1444612315,1585.09,0.01,BID
1444612321,1585.09,0.01,BID
1444612322,1585.09,0.01,BID
1444612323,1585.09,0.0136,BID
1444612323,1585.09,0.0335,BID
1444612323,1585.09,0.0138,BID
1444612323,1585.1,1.1191,BID
1444612324,1585.1,0.0709,BID
1444612326,1585.1,2.0,BID
1444612326,1585.1,2.58,BID
1444612326,1585.1,1.18,BID
1444612327,1585.1,0.6309,BID
1444612328,1585.1,0.6309,BID
1444612329,1585.1,0.01,BID
1444612329,1585.1,0.6309,BID
1444612330,1585.1,2.0,BID
1444612331,1585.1,0.6309,BID
1444612331,1585.1,0.6309,BID
1444612332,1585.1,0.6309,BID
1444612334,1585.1,0.6309,BID
1444612334,1585.08,0.01,ASK
1444612335,1585.1,0.6309,BID
1444612336,1585.1,0.03,BID
1444612336,1585.1,0.9254,BID
1444612336,1585.28,0.03,BID
1444612336,1585.3,0.0022,BID
1444612336,1585.65,0.1037,BID
1444612336,1585.66,0.008,BID
1444612336,1585.67,0.001,BID
1444612336,1585.71,0.4,BID
1444612336,1585.86,0.5297,BID
1444612339,1585.12,0.01,ASK
1444612341,1585.13,0.0463,ASK
1444612341,1585.12,0.1127,ASK
1444612342,1585.13,0.01,ASK
1444612344,1585.14,0.01,ASK
1444612349,1585.2,0.01,ASK
1444612355,1585.22,0.01,ASK
1444612365,1585.33,0.01,ASK
1444612367,1585.21,0.01,ASK
1444612372,1585.23,0.01,ASK
1444612374,1585.23,0.003,ASK
1444612374,1585.22,0.007,ASK
1444612376,1585.22,0.01,ASK
1444612378,1585.22,0.01,ASK
1444612380,1585.28,0.01,ASK
1444612382,1585.36,0.013,BID
1444612382,1585.37,0.26,BID
1444612382,1585.55,0.0212,BID
1444612382,1585.55,0.1587,BID
1444612382,1585.56,0.4242,BID
1444612382,1585.6,0.01,ASK
1444612384,1585.6,0.5694,ASK
1444612384,1585.6,0.2,ASK
1444612384,1585.6,0.01,ASK
1444612384,1585.6,0.4,ASK
1444612384,1585.6,0.603,ASK
1444612384,1585.6,0.3,ASK
1444612384,1585.6,0.8,ASK
1444612384,1585.6,0.4,ASK
1444612384,1585.6,1.0,ASK
1444612384,1585.6,0.6,ASK
1444612386,1585.61,0.5258,ASK
1444612386,1585.6,0.7622,ASK
1444612386,1585.6,0.2,ASK
1444612386,1585.6,0.4287,ASK
1444612387,1585.6,0.01,ASK
1444612388,1585.6,0.65,ASK
1444612388,1585.6,0.024,ASK
1444612388,1585.61,0.01,BID
1444612389,1585.62,0.1,ASK
1444612389,1585.62,0.2111,ASK
1444612389,1585.6,2.0838,ASK
1444612389,1585.6,0.65,ASK
1444612390,1585.61,0.6,ASK
1444612390,1585.6,0.05,ASK
1444612391,1585.6,1.0,ASK
1444612391,1585.63,0.2362,ASK
1444612391,1585.6,0.3998,ASK
1444612391,1585.6,0.2,ASK
1444612392,1585.6,0.65,ASK
1444612393,1585.6,0.01,ASK
1444612393,1585.6,0.65,ASK
1444612393,1585.6,0.1,ASK
1444612394,1585.6,0.65,ASK
1444612395,1585.61,0.202,ASK
1444612395,1585.6,0.448,ASK
1444612397,1585.6,0.1,ASK
1444612397,1585.6,0.15,ASK
1444612398,1585.6,1.0,ASK
1444612398,1585.61,0.06,ASK
1444612398,1585.6,0.5081,ASK
1444612400,1585.6,0.2,ASK
1444612401,1585.6,0.01,ASK
1444612403,1585.6,0.01,ASK
1444612404,1585.61,0.0186,ASK
1444612404,1585.6,0.1814,ASK
1444612404,1585.6,1.0,ASK
1444612405,1585.6,0.01,ASK
1444612408,1585.6,0.2,ASK
1444612408,1585.6,0.2,ASK
1444612410,1585.79,0.5258,BID
1444612410,1585.8,0.0186,BID
1444612410,1585.8,0.1667,BID
1444612410,1585.8,0.025,BID
1444612410,1585.81,0.0806,BID
1444612410,1585.81,0.0101,BID
1444612410,1585.81,0.3532,BID
1444612411,1585.6,1.0,ASK
1444612412,1585.8,0.01,ASK
1444612412,1585.8,0.2,ASK
1444612412,1585.8,0.01,ASK
1444612413,1585.8,0.3058,ASK
1444612413,1585.61,0.5258,ASK
1444612413,1585.61,0.1554,ASK
1444612413,1585.6,15.0177,ASK
1444612413,1585.61,0.2,ASK
1444612413,1585.61,0.1066,ASK
1444612413,1585.6,1.8934,ASK
1444612414,1585.62,0.0263,ASK
1444612414,1585.6,0.4995,ASK
1444612414,1585.6,0.05,ASK
1444612414,1585.6,2.58,ASK
1444612416,1585.6,0.1,ASK
1444612418,1585.61,0.015,ASK
1444612418,1585.6,0.185,ASK
1444612418,1585.6,0.6,ASK
1444612419,1585.6,0.2,ASK
1444612419,1585.6,1.0,ASK
1444612419,1585.6,0.015,ASK
1444612419,1585.6,0.01,ASK
1444612420,1585.6,0.1,ASK
1444612420,1585.6,0.01,ASK
1444612421,1585.6,0.305,ASK
1444612421,1585.6,0.17,ASK
1444612421,1585.6,0.144,ASK
1444612422,1585.61,0.3,ASK
1444612422,1585.61,0.306,ASK
1444612423,1585.61,0.36,ASK
1444612423,1585.61,0.306,ASK
1444612423,1585.61,0.1,ASK
1444612423,1585.61,0.01,ASK
1444612423,1585.61,0.305,ASK
1444612424,1585.61,0.142,ASK
1444612425,1585.61,0.0134,ASK
1444612425,1585.61,0.2,ASK
1444612426,1585.61,1.0,ASK
1444612427,1585.61,0.1,ASK
1444612427,1585.61,0.164,ASK
1444612427,1585.61,0.305,ASK
1444612428,1585.61,0.13,ASK
1444612429,1585.61,6.2586,ASK
1444612429,1585.6,0.1423,ASK
1444612429,1585.28,0.03,ASK
1444612429,1585.22,0.233,ASK
1444612431,1585.22,0.4,BID
1444612432,1585.22,0.6308,BID
1444612433,1585.22,1.141,BID
1444612433,1585.22,0.01,BID
1444612433,1585.22,1.141,BID
1444612433,1585.22,0.6308,BID
1444612434,1585.22,0.6308,BID
1444612435,1585.22,0.6308,BID
1444612436,1585.22,0.01,BID
1444612437,1585.22,0.6308,BID
1444612438,1585.22,0.6308,BID
1444612438,1585.22,0.01,BID
1444612439,1585.22,0.6308,BID
1444612440,1585.22,0.01,BID
1444612440,1585.22,0.6308,BID
1444612441,1585.22,0.156,BID
1444612442,1585.23,0.4748,ASK
1444612442,1585.21,0.01,BID
1444612443,1585.21,0.156,BID
1444612444,1585.21,0.0802,BID
1444612444,1585.22,0.4748,BID
1444612444,1585.4,0.06,BID
1444612444,1585.72,0.001,BID
1444612444,1585.72,0.0294,BID
1444612444,1585.73,0.6,BID
1444612444,1585.73,0.0118,BID
1444612444,1585.74,0.2354,BID
1444612444,1585.76,0.025,BID
1444612444,1585.77,0.5,BID
1444612444,1585.79,0.5158,BID
1444612444,1585.8,0.3066,BID
1444612444,1585.82,0.202,BID
1444612444,1585.83,0.008,BID
1444612444,1586.0,0.3,BID
1444612444,1586.03,0.001,BID
1444612444,1586.12,0.262,BID
1444612444,1586.23,0.004,BID
1444612444,1586.45,1.383,BID
1444612444,1585.22,0.2462,ASK
1444612444,1585.2,0.0998,ASK
1444612445,1585.21,1.0,BID
1444612445,1585.21,6.0,BID
1444612445,1585.21,5.288,BID
1444612445,1585.21,3.0,BID
1444612445,1585.21,7.289,BID
1444612445,1585.23,0.01,BID
1444612453,1585.31,0.01,ASK
1444612457,1585.33,0.01,ASK
1444612459,1585.33,0.01,ASK
1444612460,1585.86,0.0263,BID
1444612460,1585.87,0.01,BID
1444612460,1585.88,0.0017,BID
1444612462,1585.34,0.01,ASK
1444612464,1585.34,0.01,ASK
1444612465,1585.35,0.0183,ASK
1444612465,1585.34,0.0217,ASK
1444612467,1585.35,0.01,ASK
1444612471,1585.53,0.1,ASK
1444612474,1585.53,0.12,ASK
1444612476,1585.35,0.0094,ASK
1444612476,1585.35,0.0006,ASK
1444612481,1585.34,0.133,ASK
1444612481,1585.34,0.087,ASK
1444612481,1585.34,0.1138,ASK
1444612481,1585.33,0.1052,ASK
1444612482,1585.37,0.1,ASK
1444612482,1585.33,0.2338,ASK
1444612483,1585.33,0.22,ASK
1444612484,1585.33,0.01,ASK
1444612485,1585.6,0.08,ASK
1444612485,1585.33,0.011,ASK
1444612485,1585.32,0.3838,ASK
1444612487,1585.36,0.08,BID
1444612489,1585.61,0.0002,ASK
1444612489,1585.37,0.0098,ASK
1444612490,1585.68,0.0157,BID
1444612490,1585.79,0.1123,BID
1444612490,1585.79,0.5258,BID
1444612490,1585.8,3.0,BID
1444612490,1585.8,0.0139,BID
1444612490,1585.81,0.0993,BID
1444612490,1585.81,0.0802,BID
1444612490,1585.86,0.2008,BID
1444612490,1585.94,0.214,BID
1444612490,1585.94,0.738,BID
1444612490,1585.37,0.01,ASK
1444612491,1585.37,0.0602,ASK
1444612492,1585.37,0.0398,BID
1444612492,1585.37,0.01,BID
1444612496,1585.39,0.0268,ASK
1444612496,1585.38,0.06,ASK
1444612496,1585.34,0.0332,ASK
1444612500,1585.39,0.01,ASK
1444612500,1585.39,0.07,ASK
1444612504,1585.4,0.1,ASK
1444612505,1585.4,0.09,ASK
1444612506,1585.4,0.1,ASK
1444612509,1585.4,0.0058,ASK
1444612509,1585.39,0.0042,ASK
1444612522,1585.41,0.01,ASK
1444612530,1585.42,0.01,ASK
1444612538,1585.43,0.01,ASK
1444612546,1585.44,0.01,ASK
1444612548,1585.44,0.0385,ASK
1444612548,1585.43,0.0415,ASK
1444612549,1585.43,0.0385,ASK
1444612555,1585.52,0.01,ASK
1444612556,1585.52,0.04,ASK
1444612556,1585.43,0.1,ASK
1444612558,1585.51,0.0203,BID
1444612559,1585.51,0.0297,BID
1444612560,1585.52,0.0203,ASK
1444612560,1585.43,0.0797,ASK
1444612561,1585.52,0.05,ASK
1444612561,1585.43,0.0476,ASK
1444612561,1585.42,0.0297,ASK
1444612563,1585.42,0.01,ASK
1444612566,1585.42,0.1162,ASK
1444612566,1585.41,0.1738,ASK
1444612566,1585.4,0.0015,ASK
1444612566,1585.4,0.0123,ASK
1444612566,1585.39,0.2458,ASK
1444612569,1585.32,0.0265,ASK
1444612569,1585.31,0.1577,ASK
1444612569,1585.3,0.0019,ASK
1444612571,1585.3,0.01,ASK
1444612579,1585.3,0.01,ASK
1444612587,1585.3,0.01,ASK
1444612588,1585.31,0.0265,BID
1444612589,1585.31,4.3062,ASK
1444612592,1585.41,0.1262,BID
1444612592,1585.5,0.06,BID
1444612592,1585.51,0.0203,BID
1444612592,1585.64,0.0203,BID
1444612592,1585.67,0.0485,BID
1444612594,1585.68,0.705,ASK
1444612594,1585.68,0.017,ASK
1444612594,1585.68,0.0498,ASK
1444612595,1585.68,0.9529,ASK
1444612596,1585.42,0.01,ASK
1444612604,1585.42,0.01,ASK
1444612605,1585.42,0.05,ASK
1444612605,1585.42,0.0562,ASK
1444612611,1585.34,0.01,ASK
1444612612,1585.34,0.28,ASK
1444612612,1585.32,0.0265,ASK
1444612612,1585.31,3.9207,ASK
1444612617,1585.33,0.29,BID
1444612620,1585.41,0.1089,BID
1444612620,1585.34,0.01,ASK
1444612621,1585.41,0.0073,BID
1444612621,1585.42,0.001,BID
1444612628,1585.42,0.01,ASK
1444612633,1585.43,0.08,ASK
1444612634,1585.44,0.3032,ASK
1444612636,1585.63,0.0152,BID
1444612636,1585.64,0.3032,BID
1444612636,1585.65,0.19,BID
1444612636,1585.66,0.0325,BID
1444612636,1585.67,0.1091,BID
1444612636,1585.43,0.01,ASK
1444612638,1585.65,0.3032,ASK
1444612644,1585.43,0.01,ASK
1444612647,1585.43,0.2032,ASK
1444612647,1585.42,0.0598,ASK
1444612648,1585.42,0.0381,ASK
1444612649,1585.35,0.014,ASK
1444612649,1585.34,0.086,ASK
1444612651,1585.34,0.01,ASK
1444612652,1585.34,0.184,ASK
1444612657,1585.32,0.0336,ASK
1444612657,1585.31,0.1464,ASK
1444612659,1585.31,0.0936,ASK
1444612660,1585.31,0.01,ASK
1444612661,1585.31,0.2,ASK
1444612662,1585.31,0.65,ASK
1444612663,1585.31,0.6347,ASK
1444612663,1585.3,0.0153,ASK
1444612664,1585.3,0.65,ASK
1444612666,1585.3,0.119,ASK
1444612667,1585.3,0.65,ASK
1444612668,1585.3,0.65,ASK
1444612668,1585.3,0.01,ASK
1444612675,1585.3,0.303,ASK
1444612677,1585.3,0.01,ASK
1444612682,1585.33,0.194,BID
1444612685,1585.34,0.01,ASK
1444612693,1585.34,0.01,ASK
1444612701,1585.41,0.0118,BID
1444612701,1585.42,0.2351,BID
1444612701,1585.52,0.001,BID
1444612701,1585.66,0.027,BID
1444612701,1585.67,0.2651,BID
1444612701,1585.34,0.01,ASK
1444612709,1585.35,0.01,ASK
1444612711,1585.36,0.0194,ASK
1444612711,1585.35,0.1839,ASK
1444612711,1585.35,0.1939,ASK
1444612711,1585.35,0.0101,ASK
1444612711,1585.34,0.164,ASK
1444612711,1585.33,1.806,ASK
1444612711,1585.32,0.06,ASK
1444612711,1585.3,1.5484,ASK
1444612712,1585.48,0.0176,ASK
1444612717,1585.34,0.3702,BID
1444612717,1585.51,0.1137,BID
1444612717,1585.52,2.0961,BID
1444612718,1585.31,0.01,ASK
1444612718,1585.52,0.0359,BID
1444612718,1585.64,0.0194,BID
1444612718,1585.65,0.1939,BID
1444612718,1585.65,0.1939,BID
1444612718,1585.66,0.0138,BID
1444612718,1585.67,0.2758,BID
1444612718,1585.7,0.4162,BID
1444612718,1585.7,0.1659,BID
1444612718,1585.86,0.1838,BID
1444612718,1585.86,0.0015,BID
1444612718,1585.88,0.2958,BID
1444612718,1585.89,0.2041,BID
1444612726,1585.37,0.01,ASK
1444612728,1585.37,0.17,ASK
1444612729,1585.38,0.0178,ASK
1444612729,1585.37,0.1522,ASK
1444612729,1585.37,0.0338,ASK
1444612729,1585.36,0.0185,ASK
1444612729,1585.36,0.033,ASK
1444612732,1585.37,0.0384,ASK
1444612732,1585.36,0.0516,ASK
1444612734,1585.37,0.01,ASK
1444612742,1585.38,0.01,ASK
1444612742,1585.38,0.09,ASK
1444612744,1585.38,0.16,ASK
1444612745,1585.38,0.09,ASK
1444612751,1585.38,0.01,ASK
1444612756,1585.47,0.3032,BID
1444612756,1585.48,0.0384,BID
1444612756,1585.48,0.0716,BID
1444612756,1585.49,0.0249,BID
1444612756,1585.5,0.0609,BID
1444612757,1585.39,3.0,BID
1444612757,1585.39,4.0,BID
1444612757,1585.39,1.621,BID
1444612759,1585.38,0.01,ASK
1444612761,1585.38,0.0554,ASK
1444612761,1585.37,0.0546,ASK
1444612761,1585.37,0.007,ASK
1444612761,1585.36,0.0484,ASK
1444612761,1585.36,0.0185,ASK
1444612761,1585.35,0.0361,ASK
1444612761,1585.35,0.11,ASK
1444612767,1585.36,0.01,ASK
1444612768,1585.36,0.0461,ASK
1444612775,1585.35,0.01,ASK
1444612782,1585.35,0.01,ASK
1444612788,1585.36,0.0879,BID
1444612788,1585.46,0.023,BID
1444612788,1585.47,0.3489,BID
1444612790,1585.37,0.01,ASK
1444612799,1585.38,0.05,ASK
1444612799,1585.38,0.0041,ASK
1444612799,1585.37,0.0059,ASK
1444612800,1585.37,0.0541,ASK
1444612804,1585.37,0.008,ASK
1444612807,1585.37,0.0099,ASK
1444612807,1585.37,0.0001,ASK
1444612815,1585.37,0.01,ASK
1444612818,1585.36,0.2364,ASK
1444612818,1585.35,0.0036,ASK
1444612819,1585.46,0.0541,BID
1444612819,1585.47,0.1109,BID
1444612825,1585.47,0.01,ASK
1444612832,1585.47,0.01,ASK
1444612840,1585.47,0.01,ASK
1444612848,1585.47,0.01,ASK
1444612852,1585.48,0.0561,BID
1444612853,1585.49,0.0208,BID
1444612853,1585.49,0.0353,BID
1444612860,1585.48,0.01,ASK
1444612860,1585.48,0.1,ASK
1444612861,1585.48,0.2596,ASK
1444612864,1585.48,0.08,ASK
1444612868,1585.48,0.01,ASK
1444612874,1585.48,0.0843,ASK
1444612874,1585.48,0.0157,ASK
1444612877,1585.48,0.01,ASK
1444612884,1585.48,0.1133,ASK
1444612884,1585.48,0.01,ASK
1444612884,1585.48,0.011,ASK
1444612884,1585.47,0.0541,ASK
1444612884,1585.47,0.4936,ASK
1444612885,1585.47,0.01,ASK
1444612893,1585.47,0.01,ASK
1444612901,1585.47,0.01,ASK
1444612909,1585.47,0.01,ASK
1444612911,1585.49,0.1573,BID
1444612911,1585.49,0.0198,BID
1444612911,1585.5,0.0721,BID
1444612911,1585.5,0.366,BID
1444612911,1585.67,0.06,BID
1444612911,1586.01,0.0107,BID
1444612911,1586.01,0.014,BID
1444612911,1586.02,0.17,BID
1444612911,1586.05,0.1918,BID
1444612911,1586.35,4.9934,BID
1444612917,1585.5,0.01,ASK
1444612927,1585.55,0.01,ASK
1444612936,1585.56,0.01,ASK
1444612936,1585.56,0.05,ASK
1444612936,1585.54,0.0111,ASK
1444612936,1585.53,0.2863,ASK
1444612936,1585.53,0.0152,ASK
1444612936,1585.52,0.0094,ASK
1444612937,1585.52,0.4679,ASK
1444612937,1585.5,0.1671,ASK
1444612937,1585.5,0.0182,ASK
1444612937,1585.49,0.3468,ASK
1444612937,1585.49,0.2,ASK
1444612937,1585.49,0.838,ASK
1444612937,1585.48,0.05,ASK
1444612938,1585.48,0.0474,ASK
1444612938,1585.48,0.3477,ASK
1444612938,1585.47,0.0728,ASK
1444612938,1585.47,0.1,ASK
1444612940,1585.47,0.4,ASK
1444612941,1585.47,0.1,ASK
1444612941,1585.47,0.0041,ASK
1444612941,1585.47,0.405,ASK
1444612941,1585.47,0.6,ASK
1444612941,1585.47,0.3,ASK
1444612941,1585.47,0.4,ASK
1444612942,1585.47,0.935,ASK
1444612942,1585.47,0.0041,ASK
1444612943,1585.47,0.8,ASK
1444612943,1585.47,1.047,ASK
1444612943,1585.47,0.467,ASK
1444612943,1585.47,0.0041,ASK
1444612944,1585.47,1.0,ASK
1444612944,1585.47,0.01,ASK
1444612945,1585.47,0.2,ASK
1444612945,1585.47,0.398,ASK
1444612945,1585.47,0.2,ASK
1444612946,1585.47,0.1,ASK
1444612946,1585.47,1.2236,ASK
1444612947,1585.47,0.6957,ASK
1444612947,1585.4,0.22,ASK
1444612947,1585.35,0.0843,ASK
1444612948,1585.35,0.1162,ASK
1444612948,1585.33,0.5795,ASK
1444612949,1585.33,0.1,ASK
1444612949,1585.33,0.2,ASK
1444612952,1585.33,0.1,ASK
1444612952,1585.33,0.01,ASK
1444612952,1585.33,0.17,ASK
1444612960,1585.34,0.01,ASK
1444612968,1585.34,0.01,ASK
1444612976,1585.34,0.01,ASK
1444612985,1585.34,0.01,ASK
1444612992,1585.43,0.0127,BID
1444612992,1585.44,0.2533,BID
1444612992,1585.44,0.062,BID
1444612993,1585.35,0.01,ASK
1444612993,1585.34,0.0223,ASK
1444612993,1585.34,0.1297,ASK
1444613005,1585.44,0.0003,BID
1444613005,1585.45,0.0109,BID
1444613005,1585.46,0.2188,BID
1444613005,1585.46,0.0001,BID
1444613007,1585.55,0.01,BID
1444613009,1585.55,0.01,BID
1444613010,1585.47,0.2299,ASK
1444613011,1585.47,0.01,BID
1444613017,1585.35,0.0128,ASK
1444613017,1585.35,0.0108,ASK
1444613017,1585.34,3.9562,ASK
1444613023,1585.41,0.01,ASK
1444613031,1585.42,0.01,ASK
1444613033,1585.42,0.0098,ASK
1444613033,1585.41,0.2422,ASK
1444613033,1585.4,4.3849,ASK
1444613040,1585.4,0.01,ASK
1444613046,1585.41,0.001,ASK
1444613048,1585.41,0.01,ASK
1444613050,1585.41,0.0448,ASK
1444613050,1585.4,0.1152,ASK
1444613051,1585.4,0.0548,ASK
1444613054,1585.4,0.17,ASK
1444613055,1585.4,0.1257,ASK
1444613056,1585.4,0.01,ASK
1444613056,1585.4,0.17,ASK
1444613056,1585.5,0.0203,BID
1444613056,1585.51,0.4068,BID
1444613056,1585.51,0.0558,BID
1444613056,1585.52,0.0126,BID
1444613056,1585.52,0.0198,BID
1444613056,1585.53,0.2522,BID
1444613056,1585.53,0.0177,BID
1444613056,1585.54,0.3545,BID
1444613058,1585.55,0.335,ASK
1444613058,1585.55,0.435,ASK
1444613059,1585.55,0.01,ASK
1444613060,1585.55,0.05,ASK
1444613060,1585.55,0.451,ASK
1444613061,1585.55,0.655,ASK
1444613061,1585.55,0.01,ASK
1444613061,1585.55,0.2,ASK
1444613061,1585.55,0.1,ASK
1444613064,1585.55,0.01,ASK
1444613064,1585.55,0.1,ASK
1444613065,1585.55,0.11,ASK
1444613067,1585.55,0.1,ASK
1444613069,1585.55,0.07,ASK
1444613070,1585.55,0.1,ASK
1444613070,1585.74,0.001,BID
1444613072,1585.56,0.01,ASK
1444613072,1585.56,0.1,ASK
1444613072,1585.56,0.18,ASK
1444613073,1585.73,8.0,ASK
1444613073,1585.73,13.184,ASK
1444613075,1585.57,0.0101,ASK
1444613075,1585.56,0.0077,ASK
1444613075,1585.56,0.0822,ASK
1444613078,1585.57,0.0102,ASK
1444613078,1585.56,0.0898,ASK
1444613080,1585.56,0.01,ASK
1444613086,1585.58,0.1388,ASK
1444613086,1585.56,0.0012,ASK
1444613088,1585.56,0.01,ASK
1444613089,1585.56,0.08,ASK
1444613096,1585.56,0.01,ASK
1444613096,1585.56,0.0232,ASK
1444613096,1585.56,0.0203,ASK
1444613096,1585.56,0.01,ASK
1444613096,1585.55,0.0365,ASK
1444613104,1585.57,0.01,ASK
1444613106,1585.57,0.001,ASK
1444613106,1585.57,0.1,ASK
1444613109,1585.57,0.2,ASK
1444613112,1585.57,0.01,ASK
1444613113,1585.57,0.1,ASK
1444613118,1585.7,0.001,BID
1444613121,1585.57,0.0129,ASK
1444613121,1585.56,0.1871,ASK
1444613124,1585.58,0.1,ASK
1444613131,1585.58,0.01,ASK
1444613136,1585.58,0.0062,ASK
1444613136,1585.56,0.1838,ASK
1444613137,1585.56,0.01,ASK
1444613140,1585.56,0.17,ASK
1444613143,1585.56,0.01,ASK
1444613145,1585.57,0.0223,ASK
1444613145,1585.56,0.1777,ASK
1444613146,1585.56,0.1,ASK
1444613148,1585.56,0.2,ASK
1444613148,1585.56,0.01,ASK
1444613152,1585.56,0.2,ASK
1444613153,1585.56,0.1,ASK
1444613154,1585.56,0.01,ASK
1444613154,1585.64,12.0,ASK
1444613154,1585.64,1.355,ASK
1444613156,1585.56,0.1,ASK
1444613159,1585.56,0.1,ASK
1444613160,1585.56,0.74,ASK
1444613160,1585.56,0.74,ASK
1444613161,1585.56,0.206,ASK
1444613161,1585.56,0.216,ASK
1444613161,1585.56,0.206,ASK
1444613161,1585.56,0.01,ASK
1444613161,1585.56,0.2,ASK
1444613162,1585.56,0.01,ASK
1444613162,1585.56,0.089,ASK
1444613165,1585.56,0.2,ASK
1444613165,1585.56,0.2,ASK
1444613166,1585.56,0.01,ASK
1444613169,1585.56,0.18,ASK
1444613170,1585.65,1.0,ASK
1444613170,1585.65,12.0,ASK
1444613170,1585.65,5.395,ASK
1444613171,1585.66,0.0223,BID
1444613171,1585.67,0.0124,BID
1444613171,1585.68,0.1066,BID
1444613171,1585.68,0.1327,BID
1444613171,1585.69,0.1162,BID
1444613171,1585.7,0.0232,BID
1444613171,1585.71,0.485,BID
1444613171,1585.72,0.1388,BID
1444613171,1585.73,0.0153,BID
1444613171,1585.74,0.3064,BID
1444613171,1585.76,0.2863,BID
1444613171,1585.76,0.06,BID
1444613171,1585.77,0.3477,BID
1444613171,1585.93,0.001,BID
1444613172,1586.0,0.009,ASK
1444613173,1586.0,1.18,ASK
1444613173,1586.0,0.1685,ASK
1444613174,1585.67,0.01,ASK
1444613174,1585.67,0.0123,ASK
1444613174,1585.57,0.0242,ASK
1444613174,1585.57,0.0124,ASK
1444613174,1585.57,0.0153,ASK
1444613174,1585.56,2.8588,ASK
1444613174,1585.65,0.0287,BID
1444613179,1585.69,0.0089,ASK
1444613180,1585.56,0.01,ASK
1444613184,1585.57,0.3572,ASK
1444613184,1585.56,0.9758,ASK
1444613185,1585.56,0.0223,ASK
1444613185,1585.56,0.01,ASK
1444613188,1585.56,0.2,ASK
1444613191,1585.56,0.01,ASK
1444613192,1585.56,0.2,ASK
1444613194,1585.56,0.2,ASK
1444613196,1585.56,0.2,ASK
1444613197,1585.56,0.01,ASK
1444613200,1585.56,0.2,ASK
1444613202,1585.56,0.01,ASK
1444613206,1585.56,0.11,ASK
1444613211,1585.56,0.01,ASK
1444613217,1585.56,0.11,ASK
1444613217,1585.56,0.01,ASK
1444613223,1585.56,0.01,ASK
1444613225,1585.57,20.306,ASK
1444613229,1585.56,0.01,ASK
1444613235,1585.56,0.01,ASK
1444613241,1585.56,0.01,ASK
1444613247,1585.56,0.01,ASK
1444613253,1585.56,0.01,ASK
1444613258,1585.56,0.01,ASK
1444613264,1585.56,0.01,ASK
1444613271,1585.56,0.01,ASK
1444613276,1585.56,0.1975,ASK
1444613276,1585.56,0.0025,ASK
1444613277,1585.56,0.01,ASK
1444613278,1585.57,3.952,ASK
1444613280,1585.56,0.2,ASK
1444613285,1585.56,0.01,ASK
1444613289,1585.56,0.13,ASK
1444613290,1585.56,0.065,ASK
1444613290,1585.55,0.095,ASK
1444613292,1585.55,0.01,ASK
1444613293,1585.55,0.09,ASK
1444613298,1585.64,0.001,BID
1444613299,1585.55,0.01,ASK
1444613305,1585.64,0.0169,BID
1444613305,1585.65,0.1857,BID
1444613308,1585.65,0.12,BID
1444613309,1585.65,0.0515,BID
1444613309,1585.66,0.08,BID
1444613310,1585.66,0.04,ASK
1444613310,1585.64,0.0325,BID
1444613311,1585.66,0.01,ASK
1444613317,1585.66,0.01,ASK
1444613324,1585.67,0.01,ASK
1444613338,1585.67,0.01,ASK
1444613345,1585.67,0.01,ASK
1444613351,1585.67,0.01,ASK
1444613353,1585.76,13.0,ASK
1444613353,1585.76,1.583,ASK
1444613357,1585.68,0.01,ASK
1444613363,1585.68,0.0079,ASK
1444613363,1585.67,0.0021,ASK
1444613369,1585.67,0.01,ASK
1444613375,1585.67,0.01,ASK
1444613378,1585.67,0.1889,ASK
1444613378,1585.67,0.0998,ASK
1444613378,1585.67,6.3962,ASK
1444613379,1585.67,0.224,ASK
1444613381,1585.68,0.3,BID
1444613381,1585.67,0.01,ASK
1444613382,1585.68,9.458,BID
1444613382,1585.68,0.6306,BID
1444613383,1585.68,0.6306,BID
1444613384,1585.68,0.6306,BID
1444613385,1585.68,0.6306,BID
1444613386,1585.67,0.01,ASK
1444613387,1585.68,0.6306,BID
1444613389,1585.68,0.6306,BID
1444613390,1585.68,0.6306,BID
1444613391,1585.68,0.6306,BID
1444613392,1585.68,0.6306,BID
1444613393,1585.66,0.01,ASK
1444613393,1585.68,0.6306,BID
1444613394,1585.68,0.6306,BID
1444613395,1585.68,0.6306,BID
1444613396,1585.68,0.6306,BID
1444613398,1585.68,0.6306,BID
1444613399,1585.66,0.01,ASK
1444613399,1585.68,0.6306,BID
1444613400,1585.68,0.6306,BID
1444613401,1585.68,0.6306,BID
1444613403,1585.68,0.6306,BID
1444613404,1585.68,0.6306,BID
1444613405,1585.66,0.099,ASK
1444613405,1585.57,0.011,ASK
1444613405,1585.57,0.0104,ASK
1444613405,1585.56,0.1002,ASK
1444613405,1585.56,0.0725,ASK
1444613405,1585.56,0.4175,ASK
1444613405,1585.56,0.0145,ASK
1444613405,1585.55,25.4749,ASK
1444613405,1585.68,0.6306,BID
1444613418,1585.56,0.01,ASK
1444613432,1585.56,0.2917,ASK
1444613432,1585.55,5.0569,ASK
1444613433,1585.59,0.2917,ASK
1444613434,1585.65,0.099,BID
1444613434,1585.67,0.6,BID
1444613434,1585.67,0.376,BID
1444613434,1585.67,0.105,BID
1444613435,1585.66,0.099,ASK
1444613436,1585.55,0.4939,ASK
1444613437,1585.55,0.0247,BID
1444613437,1585.55,0.007,BID
1444613438,1585.55,0.2366,BID
1444613442,1585.55,0.6533,BID
1444613443,1585.55,0.6307,BID
1444613443,1585.55,0.01,BID
1444613444,1585.55,0.6307,BID
1444613445,1585.55,0.01,BID
1444613445,1585.55,0.6307,BID
1444613446,1585.55,0.001,BID
1444613446,1585.55,0.6307,BID
1444613447,1585.55,0.6307,BID
1444613448,1585.55,0.6307,BID
1444613449,1585.55,0.6307,BID
1444613450,1585.55,3.0,BID
1444613450,1585.55,0.01,BID
1444613450,1585.55,0.6307,BID
1444613451,1585.55,8.0386,BID
1444613455,1585.64,0.01,BID
1444613463,1585.64,0.0018,BID
1444613463,1585.64,0.01,BID
1444613463,1585.65,0.2366,BID
1444613463,1585.66,0.007,BID
1444613463,1585.66,0.0642,BID
1444613463,1585.67,1.109,BID
1444613463,1585.67,0.2744,BID
1444613463,1585.67,0.497,BID
1444613466,1585.66,0.0723,BID
1444613466,1585.67,0.022,BID
1444613466,1585.68,0.3057,BID
1444613466,1585.68,0.6,BID
1444613466,1585.68,0.6,BID
1444613466,1585.68,0.4,BID
1444613466,1585.68,1.074,BID
1444613466,1585.68,0.8,BID
1444613467,1585.68,0.011,BID
1444613468,1585.68,0.022,BID
1444613469,1585.68,0.498,BID
1444613469,1585.68,0.44,BID
1444613469,1585.68,0.018,BID
1444613470,1585.68,0.6306,BID
1444613472,1585.68,0.6306,BID
1444613473,1585.68,0.6306,BID
1444613473,1585.68,0.3,BID
1444613474,1585.68,0.6306,BID
1444613474,1585.68,0.01,BID
1444613475,1585.68,0.154,BID
1444613475,1585.68,0.6306,BID
1444613476,1585.68,0.6306,BID
1444613477,1585.68,0.6306,BID
1444613478,1585.68,0.6306,BID
1444613479,1585.68,0.6306,BID
1444613479,1585.68,0.01,BID
1444613480,1585.68,0.6306,BID
1444613481,1585.68,0.01,BID
1444613482,1585.68,0.6306,BID
1444613483,1585.68,0.01,BID
1444613483,1585.68,0.6306,BID
1444613484,1585.68,0.6306,BID
1444613485,1585.68,0.367,BID
1444613485,1585.68,0.01,BID
1444613487,1585.68,0.01,BID
1444613488,1585.68,0.394,BID
1444613490,1585.68,0.01,BID
1444613491,1585.68,0.397,BID
1444613491,1585.68,0.01,BID
1444613492,1585.68,0.34,BID
1444613495,1585.68,0.01,BID
1444613497,1585.68,0.01,BID
1444613501,1585.68,0.02,BID
1444613504,1585.68,0.234,BID
1444613508,1585.68,6.3575,BID
1444613508,1585.77,0.04,BID
1444613515,1585.77,0.028,BID
1444613518,1585.76,0.01,BID
1444613518,1585.76,0.0187,BID
1444613518,1585.77,0.0713,BID
1444613519,1585.77,0.4,BID
1444613519,1585.77,0.59,BID
1444613519,1585.77,0.4,BID
1444613519,1585.77,0.3,BID
1444613519,1585.77,0.59,BID
1444613520,1585.76,22.0,BID
1444613520,1585.76,1.807,BID
1444613521,1585.77,0.01,BID
1444613522,1585.77,0.454,BID
1444613523,1585.77,0.01,BID
1444613525,1585.77,0.01,BID
1444613526,1585.77,0.419,BID
1444613528,1585.77,0.01,BID
1444613529,1585.77,0.0299,BID
1444613529,1585.77,0.01,BID
1444613535,1585.77,0.138,BID
1444613536,1585.77,0.01,BID
1444613537,1585.77,0.01,BID
1444613542,1585.77,0.01,BID
1444613544,1585.77,0.031,BID
1444613544,1585.77,0.01,BID
1444613545,1585.77,0.0188,BID
1444613545,1585.78,0.051,BID
1444613547,1585.78,0.059,BID
1444613549,1585.78,0.01,BID
1444613549,1585.78,0.01,BID
1444613549,1585.78,0.121,BID
1444613549,1585.79,0.0089,BID
1444613551,1585.8,0.01,BID
1444613552,1585.8,0.01,BID
1444613553,1585.8,0.01,BID
1444613554,1585.8,0.01,BID
1444613556,1585.8,0.011,BID
1444613556,1585.8,0.01,BID
1444613556,1585.8,0.139,BID
1444613567,1586.02,0.049,ASK
1444613580,1586.37,0.01,BID
1444613592,1586.36,0.347,BID
1444613593,1586.35,0.0995,BID
1444613596,1586.39,0.2469,BID
1444613596,1586.39,0.0711,BID
1444613599,1586.39,0.01,BID
1444613599,1586.39,0.045,BID
1444613603,1586.39,0.1278,BID
1444613605,1586.49,0.01,ASK
1444613607,1586.5,0.01,ASK
1444613611,1586.5,0.01,ASK
1444613616,1586.54,0.0176,BID
1444613616,1586.68,0.0041,BID
1444613616,1586.68,0.0531,BID
1444613616,1586.69,0.0035,BID
1444613616,1586.69,0.0387,BID
1444613617,1586.69,0.0572,BID
1444613621,1586.52,0.01,ASK
1444613621,1586.52,0.0163,ASK
1444613621,1586.51,0.2917,ASK
1444613623,1586.51,0.0238,ASK
1444613623,1586.5,0.4758,ASK
1444613624,1586.5,0.0214,BID
1444613625,1586.5,0.0284,BID
1444613627,1586.51,0.0018,ASK
1444613627,1586.51,0.0198,ASK
1444613627,1586.51,0.0498,ASK
1444613630,1586.5,0.01,BID
1444613630,1586.5,0.01,BID
1444613632,1586.5,0.0016,BID
1444613634,1586.64,0.01,BID
1444613638,1586.64,0.0084,ASK
1444613639,1586.6,0.021,ASK
1444613658,1586.6,0.015,BID
1444613659,1586.6,0.0007,BID
1444613659,1586.61,0.3214,BID
1444613659,1586.63,0.0149,BID
1444613659,1586.57,0.02,ASK
1444613661,1586.57,0.1921,BID
1444613661,1586.6,0.3344,BID
1444613661,1586.6,0.0106,BID
1444613661,1586.63,0.0656,BID
1444613661,1586.65,0.0214,BID
1444613661,1586.79,0.003,BID
1444613661,1586.83,0.001,BID
1444613661,1587.0,1.0,BID
1444613662,1587.0,0.0173,ASK
1444613664,1587.0,0.133,ASK
1444613665,1587.0,0.65,ASK
1444613666,1587.0,0.1579,ASK
1444613666,1587.0,0.65,ASK
1444613667,1587.02,0.001,BID
1444613667,1587.35,0.001,BID
1444613667,1587.39,0.008,BID
1444613667,1587.0,0.65,ASK
1444613668,1587.0,0.683,ASK
1444613669,1587.0,0.65,ASK
1444613669,1587.01,0.01,ASK
1444613669,1587.01,0.02,ASK
1444613669,1587.01,0.0069,ASK
1444613669,1587.0,0.6431,ASK
1444613669,1587.0,0.01,ASK
1444613673,1587.23,0.09,ASK
1444613674,1587.22,0.09,BID
1444613675,1587.24,0.09,ASK
1444613675,1587.24,0.01,ASK
1444613675,1587.24,0.01,ASK
1444613676,1587.24,0.3254,ASK
1444613680,1587.03,0.01,BID
1444613682,1587.02,0.0293,ASK
1444613682,1587.02,0.0251,ASK
1444613682,1587.01,0.3379,ASK
1444613682,1587.01,0.0427,ASK
1444613683,1587.01,0.0192,ASK
1444613683,1587.01,0.0544,ASK
1444613684,1587.03,0.01,BID
1444613684,1587.01,0.01,ASK
1444613691,1587.02,0.01,ASK
1444613691,1587.02,0.04,ASK
1444613691,1587.01,0.01,ASK
1444613696,1587.01,0.0138,ASK
1444613696,1587.01,0.3082,ASK
1444613698,1587.01,0.01,ASK
1444613698,1587.01,0.2818,ASK
1444613698,1587.01,0.376,ASK
1444613698,1587.01,0.0489,ASK
1444613698,1587.0,0.0003,ASK
1444613699,1587.01,0.65,ASK
1444613700,1587.01,0.563,ASK
1444613700,1587.0,0.339,ASK
1444613700,1587.0,0.65,ASK
1444613701,1587.0,0.01,ASK
1444613701,1587.0,0.65,ASK
1444613702,1587.0,0.036,ASK
1444613703,1587.0,0.04,ASK
1444613703,1587.0,0.01,ASK
1444613703,1587.0,0.65,ASK
1444613703,1587.0,0.01,ASK
1444613704,1587.0,0.65,ASK
1444613705,1587.0,0.021,ASK
1444613714,1587.18,0.01,BID
1444613714,1587.18,0.0113,BID
1444613714,1587.19,0.0097,BID
1444613720,1587.18,0.0208,BID
1444613720,1587.18,0.0286,BID
1444613720,1587.19,0.4161,BID
1444613720,1587.2,0.0214,BID
1444613720,1587.21,0.08,BID
1444613720,1587.22,0.0218,BID
1444613720,1587.22,0.1,BID
1444613720,1587.23,0.3113,BID
1444613721,1587.02,0.0213,ASK
1444613721,1587.02,0.0286,ASK
1444613721,1587.01,0.1501,ASK
1444613721,1587.19,0.0208,ASK
1444613721,1587.01,0.1792,ASK
1444613722,1587.02,0.0218,ASK
1444613722,1587.02,0.0282,ASK
1444613722,1587.02,0.05,ASK
1444613722,1587.02,0.01,ASK
1444613722,1587.02,0.0118,ASK
1444613722,1587.01,0.0381,ASK
1444613722,1587.01,0.05,ASK
1444613723,1587.02,0.01,ASK
1444613723,1587.02,0.0108,ASK
1444613723,1587.01,0.0391,ASK
1444613724,1587.01,0.05,ASK
1444613724,1587.01,0.0115,ASK
1444613724,1587.01,0.0385,ASK
1444613725,1587.01,0.05,ASK
1444613725,1587.01,0.65,ASK
1444613727,1587.01,0.65,ASK
1444613728,1587.01,0.65,ASK
1444613729,1587.02,0.2975,ASK
1444613729,1587.01,0.3525,ASK
1444613729,1587.01,0.01,ASK
1444613730,1587.01,0.65,ASK
1444613731,1587.01,0.65,ASK
1444613732,1587.01,0.228,ASK
1444613732,1587.01,0.226,ASK
1444613733,1587.01,0.227,ASK
1444613733,1587.01,0.618,ASK
1444613733,1587.01,0.032,ASK
1444613733,1587.01,0.568,ASK
1444613733,1587.0,0.082,ASK
1444613733,1587.0,0.327,ASK
1444613734,1587.02,0.06,ASK
1444613734,1587.0,0.59,ASK
1444613735,1587.0,0.01,ASK
1444613740,1587.01,0.01,ASK
1444613748,1587.02,0.01,ASK
1444613756,1587.02,0.01,ASK
1444613763,1587.02,0.01,ASK
1444613785,1587.05,0.001,ASK
1444613785,1587.05,0.0275,ASK
1444613785,1587.04,0.08,ASK
1444613785,1587.03,0.0964,ASK
1444613785,1587.02,0.0048,ASK
1444613793,1587.04,0.0285,BID
1444613795,1587.07,0.01,ASK
1444613816,1587.08,0.0575,ASK
1444613816,1587.07,0.0415,ASK
1444613816,1587.05,0.0285,ASK
1444613816,1587.03,0.1842,ASK
1444613816,1587.02,0.2628,ASK
1444613816,1587.01,0.0884,ASK
1444613816,1587.01,1.1371,ASK
1444613823,1587.01,0.4959,ASK
1444613823,1587.0,7.527,ASK
1444613823,1587.07,0.0575,BID
1444613824,1587.09,0.0676,ASK
1444613824,1587.0,0.4283,ASK
1444613851,1587.13,0.0115,BID
1444613851,1587.14,0.0156,BID
1444613851,1587.15,0.3129,BID
1444613885,1587.04,0.01,ASK
1444613890,1587.04,0.0283,ASK
1444613890,1587.03,0.0156,ASK
1444613890,1587.02,0.3571,ASK
1444613890,1587.01,0.0115,ASK
1444613890,1587.0,11.0541,ASK
1444613890,1587.0,20.15,ASK
1444613892,1587.0,0.01,BID
1444613893,1587.0,0.01,BID
1444613895,1587.0,0.01,BID
1444613900,1586.99,0.2,ASK
1444613907,1586.97,0.001,BID
1444613907,1586.97,0.01,BID
1444613908,1586.96,7.0,BID
1444613908,1586.96,5.0,BID
1444613908,1586.96,3.233,BID
1444613909,1586.97,0.01,BID
1444613912,1586.97,0.01,BID
1444613914,1586.97,0.01,BID
1444613916,1586.97,0.01,BID
1444613917,1586.97,0.01,BID
1444613920,1586.96,0.06,BID
1444613920,1586.97,0.2269,BID
1444613920,1586.97,0.0152,BID
1444613920,1586.97,0.01,BID
1444613920,1586.98,0.2,BID
1444613920,1586.99,0.1082,BID
1444613920,1586.99,0.0123,BID
1444613920,1586.99,0.1744,BID
1444613920,1587.0,2.3416,BID
1444613923,1586.59,0.001,ASK
1444613923,1586.58,0.1921,ASK
1444613923,1586.52,0.1859,ASK
1444613923,1586.52,2.621,ASK
1444613928,1586.6,0.05,ASK
1444613929,1586.6,0.05,ASK
1444613930,1586.6,0.0105,ASK
1444613931,1586.6,0.0625,ASK
1444613932,1586.6,0.0125,ASK
1444613934,1586.61,0.1395,ASK
1444613934,1586.61,0.06,ASK
1444613934,1586.6,0.0295,ASK
1444613935,1586.6,0.197,ASK
1444613936,1586.6,0.0049,ASK
1444613938,1586.38,0.0889,ASK
1444613938,1586.36,0.1411,ASK
1444613939,1586.6,0.1971,BID
1444613940,1586.37,0.0889,BID
1444613940,1586.6,0.202,BID
1444613940,1586.72,2.7,BID
1444613941,1586.8,0.399,ASK
1444613941,1586.8,0.4187,ASK
1444613942,1586.8,0.6506,ASK
1444613942,1586.8,0.802,ASK
1444613942,1586.8,0.1,ASK
1444613943,1586.8,0.138,ASK
1444613943,1586.8,0.095,ASK
1444613943,1586.8,0.4,ASK
1444613943,1586.8,0.415,ASK
1444613943,1586.8,0.8,ASK
1444613943,1586.8,0.486,ASK
1444613943,1586.8,0.3,ASK
1444613943,1586.8,0.391,ASK
1444613943,1586.8,0.6,ASK
1444613943,1586.8,0.577,ASK
1444613944,1586.8,0.06,ASK
1444613944,1586.8,0.05,ASK
1444613944,1586.8,0.041,ASK
1444613944,1586.8,0.17,ASK
1444613944,1586.8,0.65,ASK
1444613944,1586.8,0.862,ASK
1444613944,1586.8,0.01,ASK
1444613944,1586.8,0.567,ASK
1444613944,1586.8,0.65,ASK
1444613945,1586.8,0.01,ASK
1444613945,1586.8,0.2,ASK
1444613945,1586.8,0.65,ASK
1444613946,1586.8,0.117,ASK
1444613946,1586.8,0.4598,ASK
1444613946,1586.62,0.02,ASK
1444613946,1586.61,0.01,ASK
