timestamp,price,amount,side
1443310879,1515.63,0.0065,BID
1443310881,1515.59,0.038,ASK
1443310881,1515.59,0.768,ASK
1443310882,1515.59,0.65,ASK
1443310883,1515.59,0.011,ASK
1443310883,1515.59,0.65,ASK
1443310884,1515.59,0.65,ASK
1443310885,1515.59,0.65,ASK
1443310891,1515.59,0.2062,ASK
1443310894,1515.59,1.6953,ASK
1443310894,1515.58,0.3047,ASK
1443310895,1515.58,0.65,ASK
1443310895,1515.68,0.0542,BID
1443310895,1515.69,0.208,BID
1443310895,1515.69,0.65,BID
1443310895,1515.69,0.0116,BID
1443310895,1515.69,0.099,BID
1443310895,1515.7,0.231,BID
1443310895,1515.76,0.042,BID
1443310895,1515.88,0.0313,BID
1443310895,1515.89,0.6479,BID
1443310895,1515.9,0.159,BID
1443310895,1516.0,0.014,BID
1443310895,1516.1,0.005,BID
1443310895,1516.13,0.005,BID
1443310895,1516.49,0.1678,BID
1443310895,1516.49,0.272,BID
1443310895,1516.69,0.005,BID
1443310895,1516.72,0.062,BID
1443310895,1516.74,0.005,BID
1443310895,1516.74,0.003,BID
1443310895,1516.75,0.3,BID
1443310895,1516.87,0.3723,BID
1443310895,1516.96,0.07,BID
1443310895,1516.99,0.309,BID
1443310895,1516.99,0.2759,BID
1443310896,1516.98,6.0,BID
1443310896,1516.98,1.0,BID
1443310896,1516.98,1.453,BID
1443310896,1515.58,0.65,ASK
1443310896,1515.58,0.65,ASK
1443310897,1515.69,0.0542,ASK
1443310897,1515.59,0.0116,ASK
1443310897,1515.59,0.0331,ASK
1443310897,1515.59,0.0542,ASK
1443310897,1515.58,0.4969,ASK
1443310898,1515.6,0.002,ASK
1443310898,1515.59,0.052,ASK
1443310898,1515.71,0.005,ASK
1443310898,1515.59,0.4531,ASK
1443310898,1515.59,0.1919,ASK
1443310903,1515.7,0.08,ASK
1443310904,1515.75,0.047,ASK
1443310905,1515.75,0.253,ASK
1443310905,1515.7,0.052,ASK
1443310906,1515.71,0.013,ASK
1443310907,1515.78,0.005,ASK
1443310907,1515.71,0.092,ASK
1443310907,1515.71,0.084,ASK
1443310909,1515.71,0.01,ASK
1443310910,1515.71,4.1105,ASK
1443310916,1515.69,0.0056,BID
1443310918,1515.69,0.0044,BID
1443310919,1515.69,0.1071,BID
1443310920,1515.69,0.6598,BID
1443310921,1515.69,0.0536,BID
1443310922,1515.69,0.6598,BID
1443310923,1515.69,0.4617,BID
1443310923,1515.7,0.01,ASK
1443310923,1515.7,0.1881,ASK
1443310923,1515.7,0.317,ASK
1443310924,1515.7,0.132,ASK
1443310925,1515.7,0.0604,ASK
1443310926,1515.7,0.01,ASK
1443310926,1515.7,0.002,ASK
1443310926,1515.7,0.1384,ASK
1443310926,1515.7,0.2044,ASK
1443310927,1515.7,0.2573,ASK
1443310927,1515.62,0.002,ASK
1443310927,1515.51,0.0407,ASK
1443310927,1515.51,0.0583,ASK
1443310927,1515.51,0.0605,ASK
1443310927,1515.5,0.1812,ASK
1443310929,1515.51,0.2573,ASK
1443310935,1515.5,0.011,ASK
1443310936,1515.5,0.1078,ASK
1443310936,1515.5,0.1392,ASK
1443310936,1515.5,0.8608,ASK
1443310936,1515.43,0.006,ASK
1443310936,1515.42,0.1332,ASK
1443310936,1515.42,0.185,ASK
1443310937,1515.66,5.0,ASK
1443310937,1515.66,11.472,ASK
1443310937,1515.66,5.0,ASK
1443310937,1515.66,2.385,ASK
1443310938,1515.49,0.2573,BID
1443310938,1515.42,0.09,ASK
1443310939,1515.49,0.3927,BID
1443310941,1515.66,0.288,ASK
1443310941,1515.66,0.1176,ASK
1443310942,1515.51,22.245,ASK
1443310943,1515.5,0.2573,ASK
1443310943,1515.5,0.1483,ASK
1443310943,1515.65,0.1397,BID
1443310944,1515.5,0.2444,ASK
1443310944,1515.42,0.65,ASK
1443310945,1515.49,0.001,BID
1443310947,1515.49,0.4046,BID
1443310947,1515.49,0.65,BID
1443310948,1515.42,0.194,ASK
1443310949,1515.5,0.65,ASK
1443310949,1515.5,0.0099,ASK
1443310949,1515.42,0.0001,ASK
1443310953,1515.43,0.065,ASK
1443310958,1515.67,0.065,BID
1443310958,1515.68,0.0631,BID
1443310958,1515.68,0.099,BID
1443310958,1515.69,0.65,BID
1443310958,1515.69,0.5471,BID
1443310958,1515.68,2.0,BID
1443310958,1515.68,10.305,BID
1443310960,1515.69,0.065,BID
1443310987,1515.71,0.0011,BID
1443310989,1515.62,7.0,BID
1443310989,1515.62,1.675,BID
1443310993,1515.71,0.0054,BID
1443310994,1516.05,3.0,BID
1443310994,1516.05,4.919,BID
1443311020,1516.0,0.08,ASK
1443311021,1516.0,0.65,ASK
1443311021,1516.0,0.3964,ASK
1443311021,1515.72,0.0253,ASK
1443311021,1515.71,0.5052,ASK
1443311021,1515.68,0.005,ASK
1443311021,1515.68,0.005,ASK
1443311021,1515.65,0.0141,ASK
1443311021,1515.64,0.257,ASK
1443311021,1515.64,0.021,ASK
1443311025,1515.64,0.098,ASK
1443311034,1515.88,0.005,ASK
1443311034,1515.64,0.005,ASK
1443311036,1515.64,0.01,ASK
1443311036,1515.98,0.5052,BID
1443311036,1515.99,0.4948,BID
1443311036,1515.96,6.0,BID
1443311036,1515.96,0.797,BID
1443311037,1515.97,0.0253,BID
1443311037,1515.98,0.0175,BID
1443311037,1515.99,0.1552,BID
1443311038,1515.99,0.0931,ASK
1443311040,1515.99,0.2141,ASK
1443311055,1515.69,0.005,ASK
1443311055,1515.66,0.0175,ASK
1443311055,1515.66,0.0028,ASK
1443311060,1515.71,0.005,ASK
1443311060,1515.68,0.005,ASK
1443311061,1515.66,0.01,ASK
1443311063,1515.96,0.0048,BID
1443311065,1515.67,0.0159,ASK
1443311066,1515.67,0.5053,ASK
1443311066,1515.67,0.0253,ASK
1443311066,1515.66,2.6522,ASK
1443311066,1515.95,0.0196,BID
1443311066,1515.96,0.3862,BID
1443311066,1515.97,0.015,BID
1443311066,1515.98,0.3072,BID
1443311066,1516.06,0.005,BID
1443311066,1516.1,0.0035,BID
1443311076,1515.71,0.005,ASK
1443311076,1515.68,0.0196,ASK
1443311076,1515.67,0.0904,ASK
1443311079,1516.08,0.0024,BID
1443311092,1516.07,0.1,BID
1443311096,1516.06,0.001,BID
1443311103,1515.94,0.005,ASK
1443311103,1515.71,0.005,ASK
1443311104,1515.68,0.01,ASK
1443311137,1516.03,0.001,BID
1443311137,1516.09,0.0061,BID
1443311156,1516.05,0.0215,BID
1443311170,1515.62,2.6566,ASK
1443311170,1515.61,2.6352,ASK
1443311171,1515.62,0.5,BID
1443311172,1515.62,0.0026,BID
1443311175,1515.62,1.106,BID
1443311176,1515.62,0.0009,BID
1443311176,1515.63,0.6589,ASK
1443311176,1515.61,6.7059,ASK
1443311177,1515.61,0.6489,ASK
1443311177,1515.6,0.0011,ASK
1443311181,1515.63,1.5,ASK
1443311181,1515.6,0.0039,ASK
1443311181,1515.59,0.005,ASK
1443311181,1515.58,2.58,BID
1443311184,1515.58,1.262,BID
1443311184,1516.09,14.026,BID
1443311185,1515.59,0.6598,BID
1443311186,1515.59,0.099,BID
1443311188,1515.6,0.6598,ASK
1443311189,1515.58,0.001,BID
1443311207,1515.41,0.0911,ASK
1443311207,1515.4,2.0,ASK
1443311207,1515.4,2.0,ASK
1443311209,1515.4,0.0353,BID
1443311210,1515.4,0.6,BID
1443311210,1515.4,0.5924,BID
1443311210,1515.4,0.0675,BID
1443311210,1515.4,0.0236,BID
1443311215,1515.57,0.01,BID
1443311215,1515.57,0.0201,BID
1443311215,1515.58,0.6012,BID
1443311216,1515.84,0.0904,ASK
1443311217,1515.84,0.2883,ASK
1443311217,1515.59,0.0904,ASK
1443311217,1515.59,0.099,ASK
1443311218,1515.59,0.122,ASK
1443311224,1515.82,0.0189,BID
1443311224,1515.83,0.1719,BID
1443311230,1515.59,0.01,ASK
1443311241,1515.79,0.019,ASK
1443311241,1515.59,0.01,ASK
1443311242,1515.59,0.019,ASK
1443311245,1515.8,0.045,ASK
1443311246,1515.59,0.045,ASK
1443311247,1515.79,0.12,BID
1443311247,1515.59,0.5172,ASK
1443311248,1515.58,0.045,BID
1443311248,1515.78,0.0166,BID
1443311249,1515.82,0.0103,BID
1443311249,1515.83,0.1097,BID
1443311252,1515.8,0.2711,ASK
1443311253,1515.58,0.0098,BID
1443311255,1515.42,0.099,ASK
1443311255,1515.41,0.1721,ASK
1443311256,1515.41,0.099,ASK
1443311302,1515.74,0.015,ASK
1443311303,1515.74,0.0286,ASK
1443311303,1515.41,0.015,ASK
1443311305,1515.41,0.043,ASK
1443311305,1515.41,0.0286,ASK
1443311306,1515.41,0.015,ASK
1443311307,1515.41,0.2872,ASK
1443311308,1515.28,0.005,ASK
1443311308,1515.28,0.005,ASK
1443311308,1515.25,0.2772,ASK
1443311312,1515.25,0.0228,ASK
1443311312,1515.25,0.004,ASK
1443311312,1515.21,0.005,ASK
1443311312,1515.2,0.005,ASK
1443311312,1515.16,0.005,ASK
1443311312,1515.13,0.005,ASK
1443311314,1515.11,0.001,ASK
1443311317,1515.58,0.001,BID
1443311318,1515.11,0.004,ASK
1443311318,1515.1,0.005,ASK
1443311318,1515.1,0.005,ASK
1443311318,1515.09,0.005,ASK
1443311322,1515.13,0.05,BID
1443311322,1515.58,0.0188,BID
1443311322,1515.58,0.1686,BID
1443311322,1515.58,0.015,BID
1443311322,1515.59,0.7476,BID
1443311323,1515.07,1.0,BID
1443311323,1515.07,3.0,BID
1443311323,1515.07,10.332,BID
1443311332,1515.59,1.0,BID
1443311333,1515.06,0.005,ASK
1443311333,1515.05,0.013,ASK
1443311333,1515.05,0.0107,ASK
1443311333,1515.04,0.4744,ASK
1443311333,1515.01,0.158,ASK
1443311333,1515.0,0.3,ASK
1443311333,1515.0,2.0,ASK
1443311333,1515.0,3.0389,ASK
1443311336,1515.58,0.013,BID
1443311336,1515.58,0.158,BID
1443311336,1515.58,0.0107,BID
1443311336,1515.59,0.8183,BID
1443311343,1515.58,0.4744,BID
1443311343,1515.58,0.099,BID
1443311343,1515.59,0.4266,BID
1443311344,1515.59,0.5734,BID
1443311347,1515.59,1.0,BID
1443311348,1515.59,0.6598,BID
1443311349,1515.59,0.2289,BID
1443311351,1515.6,0.4,ASK
1443311352,1515.6,0.0309,ASK
1443311352,1515.6,0.4,ASK
1443311352,1515.6,0.2598,ASK
1443311352,1515.4,0.005,ASK
1443311352,1515.39,0.005,ASK
1443311352,1515.38,0.005,ASK
1443311352,1515.13,0.001,ASK
1443311354,1515.07,0.414,BID
1443311354,1515.07,0.0009,BID
1443311365,1515.4,0.001,BID
1443311367,1515.57,0.0046,ASK
1443311367,1515.37,0.005,ASK
1443311367,1515.1,0.0004,ASK
1443311368,1515.09,0.01,ASK
1443311385,1515.37,0.005,ASK
1443311385,1515.09,0.3294,ASK
1443311389,1515.58,0.0065,ASK
1443311389,1515.37,0.0035,ASK
1443311399,1515.59,0.1,BID
1443311400,1515.59,0.518,BID
1443311402,1515.6,0.1,ASK
1443311403,1515.6,0.021,ASK
1443311403,1515.6,0.1,ASK
1443311404,1515.6,0.3148,ASK
1443311404,1515.6,0.1,ASK
1443311405,1515.6,0.0822,ASK
1443311405,1515.6,0.3178,ASK
1443311405,1515.6,0.0822,ASK
1443311407,1515.59,0.415,BID
1443311407,1515.58,0.001,ASK
1443311407,1515.37,0.0015,ASK
1443311407,1515.37,0.005,ASK
1443311407,1515.09,0.0025,ASK
1443311408,1515.59,0.1528,BID
1443311408,1515.59,0.2372,BID
1443311408,1515.59,0.4128,BID
1443311409,1515.6,0.247,ASK
1443311409,1515.09,0.0298,ASK
1443311412,1515.6,0.2,ASK
1443311413,1515.6,0.247,ASK
1443311414,1515.6,0.2128,ASK
1443311416,1515.59,0.0342,BID
1443311416,1515.59,0.4598,BID
1443311443,1515.72,0.002,BID
1443311466,1515.72,0.0014,ASK
1443311479,1515.72,0.001,BID
1443311495,1515.71,0.3,BID
1443311495,1515.71,0.001,BID
1443311509,1515.71,0.0707,BID
1443311509,1515.73,0.0436,BID
1443311509,1515.78,0.0286,BID
1443311509,1515.79,0.2711,BID
1443311509,1515.8,0.005,BID
1443311509,1515.8,0.005,BID
1443311509,1515.83,0.0971,BID
1443311509,1516.0,0.3,BID
1443311509,1516.0,0.1789,BID
1443311516,1516.0,1.0,BID
1443311522,1516.0,1.0,BID
1443311538,1516.0,0.173,BID
1443311545,1515.71,0.001,BID
1443311586,1516.0,1.0,BID
1443311596,1515.71,0.0102,BID
1443311624,1515.96,0.5,BID
1443311624,1516.0,0.3088,BID
1443311626,1516.0,0.2083,ASK
1443311630,1515.71,0.0103,ASK
1443311630,1515.53,0.01,ASK
1443311630,1515.52,0.0237,ASK
1443311630,1515.51,0.474,ASK
1443311631,1515.51,0.0006,ASK
1443311631,1515.5,0.0097,ASK
1443311633,1515.5,0.0203,ASK
1443311647,1516.0,0.0011,BID
1443311671,1515.93,0.004,BID
1443311691,1515.93,0.0018,BID
1443311699,1516.0,0.1,BID
1443311713,1515.91,0.001,ASK
1443311713,1515.29,0.009,ASK
1443311723,1515.29,0.03,ASK
1443311729,1515.89,0.0316,BID
1443311750,1515.86,0.001,BID
1443311770,1515.81,0.002,BID
1443311782,1515.29,0.0508,ASK
1443311782,1515.29,0.0207,ASK
1443311782,1515.29,0.066,ASK
1443311782,1515.29,0.099,ASK
1443311782,1515.28,2.1155,ASK
1443311790,1515.8,0.0042,BID
1443311811,1515.79,0.009,ASK
1443311831,1515.75,0.001,ASK
1443311853,1515.68,0.0041,BID
1443311875,1515.67,0.001,BID
1443311896,1515.68,0.0043,ASK
1443311896,1515.28,0.01,ASK
1443311901,1515.29,0.0113,ASK
1443311901,1515.28,1.5369,ASK
1443311904,1515.28,0.5,BID
1443311910,1515.28,0.01,BID
1443311912,1515.28,0.001,BID
1443311917,1515.27,0.4269,ASK
1443311918,1515.27,0.65,ASK
1443311919,1515.27,0.243,ASK
1443311921,1515.26,0.407,BID
1443311921,1515.26,0.093,BID
1443311928,1515.26,0.557,BID
1443311928,1515.28,0.1818,BID
1443311928,1515.28,0.2,BID
1443311928,1515.86,0.003,BID
1443311928,1515.98,0.0582,BID
1443311936,1515.28,0.01,ASK
1443311960,1515.95,0.0104,BID
1443311961,1515.95,0.01,ASK
1443311962,1515.97,3.0,BID
1443311962,1515.97,1.0,BID
1443311962,1515.97,4.052,BID
1443311962,1515.95,0.0346,ASK
1443311962,1515.28,0.01,ASK
1443311963,1515.28,0.0001,ASK
1443311963,1515.28,0.0205,ASK
1443311963,1515.27,0.024,ASK
1443311963,1515.27,0.0346,ASK
1443311994,1515.45,0.001,ASK
1443311994,1515.27,0.009,ASK
1443312002,1515.28,0.0249,ASK
1443312004,1515.91,0.1,BID
1443312009,1515.27,0.02,ASK
1443312010,1515.27,0.413,ASK
1443312011,1515.27,0.014,ASK
1443312013,1515.93,0.001,ASK
1443312013,1515.27,0.009,ASK
1443312014,1515.27,0.01,ASK
1443312015,1515.27,0.011,ASK
1443312015,1515.27,0.01,ASK
1443312028,1515.27,0.0024,ASK
1443312028,1515.13,0.001,ASK
1443312028,1515.0,0.0066,ASK
1443312029,1515.0,0.01,ASK
1443312031,1515.93,0.0042,BID
1443312033,1515.93,0.1031,BID
1443312033,1515.94,0.0446,BID
1443312033,1515.94,0.025,BID
1443312033,1515.95,0.5,BID
1443312033,1515.98,0.1581,BID
1443312033,1515.98,0.099,BID
1443312033,1515.99,1.4252,BID
1443312054,1515.93,0.001,ASK
1443312056,1515.08,0.01,ASK
1443312057,1515.1,0.009,BID
1443312059,1515.1,0.01,BID
1443312059,1515.1,0.009,ASK
1443312059,1515.1,0.001,ASK
1443312081,1515.1,0.08,ASK
1443312082,1515.1,0.01,ASK
1443312082,1515.1,0.009,ASK
1443312082,1515.09,0.001,ASK
1443312082,1515.01,0.019,ASK
1443312084,1515.01,0.0082,ASK
1443312084,1515.0,0.0108,ASK
1443312084,1515.0,0.01,ASK
1443312085,1515.0,0.2241,ASK
1443312085,1515.0,0.3,ASK
1443312085,1514.94,0.005,ASK
1443312085,1514.9,0.005,ASK
1443312086,1514.9,0.08,ASK
1443312087,1514.9,0.01,ASK
1443312088,1514.9,0.08,ASK
1443312089,1514.9,0.025,ASK
1443312089,1514.89,0.005,ASK
1443312090,1514.89,0.01,BID
1443312092,1514.89,0.075,BID
1443312092,1514.89,0.105,BID
1443312092,1514.97,0.0172,BID
1443312092,1514.98,0.2828,BID
1443312093,1514.9,0.085,ASK
1443312094,1514.9,0.015,ASK
1443312094,1514.97,0.0104,BID
1443312094,1514.98,0.0336,BID
1443312095,1514.98,0.1636,BID
1443312095,1514.99,0.0334,ASK
1443312095,1514.9,0.1466,ASK
1443312096,1515.09,0.0012,BID
1443312096,1514.9,0.0184,ASK
1443312101,1514.84,0.005,ASK
1443312101,1514.83,0.002,ASK
1443312101,1514.8,0.005,ASK
1443312101,1514.8,0.005,ASK
1443312101,1514.76,0.068,ASK
1443312103,1514.76,0.031,ASK
1443312103,1514.75,0.3,ASK
1443312107,1514.7,0.005,ASK
1443312112,1514.59,0.005,ASK
1443312112,1514.55,0.005,ASK
1443312117,1514.89,0.0088,BID
1443312117,1514.76,0.005,ASK
1443312117,1514.56,0.505,ASK
1443312118,1514.77,0.005,ASK
1443312119,1514.55,0.01,ASK
1443312120,1514.55,0.081,ASK
1443312121,1514.55,0.016,ASK
1443312122,1514.55,0.055,ASK
1443312122,1514.55,0.3,ASK
1443312123,1514.55,0.0078,ASK
1443312123,1514.5,0.0242,ASK
1443312124,1514.5,0.2758,ASK
1443312124,1514.46,0.005,ASK
1443312124,1514.35,0.005,ASK
1443312124,1514.34,0.005,ASK
1443312124,1514.33,0.072,ASK
1443312125,1514.33,0.0022,ASK
1443312125,1514.3,0.005,ASK
1443312125,1514.26,0.2686,ASK
1443312139,1514.88,0.001,ASK
1443312140,1514.25,0.01,ASK
1443312153,1514.25,0.2,ASK
1443312160,1514.32,0.005,ASK
1443312160,1514.25,0.005,ASK
1443312166,1514.83,0.001,BID
1443312166,1514.25,0.07,ASK
1443312184,1514.88,0.0013,BID
1443312187,1514.81,0.504,BID
1443312187,1514.88,0.0977,BID
1443312187,1514.89,0.1528,BID
1443312188,1515.03,0.2455,ASK
1443312190,1514.28,0.005,ASK
1443312190,1514.25,0.015,ASK
1443312190,1514.16,0.005,ASK
1443312190,1514.1,0.008,ASK
1443312190,1514.09,0.047,ASK
1443312206,1514.79,0.0014,BID
1443312229,1514.77,0.002,BID
1443312250,1514.76,0.001,BID
1443312267,1514.75,0.0034,BID
1443312281,1514.74,0.1644,BID
1443312283,1514.74,0.001,BID
1443312285,1514.74,0.0246,BID
1443312304,1514.74,0.0109,BID
1443312307,1514.74,0.025,BID
1443312307,1515.09,0.075,BID
1443312327,1515.08,0.0135,ASK
1443312345,1514.47,0.0035,BID
1443312345,1514.47,0.01,BID
1443312361,1515.16,0.005,BID
1443312361,1515.24,0.015,BID
1443312361,1515.25,0.3,BID
1443312361,1515.28,0.005,BID
1443312361,1515.3,0.005,BID
1443312361,1515.32,0.005,BID
1443312361,1515.34,0.005,BID
1443312362,1515.34,0.0035,ASK
1443312363,1515.34,0.0105,ASK
1443312367,1515.46,0.005,BID
1443312367,1515.49,0.015,BID
1443312367,1515.5,0.3,BID
1443312367,1515.74,0.0111,BID
1443312367,1515.75,0.3,BID
1443312367,1515.76,0.005,BID
1443312367,1515.77,0.005,BID
1443312368,1515.9,0.004,BID
1443312368,1515.99,0.496,BID
1443312369,1515.99,0.1943,BID
1443312369,1515.99,0.9857,BID
1443312369,1515.77,0.01,ASK
1443312371,1515.99,0.32,BID
1443312371,1515.99,0.15,BID
1443312372,1515.99,0.0912,BID
1443312372,1516.0,0.3,BID
1443312372,1516.1,0.0015,BID
1443312372,1516.11,0.005,BID
1443312372,1516.25,0.3,BID
1443312372,1516.37,0.005,BID
1443312372,1516.37,0.005,BID
1443312372,1516.37,0.005,BID
1443312372,1516.37,0.005,BID
1443312372,1516.38,0.005,BID
1443312372,1516.39,0.005,BID
1443312372,1516.4,0.005,BID
1443312372,1516.5,0.3,BID
1443312372,1516.59,0.005,BID
1443312372,1516.6,0.005,BID
1443312372,1516.68,0.005,BID
1443312372,1516.68,0.005,BID
1443312372,1516.69,0.005,BID
1443312372,1516.71,0.005,BID
1443312372,1516.71,0.005,BID
1443312372,1516.71,0.005,BID
1443312372,1516.75,0.1073,BID
1443312376,1516.01,0.0234,ASK
1443312376,1516.01,0.0141,ASK
1443312376,1516.0,0.6215,ASK
1443312380,1516.02,0.0234,ASK
1443312381,1516.02,0.1293,ASK
1443312382,1516.02,0.265,ASK
1443312382,1516.02,0.0876,ASK
1443312382,1516.0,0.0381,ASK
1443312382,1516.0,0.0912,ASK
1443312384,1515.43,0.005,BID
1443312384,1515.43,0.0176,BID
1443312385,1515.43,0.3,BID
1443312386,1515.43,0.03,BID
1443312386,1515.44,0.265,BID
1443312386,1515.8,0.005,BID
1443312386,1516.73,0.015,BID
1443312386,1516.74,0.3,BID
1443312386,1516.75,0.18,BID
1443312388,1515.44,0.005,ASK
1443312391,1515.44,0.005,ASK
1443312394,1515.76,0.001,BID
1443312396,1515.9,0.0007,ASK
1443312396,1515.45,0.0093,ASK
1443312397,1515.45,0.0098,ASK
1443312397,1515.44,0.0002,ASK
1443312418,1515.46,0.005,ASK
1443312418,1515.46,0.0059,BID
1443312418,1516.36,0.002,BID
1443312422,1515.45,0.012,ASK
1443312423,1515.45,0.0069,ASK
1443312423,1515.44,0.0031,ASK
1443312424,1515.44,0.0189,ASK
1443312425,1515.44,0.01,ASK
1443312426,1515.45,0.0118,ASK
1443312426,1515.44,0.0154,ASK
1443312426,1515.44,0.2138,ASK
1443312426,1515.44,0.0118,ASK
1443312427,1515.44,0.01,ASK
1443312430,1515.44,0.01,ASK
1443312431,1515.44,0.0844,ASK
1443312431,1515.38,0.005,ASK
1443312431,1515.36,0.005,ASK
1443312432,1515.36,0.01,ASK
1443312433,1515.36,0.024,ASK
1443312434,1515.36,0.044,ASK
1443312435,1515.36,0.224,ASK
1443312435,1515.36,0.1677,ASK
1443312435,1515.25,0.268,ASK
1443312436,1515.25,0.032,ASK
1443312436,1515.19,0.005,ASK
1443312436,1515.0,0.004,ASK
1443312439,1515.45,0.001,BID
1443312439,1516.17,0.0135,BID
1443312439,1516.17,0.0093,BID
1443312456,1515.07,0.001,ASK
1443312457,1515.97,0.0036,BID
1443312478,1515.08,0.0013,ASK
1443312479,1515.97,0.0014,BID
1443312481,1515.97,0.0037,ASK
1443312488,1515.27,0.0063,BID
1443312488,1515.27,0.0037,BID
1443312493,1515.27,0.0063,BID
1443312493,1515.27,0.0037,BID
1443312499,1515.27,0.001,BID
1443312524,1515.09,0.0043,BID
1443312534,1515.08,0.099,ASK
1443312534,1515.07,0.004,ASK
1443312534,1515.07,2.0136,ASK
1443312535,1515.09,0.0045,BID
1443312535,1515.11,0.099,ASK
1443312547,1515.07,0.1035,ASK
1443312547,1515.07,0.08,ASK
1443312548,1515.07,0.268,ASK
1443312548,1515.07,0.65,ASK
1443312548,1515.07,0.002,ASK
1443312549,1515.07,0.032,ASK
1443312549,1515.08,0.0048,ASK
1443312549,1515.07,0.5155,ASK
1443312549,1515.07,0.005,ASK
1443312549,1515.07,0.005,ASK
1443312549,1515.03,0.005,ASK
1443312549,1515.03,0.005,ASK
1443312549,1515.03,0.005,ASK
1443312549,1515.03,0.005,ASK
1443312549,1515.0,0.11,ASK
1443312550,1515.0,0.13,ASK
1443312550,1515.0,0.05,ASK
1443312551,1515.0,0.006,ASK
1443312551,1514.97,0.005,ASK
1443312551,1514.8,0.005,ASK
1443312552,1514.75,0.01,ASK
1443312553,1514.75,0.025,ASK
1443312553,1514.75,0.1,ASK
1443312554,1514.75,0.1,ASK
1443312554,1514.75,0.065,ASK
1443312555,1514.5,0.103,ASK
1443312556,1514.74,0.01,BID
1443312556,1514.5,0.07,ASK
1443312557,1514.5,0.024,ASK
1443312557,1514.66,0.005,ASK
1443312557,1514.5,0.103,ASK
1443312558,1514.33,0.127,ASK
1443312560,1514.49,0.01,BID
1443312561,1514.33,5.0,BID
1443312561,1514.33,11.039,BID
1443312561,1514.32,0.01,ASK
1443312562,1514.49,0.01,BID
1443312563,1514.49,0.01,BID
1443312564,1514.28,0.02,ASK
1443312565,1514.48,0.01,BID
1443312565,1514.25,0.02,ASK
1443312566,1514.48,0.0054,BID
1443312566,1514.49,0.0062,BID
1443312566,1514.25,0.28,ASK
1443312566,1514.2,0.005,ASK
1443312566,1514.18,0.005,ASK
1443312566,1514.07,0.005,ASK
1443312566,1514.01,0.005,ASK
1443312571,1514.24,0.005,BID
1443312575,1514.24,0.295,BID
1443312575,1514.47,0.0237,BID
1443312575,1514.48,0.0141,BID
1443312575,1514.49,0.1558,BID
1443312575,1514.49,0.127,BID
1443312575,1514.73,0.0132,BID
1443312575,1514.74,0.225,BID
1443312575,1514.74,0.1462,BID
1443312579,1514.25,0.295,ASK
1443312579,1514.23,0.0148,BID
1443312580,1514.03,8.0,BID
1443312580,1514.03,4.159,BID
1443312581,1514.23,0.01,BID
1443312587,1514.23,0.005,BID
1443312589,1514.23,0.01,BID
1443312595,1514.23,0.001,BID
1443312599,1514.23,0.01,BID
1443312606,1514.23,0.01,BID
1443312607,1514.23,0.01,BID
1443312608,1514.23,0.1,BID
1443312609,1514.23,0.3039,BID
1443312609,1514.24,0.0148,ASK
1443312611,1514.24,0.01,ASK
1443312611,1514.24,0.02,ASK
1443312612,1514.24,0.02,ASK
1443312613,1514.24,0.0452,ASK
1443312613,1514.24,0.3548,ASK
1443312614,1514.24,0.02,ASK
1443312614,1514.24,0.01,ASK
1443312615,1514.24,0.01,ASK
1443312617,1514.24,0.0091,ASK
1443312617,1514.03,0.0009,ASK
1443312645,1514.23,0.0056,ASK
1443312645,1514.05,0.0044,ASK
1443312677,1514.73,0.001,ASK
1443312686,1514.09,0.009,BID
1443312688,1514.73,0.0056,BID
1443312688,1514.74,0.0044,BID
1443312709,1514.73,0.0044,BID
1443312709,1514.74,0.0044,BID
1443312718,1514.74,0.01,BID
1443312720,1514.74,0.01,BID
1443312726,1514.73,0.0044,ASK
1443312727,1514.74,0.01,BID
1443312730,1514.74,0.01,BID
1443312738,1514.74,0.095,BID
1443312738,1514.99,0.18,BID
1443312738,1515.03,0.005,BID
1443312738,1515.03,0.005,BID
1443312738,1515.04,0.005,BID
1443312738,1515.05,0.005,BID
1443312738,1515.05,0.005,BID
1443312738,1515.05,0.005,BID
1443312738,1515.05,0.005,BID
1443312738,1515.06,0.004,BID
1443312739,1514.73,0.001,BID
1443312741,1515.05,0.099,BID
1443312741,1515.06,0.1157,BID
1443312741,1515.06,0.6393,BID
1443312745,1515.06,0.0007,BID
1443312745,1515.07,0.005,BID
1443312745,1515.25,0.47,BID
1443312745,1515.25,0.3,BID
1443312750,1515.37,0.01,ASK
1443312751,1515.37,0.02,ASK
1443312751,1515.5,0.03,BID
1443312755,1515.5,0.27,BID
1443312755,1515.5,0.005,BID
1443312755,1515.5,0.005,BID
1443312755,1515.6,0.005,BID
1443312755,1515.6,0.005,BID
1443312755,1515.66,0.005,BID
1443312755,1515.75,0.3,BID
1443312755,1515.85,0.005,BID
1443312755,1515.98,0.4,BID
1443312759,1515.51,0.001,ASK
1443312771,1515.96,0.005,BID
1443312771,1516.0,1.0,BID
1443312771,1516.0,0.3,BID
1443312771,1516.0,2.795,BID
1443312772,1515.52,0.01,ASK
1443312774,1515.98,13.892,BID
1443312783,1515.99,0.01,BID
1443312783,1516.0,0.8696,BID
1443312783,1516.03,0.005,BID
1443312783,1516.03,0.005,BID
1443312783,1516.03,0.005,BID
1443312783,1516.03,0.005,BID
1443312783,1516.07,0.005,BID
1443312783,1516.07,0.005,BID
1443312783,1516.07,0.005,BID
1443312783,1516.14,0.009,BID
1443312783,1516.19,0.005,BID
1443312783,1516.25,0.0714,BID
1443312786,1515.61,0.0088,ASK
1443312799,1516.23,0.07,BID
1443312800,1516.23,0.4353,BID
1443312800,1516.24,0.03,BID
1443312802,1516.24,0.01,ASK
1443312808,1516.24,0.03,ASK
1443312808,1516.24,0.28,ASK
1443312809,1516.24,0.1553,ASK
1443312816,1516.0,0.0034,BID
1443312835,1516.0,0.0066,BID
1443312835,1516.23,0.31,BID
1443312835,1516.23,0.4653,BID
1443312835,1516.25,0.2181,BID
1443312843,1515.89,0.001,ASK
1443312844,1516.25,0.0105,BID
1443312844,1516.38,0.005,BID
1443312844,1516.4,0.002,BID
1443312844,1516.46,0.005,BID
1443312844,1516.5,0.1896,BID
1443312871,1516.5,0.0044,BID
1443312871,1516.07,0.0116,ASK
1443312874,1516.24,0.31,BID
1443312879,1516.5,0.106,BID
1443312879,1516.5,0.106,ASK
1443312879,1516.26,0.5053,ASK
1443312879,1516.25,0.31,ASK
1443312879,1516.25,0.0552,ASK
1443312880,1516.55,0.005,BID
1443312880,1516.71,0.002,BID
1443312880,1516.75,0.0127,BID
1443312880,1516.76,0.005,BID
1443312880,1516.78,0.005,BID
1443312880,1516.81,0.005,BID
1443312880,1516.85,0.005,BID
1443312880,1516.87,0.005,BID
1443312880,1516.87,0.005,BID
1443312880,1516.88,0.005,BID
1443312880,1516.89,0.005,BID
1443312880,1516.93,0.0103,BID
1443312883,1516.8,5.4466,ASK
1443312884,1516.81,0.0236,ASK
1443312885,1516.79,0.1233,BID
1443312886,1516.79,0.5031,BID
1443312887,1516.93,0.5,BID
1443312887,1516.93,0.0053,BID
1443312887,1516.94,0.005,BID
1443312887,1516.96,0.005,BID
1443312887,1516.96,0.002,BID
1443312887,1516.97,0.002,BID
1443312887,1516.99,0.0266,BID
1443312887,1517.0,0.1541,BID
1443312888,1517.0,0.1459,BID
1443312888,1517.0,0.0541,BID
1443312888,1517.0,1.0,BID
1443312888,1516.8,0.0135,ASK
1443312890,1516.9,0.5,BID
1443312891,1516.93,0.0053,ASK
1443312891,1516.81,0.0047,ASK
1443312893,1516.81,0.5,ASK
1443312894,1516.82,0.025,ASK
1443312894,1516.8,0.1098,ASK
1443312904,1516.51,0.106,ASK
1443312904,1516.4,0.005,ASK
1443312904,1516.26,0.0127,ASK
1443312904,1516.25,0.2338,ASK
1443312907,1516.79,0.0183,BID
1443312907,1516.8,0.3475,BID
1443312909,1516.8,0.0183,BID
1443312911,1516.8,0.0014,ASK
1443312931,1516.8,0.001,ASK
1443312934,1516.98,0.0252,BID
1443312934,1517.0,0.0723,BID
1443312934,1517.0,0.005,BID
1443312934,1517.21,0.1059,BID
1443312934,1517.22,0.005,BID
1443312934,1517.22,0.7866,BID
1443312935,1516.8,0.0793,ASK
1443312935,1516.41,0.001,ASK
1443312936,1516.99,0.0252,ASK
1443312937,1516.97,0.4795,BID
1443312937,1517.22,2.8357,BID
1443312948,1516.45,0.0034,ASK
1443312954,1516.92,0.01,BID
1443312966,1516.45,0.0048,ASK
1443312967,1516.92,0.11,BID
1443312973,1517.17,0.002,BID
1443312973,1517.17,0.005,BID
1443312973,1517.18,0.005,BID
1443312973,1517.24,0.03,BID
1443312973,1517.25,0.3,BID
1443312973,1517.25,0.005,BID
1443312973,1517.26,0.005,BID
1443312973,1517.26,0.005,BID
1443312973,1517.3,0.005,BID
1443312973,1517.3,0.005,BID
1443312973,1517.3,0.005,BID
1443312973,1517.3,0.005,BID
1443312973,1517.3,0.623,BID
1443312978,1517.26,0.11,ASK
1443312995,1516.93,0.001,BID
1443312995,1517.19,0.005,BID
1443312995,1517.23,0.1149,BID
1443312995,1517.24,0.8791,BID
1443313000,1517.16,0.005,BID
1443313000,1517.24,0.1209,BID
1443313000,1517.28,0.002,BID
1443313000,1517.3,0.8721,BID
1443313008,1516.46,0.002,ASK
1443313010,1516.46,0.0023,BID
1443313022,1516.44,0.005,ASK
1443313022,1516.43,0.002,ASK
1443313022,1516.41,0.004,ASK
1443313022,1516.26,0.005,ASK
1443313022,1516.26,0.0152,ASK
1443313022,1516.25,0.005,ASK
1443313022,1516.25,0.3,ASK
1443313022,1516.22,0.005,ASK
1443313022,1516.19,0.005,ASK
1443313022,1516.18,0.005,ASK
1443313022,1516.16,0.005,ASK
1443313022,1516.16,0.005,ASK
1443313022,1516.02,0.0237,ASK
1443313022,1516.01,0.4741,ASK
1443313022,1516.01,0.0152,ASK
1443313022,1516.0,0.005,ASK
1443313022,1516.0,0.3,ASK
1443313023,1515.87,0.005,ASK
1443313023,1515.87,0.005,ASK
1443313023,1515.89,3.0,ASK
1443313023,1515.89,6.0,ASK
1443313023,1515.89,0.863,ASK
1443313024,1515.85,0.005,ASK
1443313024,1515.84,0.005,ASK
1443313027,1516.02,0.005,BID
1443313027,1515.91,0.483,ASK
1443313027,1515.84,0.005,ASK
1443313027,1515.81,0.005,ASK
1443313027,1515.79,0.001,ASK
1443313027,1515.76,0.005,ASK
1443313027,1515.75,0.3,ASK
1443313027,1515.55,0.005,ASK
1443313027,1515.5,0.3,ASK
1443313027,1515.4,0.076,ASK
1443313028,1516.01,0.01,ASK
1443313028,1516.01,0.0168,ASK
1443313028,1516.01,0.01,ASK
1443313029,1516.01,0.0622,ASK
1443313030,1515.25,0.0622,ASK
1443313030,1515.25,0.2378,ASK
1443313030,1515.18,0.004,ASK
1443313030,1515.0,0.3,ASK
1443313030,1514.96,0.005,ASK
1443313030,1514.85,0.005,ASK
1443313030,1514.75,0.3,ASK
1443313030,1514.6,0.005,ASK
1443313030,1514.6,0.005,ASK
1443313030,1514.5,0.3,ASK
1443313030,1514.4,0.0182,ASK
1443313030,1515.3,15.256,ASK
1443313031,1514.25,0.01,ASK
1443313032,1514.25,0.01,ASK
1443313034,1514.55,0.01,BID
1443313043,1515.11,0.005,ASK
1443313043,1514.32,0.002,ASK
1443313043,1514.32,0.002,ASK
1443313043,1514.3,0.001,ASK
1443313045,1514.3,0.01,ASK
1443313051,1515.26,0.001,BID
1443313056,1514.3,0.009,ASK
1443313056,1514.3,0.001,ASK
1443313059,1514.3,0.004,ASK
1443313059,1514.27,0.005,ASK
1443313059,1514.25,0.0285,ASK
1443313063,1515.26,0.009,BID
1443313063,1515.27,0.002,BID
1443313063,1515.27,0.002,BID
1443313063,1515.28,0.062,BID
1443313063,1515.28,5.125,BID
1443313068,1514.26,0.0126,ASK
1443313069,1514.25,0.0126,ASK
1443313069,1515.19,0.0014,BID
1443313087,1515.17,0.001,BID
1443313103,1515.17,0.001,BID
1443313125,1515.17,0.002,BID
1443313125,1515.17,0.0023,BID
1443313142,1515.17,0.0027,BID
1443313147,1515.19,0.0036,BID
1443313147,1515.22,0.015,BID
1443313147,1515.23,0.4215,BID
1443313147,1515.27,0.005,BID
1443313147,1515.27,0.099,BID
1443313147,1515.28,0.005,BID
1443313147,1515.29,0.005,BID
1443313147,1515.3,0.005,BID
1443313147,1515.34,0.005,BID
1443313147,1515.35,0.005,BID
1443313147,1515.5,0.3,BID
1443313149,1515.57,1.0,BID
1443313149,1515.57,15.83,BID
1443313150,1515.54,0.1309,ASK
1443313151,1515.23,1.0,BID
1443313151,1515.23,13.004,BID
1443313152,1515.24,0.03,BID
1443313152,1515.53,0.1309,BID
1443313152,1515.58,0.0223,BID
1443313152,1515.58,0.0126,BID
1443313152,1515.59,5.1894,BID
1443313162,1515.18,0.01,ASK
1443313188,1515.31,0.001,ASK
1443313188,1515.68,0.0021,BID
1443313203,1515.68,0.0029,BID
1443313203,1515.7,0.9971,BID
1443313206,1515.7,1.0,BID
1443313208,1515.31,0.001,ASK
1443313212,1515.7,1.0,BID
1443313222,1515.7,0.1,BID
1443313223,1515.7,0.6598,BID
1443313224,1515.7,0.6598,BID
1443313225,1515.7,0.6598,BID
1443313227,1515.7,1.0,BID
1443313228,1515.32,0.01,ASK
1443313230,1515.32,0.0563,ASK
1443313230,1515.32,0.021,ASK
1443313230,1515.32,0.0402,ASK
1443313234,1515.68,0.0011,BID
1443313263,1515.32,0.0032,ASK
1443313269,1515.68,0.01,ASK
1443313271,1515.32,0.01,ASK
1443313281,1515.68,0.001,BID
1443313283,1515.32,0.01,ASK
1443313292,1515.32,0.01,ASK
1443313302,1515.32,0.0228,ASK
1443313302,1515.32,0.0131,ASK
1443313302,1515.32,0.099,ASK
1443313302,1515.31,0.003,ASK
1443313302,1515.31,0.0361,ASK
1443313306,1515.31,0.0017,ASK
1443313315,1515.68,0.001,ASK
1443313315,1515.31,0.009,ASK
1443313316,1515.31,0.01,ASK
1443313318,1515.31,0.1,ASK
1443313320,1515.31,0.1,ASK
1443313330,1515.32,0.0034,BID
1443313354,1515.31,0.01,ASK
1443313358,1515.31,0.0014,ASK
1443313378,1515.31,0.078,ASK
1443313379,1515.31,0.65,ASK
1443313380,1515.31,0.65,ASK
1443313381,1515.31,0.65,ASK
1443313382,1515.31,0.65,ASK
1443313383,1515.31,0.0012,ASK
1443313383,1515.31,0.65,ASK
1443313383,1515.31,0.0689,ASK
1443313384,1515.31,0.001,BID
1443313384,1515.01,0.005,ASK
1443313384,1515.01,0.005,ASK
1443313384,1515.01,0.005,ASK
1443313384,1515.01,0.005,ASK
1443313384,1515.01,0.005,ASK
1443313384,1515.01,0.005,ASK
1443313384,1515.01,0.005,ASK
1443313384,1515.01,0.005,ASK
1443313384,1515.01,0.005,ASK
1443313384,1515.01,0.005,ASK
1443313384,1514.83,0.005,ASK
1443313384,1514.82,0.005,ASK
1443313384,1514.81,0.005,ASK
1443313387,1514.8,0.672,BID
1443313388,1515.28,12.0,BID
1443313388,1515.28,1.813,BID
1443313393,1514.85,0.01,ASK
1443313400,1515.29,0.0325,BID
1443313400,1515.3,0.4905,BID
1443313413,1514.85,0.01,ASK
1443313424,1515.3,0.04,BID
1443313424,1515.3,0.06,BID
1443313426,1514.83,20.043,BID
1443313427,1515.3,0.0595,BID
1443313436,1515.31,0.0273,BID
1443313436,1515.32,0.5469,BID
1443313439,1515.34,0.01,ASK
1443313440,1515.34,0.01,ASK
1443313464,1515.74,0.001,BID
1443313485,1515.74,0.001,BID
1443313495,1515.15,0.01,ASK
1443313502,1515.15,0.001,BID
1443313504,1515.14,0.005,ASK
1443313509,1515.74,0.013,BID
1443313509,1515.75,0.087,BID
1443313521,1515.67,0.0042,BID
1443313527,1515.67,0.0571,BID
1443313527,1515.68,0.9429,BID
1443313537,1515.67,0.001,BID
1443313559,1515.65,0.001,BID
1443313563,1515.65,0.004,BID
1443313563,1515.67,0.0132,BID
1443313563,1515.68,0.2831,BID
1443313563,1515.74,0.0107,BID
1443313563,1515.75,0.213,BID
1443313563,1515.76,0.476,BID
1443313569,1515.11,0.01,ASK
1443313581,1515.65,0.01,ASK
1443313590,1515.65,0.0035,ASK
1443313590,1515.04,0.0256,ASK
1443313591,1515.76,1.0,ASK
1443313591,1515.76,5.576,ASK
1443313601,1515.65,0.001,BID
1443313603,1515.76,0.0055,ASK
1443313609,1515.0,0.02,ASK
1443313609,1514.86,0.005,ASK
1443313609,1514.84,0.002,ASK
1443313609,1514.78,0.005,ASK
1443313609,1514.77,0.005,ASK
1443313609,1514.76,0.015,ASK
1443313609,1514.75,0.28,ASK
1443313609,1515.19,0.01,BID
1443313633,1515.2,0.01,ASK
1443313633,1515.19,0.001,ASK
1443313642,1514.75,0.02,ASK
1443313649,1515.04,0.0015,BID
1443313660,1514.51,0.015,ASK
1443313673,1515.03,0.001,ASK
1443313692,1515.02,0.001,ASK
1443313813,1515.04,0.0075,BID
1443313813,1515.19,0.001,BID
1443313813,1515.5,0.002,BID
1443313813,1515.56,0.08,BID
1443313813,1515.57,0.0095,BID
1443313864,1515.55,0.005,BID
1443313866,1515.55,0.02,ASK
1443313871,1515.55,0.001,ASK
1443313874,1515.55,0.01,ASK
1443313880,1515.55,4.0273,ASK
1443313881,1515.55,0.65,ASK
1443313882,1515.55,0.65,ASK
1443313884,1515.55,0.65,ASK
1443313885,1515.55,0.65,ASK
1443313886,1515.55,0.65,ASK
1443313887,1515.55,0.65,ASK
1443313888,1515.55,0.65,ASK
1443313889,1515.55,0.65,ASK
1443313890,1515.55,0.246,ASK
1443313890,1515.55,0.65,ASK
1443313891,1515.55,0.65,ASK
1443313893,1515.55,0.65,ASK
1443313894,1515.55,0.65,ASK
1443313904,1515.55,0.001,ASK
1443313924,1515.55,2.4058,ASK
1443313924,1515.55,0.001,ASK
1443313930,1515.36,0.01,ASK
1443313931,1514.83,5.459,ASK
1443313933,1515.36,0.01,BID
1443313978,1514.82,0.005,ASK
1443313981,1514.78,0.0011,BID
1443314041,1514.78,0.0039,BID
1443314090,1515.5,0.0116,ASK
1443314091,1515.01,0.0116,ASK
1443314114,1515.5,0.0052,ASK
1443314114,1515.01,0.0048,ASK
1443314115,1515.0,0.01,ASK
1443314117,1515.2,0.1,BID
1443314130,1515.0,1.4864,ASK
1443314137,1515.5,0.001,BID
1443314152,1515.51,0.005,BID
1443314192,1515.5,0.001,BID
1443314193,1515.55,0.0067,ASK
1443314227,1515.55,0.01,ASK
1443314228,1515.55,6.1166,ASK
1443314229,1515.55,0.256,ASK
1443314231,1515.55,0.1174,ASK
1443314234,1515.54,0.0041,ASK
1443314234,1515.02,0.0059,ASK
1443314235,1515.02,0.01,ASK
1443314247,1515.49,0.001,BID
1443314247,1515.49,0.0867,BID
1443314247,1515.49,0.0235,BID
1443314247,1515.49,0.0128,BID
1443314247,1515.5,0.877,BID
1443314248,1515.5,0.198,BID
1443314253,1515.5,1.0,BID
1443314261,1515.5,1.0,BID
1443314268,1515.49,0.0011,BID
1443314290,1515.49,0.001,BID
1443314301,1515.49,0.0969,BID
1443314301,1515.5,0.9031,BID
1443314310,1515.49,0.001,ASK
1443314310,1515.02,0.009,ASK
1443314311,1515.01,0.01,ASK
1443314329,1515.49,0.001,BID
1443314341,1515.49,0.018,BID
1443314344,1515.49,0.0893,ASK
1443314345,1515.01,0.0135,ASK
1443314345,1515.01,0.0758,ASK
1443314347,1515.49,0.0065,BID
1443314365,1515.49,0.0102,BID
1443314385,1515.49,0.001,BID
1443314396,1515.49,0.0646,BID
1443314396,1515.49,0.0135,BID
1443314403,1515.49,0.2595,ASK
1443314404,1515.49,0.3224,ASK
1443314404,1515.49,0.0011,ASK
1443314414,1515.5,1.5,BID
1443314415,1515.5,0.6598,BID
1443314417,1515.5,0.448,BID
1443314424,1515.5,0.305,BID
1443314424,1515.5,0.1,BID
1443314427,1515.5,0.01,BID
1443314428,1515.5,1.0,BID
1443314428,1515.5,0.602,BID
1443314429,1515.5,0.6598,BID
1443314430,1515.5,0.6598,BID
1443314431,1515.5,0.6598,BID
1443314432,1515.5,0.6598,BID
1443314433,1515.5,0.6598,BID
1443314434,1515.5,1.0,BID
1443314434,1515.5,0.6598,BID
1443314435,1515.5,0.4405,BID
1443314439,1515.55,0.852,BID
1443314440,1515.55,0.0002,BID
1443314440,1515.56,0.09,BID
1443314440,1515.58,9.0,BID
1443314440,1515.58,2.589,BID
1443314441,1515.59,1.0,BID
1443314446,1515.56,0.001,ASK
1443314447,1515.59,1.0,BID
1443314448,1515.59,0.635,BID
1443314450,1515.64,3.0,BID
1443314450,1515.64,1.0,BID
1443314450,1515.64,6.281,BID
1443314462,1515.65,0.002,BID
1443314462,1515.75,0.3,BID
1443314462,1515.77,0.005,BID
1443314462,1515.78,0.005,BID
1443314462,1515.81,0.005,BID
1443314462,1515.82,0.005,BID
1443314462,1515.94,0.4691,BID
1443314462,1515.96,0.002,BID
1443314462,1516.0,0.2069,BID
1443314473,1515.61,0.001,ASK
1443314483,1516.0,0.0931,BID
1443314483,1516.01,0.005,BID
1443314483,1516.01,0.005,BID
1443314483,1516.01,0.005,BID
1443314483,1516.01,0.005,BID
1443314483,1516.01,0.005,BID
1443314483,1516.01,0.005,BID
1443314483,1516.01,0.005,BID
1443314483,1516.01,0.005,BID
1443314483,1516.01,0.005,BID
1443314483,1516.01,0.005,BID
1443314485,1515.66,15.0,BID
1443314485,1515.66,1.0,BID
1443314485,1515.66,4.244,BID
1443314486,1516.1,19.0,BID
1443314486,1516.1,0.501,BID
1443314488,1516.05,0.005,BID
1443314490,1516.08,0.5,BID
1443314490,1516.08,0.005,ASK
1443314503,1515.65,0.001,BID
1443314521,1515.68,0.001,ASK
1443314539,1515.68,0.004,ASK
1443314539,1515.68,0.0025,ASK
1443314561,1515.72,0.005,ASK
1443314561,1515.68,0.0025,ASK
1443314561,1515.68,0.0027,ASK
1443314583,1515.72,0.001,ASK
1443314604,1515.72,0.001,ASK
1443314625,1515.72,0.0011,ASK
1443314647,1515.72,0.001,ASK
1443314669,1515.72,0.0009,ASK
1443314669,1515.72,0.005,ASK
1443314669,1515.72,0.005,ASK
1443314671,1515.72,0.0007,BID
1443314681,1515.75,0.1393,ASK
1443314681,1515.72,3.0877,BID
1443314681,1516.0,6.5,BID
1443314682,1516.0,0.6,ASK
1443314682,1516.0,0.4,ASK
1443314683,1516.0,0.6,ASK
1443314685,1516.0,0.65,ASK
1443314686,1516.0,0.65,ASK
1443314687,1516.0,0.65,ASK
1443314688,1516.0,0.65,ASK
1443314689,1516.0,0.65,ASK
1443314690,1516.0,0.09,ASK
1443314690,1516.0,0.65,ASK
1443314691,1516.0,0.65,ASK
1443314692,1516.0,0.65,ASK
1443314692,1516.0,0.0052,ASK
1443314693,1516.0,0.5853,ASK
1443314701,1516.0,0.04,ASK
1443314702,1516.11,0.005,BID
1443314702,1516.25,0.3,BID
1443314713,1516.26,0.005,BID
1443314713,1516.31,0.005,BID
1443314713,1516.5,0.3,BID
1443314714,1516.56,0.004,BID
1443314715,1516.56,0.0034,ASK
1443314715,1516.56,0.0011,ASK
1443314716,1516.56,0.3055,ASK
1443314716,1516.02,0.31,ASK
1443314717,1516.54,0.0045,BID
1443314717,1516.63,0.005,BID
1443314717,1516.63,0.005,BID
1443314717,1516.63,0.005,BID
1443314717,1516.68,0.005,BID
1443314717,1516.68,0.005,BID
1443314717,1516.68,0.005,BID
1443314717,1516.68,0.005,BID
1443314717,1516.72,0.005,BID
1443314717,1516.72,0.005,BID
1443314717,1516.72,0.005,BID
1443314717,1516.72,0.005,BID
1443314717,1516.75,0.3,BID
1443314717,1516.76,1.4665,BID
1443314717,1516.76,1.0999,BID
1443314717,1516.76,1.0954,BID
1443314718,1516.03,0.1332,ASK
1443314718,1516.03,0.0341,ASK
1443314718,1516.02,0.1382,ASK
1443314720,1516.03,0.1,ASK
1443314720,1516.55,0.1,BID
1443314734,1516.05,0.0011,ASK
1443314742,1516.25,0.01,BID
1443314746,1516.25,0.01,ASK
1443314755,1516.25,0.005,BID
1443314756,1516.15,0.0041,ASK
1443314757,1516.26,0.005,BID
1443314757,1516.27,7.706,ASK
1443314758,1516.26,0.075,ASK
1443314764,1516.27,0.426,ASK
1443314768,1516.71,0.01,BID
1443314768,1516.72,0.001,BID
1443314768,1516.76,0.0045,BID
1443314768,1516.88,0.005,BID
1443314770,1516.26,0.011,BID
1443314772,1516.26,0.276,BID
1443314773,1516.27,6.0,BID
1443314773,1516.27,5.0,BID
1443314773,1516.27,0.498,BID
1443314778,1516.27,0.001,ASK
1443314780,1516.26,0.014,BID
1443314780,1516.87,0.422,BID
1443314782,1516.87,0.004,BID
1443314782,1516.88,0.005,BID
1443314782,1516.89,0.001,BID
1443314785,1516.89,0.004,BID
1443314787,1516.89,0.01,ASK
1443314793,1516.22,0.01,ASK
1443314793,1516.22,0.0057,ASK
1443314793,1516.21,0.0103,ASK
1443314794,1516.98,8.0,ASK
1443314794,1516.98,4.309,ASK
1443314800,1516.18,0.005,ASK
1443314803,1516.18,0.005,BID
1443314821,1516.17,0.005,ASK
1443314833,1516.17,0.0027,BID
1443314839,1516.15,0.0009,ASK
1443314839,1516.12,0.3291,ASK
1443314853,1516.15,0.001,BID
1443314861,1516.13,0.0105,ASK
1443314861,1516.13,0.099,ASK
1443314861,1516.12,0.3075,ASK
1443314861,1516.12,0.11,ASK
1443314867,1516.12,0.061,ASK
1443314868,1516.15,7.0,ASK
1443314868,1516.15,6.825,ASK
1443314870,1516.12,0.307,ASK
1443314876,1516.13,0.0015,BID
1443314876,1516.16,0.0085,BID
1443314894,1516.12,2.58,ASK
1443314897,1516.12,0.0132,ASK
1443314897,1516.16,0.0077,BID
1443314910,1516.16,0.001,BID
1443314914,1516.13,0.0056,ASK
1443314932,1516.16,0.01,ASK
1443314934,1516.38,0.01,ASK
1443314935,1516.13,0.01,ASK
1443314937,1516.14,0.0065,ASK
1443314937,1516.14,0.004,ASK
1443314937,1516.13,0.016,ASK
1443314960,1516.14,0.001,ASK
1443314961,1516.94,0.015,BID
1443314961,1516.94,0.1384,BID
1443314961,1516.95,3.0,BID
1443314961,1516.95,0.01,BID
1443314961,1516.99,0.015,BID
1443314961,1517.0,0.3,BID
1443314961,1517.02,0.005,BID
1443314961,1517.11,0.005,BID
1443314961,1517.15,0.005,BID
1443314961,1517.16,0.005,BID
1443314961,1517.17,0.005,BID
1443314961,1517.18,0.005,BID
1443314961,1517.25,0.3,BID
1443314961,1517.3,8.0039,BID
1443314961,1517.32,0.004,BID
1443314961,1517.34,0.005,BID
1443314961,1517.35,0.005,BID
1443314961,1517.35,0.005,BID
1443314961,1517.4,0.005,BID
1443314961,1517.4,0.005,BID
1443314961,1517.41,0.005,BID
1443314961,1517.5,0.3,BID
1443314961,1517.51,0.005,BID
1443314961,1517.56,0.005,BID
1443314961,1517.56,0.005,BID
1443314961,1517.75,0.3,BID
1443314961,1517.91,0.1,BID
1443314961,1517.98,0.108,BID
1443314961,1518.0,0.3,BID
1443314961,1518.0,1.0,BID
1443314961,1518.0,0.0792,BID
1443314961,1518.0,0.3808,BID
1443314961,1518.0,15.5707,BID
1443314967,1516.91,0.381,BID
1443314968,1516.93,0.01,ASK
1443314969,1516.93,0.0003,ASK
1443314969,1516.16,0.0097,ASK
1443314970,1516.16,0.0103,ASK
1443314971,1516.16,0.0032,ASK
1443314971,1516.16,0.0068,ASK
1443314980,1516.18,0.001,ASK
1443314986,1516.57,0.005,ASK
1443314986,1516.18,0.005,ASK
1443314997,1516.58,0.005,ASK
1443314997,1516.5,0.3,ASK
1443314997,1516.26,0.01,ASK
1443314998,1516.27,0.01,ASK
1443315004,1516.56,0.0135,BID
1443315007,1516.26,0.1908,ASK
1443315011,1516.61,0.005,ASK
1443315011,1516.25,0.005,ASK
1443315011,1517.05,0.005,BID
1443315011,1517.05,0.005,BID
1443315011,1517.05,0.0003,BID
1443315012,1516.75,0.3,ASK
1443315013,1516.74,0.3,BID
1443315015,1516.26,0.01,ASK
1443315020,1516.72,0.0103,BID
1443315020,1516.73,0.015,BID
1443315020,1516.74,0.001,ASK
1443315022,1516.74,0.0737,ASK
1443315023,1516.75,0.074,ASK
1443315024,1516.75,0.0737,ASK
1443315024,1516.75,0.3579,ASK
1443315024,1516.61,0.001,ASK
1443315025,1516.61,0.004,ASK
1443315025,1516.27,0.0812,ASK
1443315025,1516.27,0.3464,ASK
1443315026,1516.73,0.01,BID
1443315026,1516.73,0.0047,BID
1443315026,1516.27,0.01,ASK
1443315032,1516.55,0.01,ASK
1443315033,1516.29,0.01,ASK
1443315034,1516.28,0.0148,ASK
1443315035,1516.29,1.0,ASK
1443315035,1516.29,11.328,ASK
1443315036,1516.28,0.046,ASK
1443315037,1516.28,0.011,ASK
1443315038,1516.55,0.005,BID
1443315038,1516.28,0.011,ASK
1443315038,1516.29,11.0,BID
1443315038,1516.29,2.208,BID
1443315039,1516.28,0.3,ASK
1443315040,1516.28,0.001,ASK
1443315042,1516.53,0.0135,ASK
1443315042,1516.28,0.0777,ASK
1443315047,1516.28,0.0125,ASK
1443315049,1516.25,0.088,ASK
1443315051,1516.28,0.133,ASK
1443315052,1516.28,0.517,ASK
1443315053,1516.3,0.005,ASK
1443315053,1516.28,0.414,ASK
1443315054,1516.28,0.376,ASK
1443315055,1516.28,0.1683,ASK
1443315055,1516.25,0.207,ASK
1443315055,1516.16,0.0097,ASK
1443315056,1516.55,0.005,BID
1443315057,1516.56,0.005,ASK
1443315057,1516.16,0.034,ASK
1443315059,1516.17,0.0263,ASK
1443315059,1516.16,0.85,ASK
1443315060,1516.16,0.01,ASK
1443315061,1516.16,0.0163,ASK
1443315061,1516.11,0.01,ASK
1443315063,1516.11,0.0163,ASK
1443315064,1516.16,0.01,BID
1443315066,1516.27,0.005,BID
1443315066,1516.11,0.031,ASK
1443315067,1516.11,0.01,ASK
1443315068,1516.11,0.021,ASK
1443315069,1516.11,0.01,ASK
1443315070,1516.11,0.318,ASK
1443315071,1516.11,0.025,ASK
1443315072,1516.27,0.005,BID
1443315073,1516.28,0.005,ASK
1443315073,1516.11,0.274,ASK
1443315074,1516.11,0.08,ASK
1443315075,1516.11,0.08,ASK
1443315077,1516.11,1.441,ASK
1443315078,1516.11,0.01,ASK
1443315079,1516.11,0.515,ASK
1443315081,1516.11,0.022,ASK
1443315082,1516.2,0.005,ASK
1443315082,1516.11,0.445,ASK
1443315083,1516.11,0.059,ASK
1443315084,1516.68,0.0237,BID
1443315084,1516.7,0.1324,ASK
1443315085,1516.7,0.0036,ASK
1443315085,1516.11,0.0007,ASK
1443315085,1516.11,0.01,ASK
1443315087,1516.26,0.01,ASK
1443315088,1516.12,0.01,ASK
1443315089,1516.12,0.0136,ASK
1443315089,1516.11,0.01,ASK
1443315090,1516.11,0.303,ASK
1443315092,1516.11,0.02,ASK
1443315097,1516.15,0.005,ASK
1443315097,1516.11,0.005,ASK
1443315098,1516.11,0.01,ASK
1443315104,1516.11,0.001,ASK
1443315108,1516.25,0.001,ASK
1443315108,1516.11,0.009,ASK
1443315109,1516.11,0.01,ASK
1443315111,1516.12,0.005,ASK
1443315111,1516.11,0.019,ASK
1443315113,1516.11,0.42,ASK
1443315116,1516.11,0.019,ASK
1443315117,1516.11,0.023,ASK
1443315117,1516.05,0.005,ASK
1443315117,1516.05,0.005,ASK
1443315117,1516.05,0.005,ASK
1443315117,1516.02,0.004,ASK
1443315118,1516.02,0.001,ASK
1443315118,1516.01,0.008,ASK
1443315118,1516.0,0.014,ASK
1443315123,1516.0,0.01,ASK
1443315126,1516.12,0.0021,ASK
1443315129,1516.25,0.001,ASK
1443315129,1516.12,0.0029,ASK
1443315129,1516.11,0.0061,ASK
1443315130,1516.0,0.01,ASK
1443315131,1516.26,0.01,BID
1443315134,1516.0,0.2,ASK
1443315138,1516.0,0.1,ASK
1443315139,1516.0,0.225,ASK
1443315140,1516.0,0.106,ASK
1443315141,1516.0,0.521,ASK
1443315143,1516.0,0.037,ASK
1443315144,1516.0,0.8,ASK
1443315147,1516.11,0.001,ASK
1443315149,1516.11,0.004,ASK
1443315149,1516.01,0.006,ASK
1443315159,1516.0,0.141,ASK
1443315160,1516.0,0.139,ASK
1443315162,1516.1,0.005,ASK
1443315162,1516.0,0.005,ASK
1443315163,1516.0,0.01,ASK
1443315164,1516.0,0.01,ASK
1443315164,1516.0,0.001,ASK
1443315165,1516.0,0.09,ASK
1443315166,1516.0,0.01,ASK
1443315166,1516.0,0.011,ASK
1443315170,1516.0,0.01,ASK
1443315172,1516.0,0.21,ASK
1443315173,1516.0,0.01,ASK
1443315174,1516.0,0.01,ASK
1443315175,1516.1,0.005,ASK
1443315175,1516.0,0.005,ASK
1443315177,1516.0,0.01,ASK
1443315178,1516.0,0.141,ASK
1443315188,1516.0,0.0034,ASK
1443315190,1516.0,0.01,ASK
1443315193,1516.0,0.033,ASK
1443315193,1516.31,0.01,ASK
1443315203,1516.0,0.0011,ASK
1443315208,1516.0,0.01,ASK
1443315211,1516.0,0.01,ASK
1443315214,1516.0,0.01,ASK
1443315217,1516.0,0.536,ASK
1443315217,1516.0,1.0,ASK
1443315217,1516.0,0.07,ASK
1443315217,1516.0,1.17,ASK
1443315217,1516.0,1.0,ASK
1443315218,1516.0,0.347,ASK
1443315218,1516.0,0.076,ASK
1443315218,1516.0,0.076,ASK
1443315218,1516.0,1.19,ASK
1443315219,1516.0,0.224,ASK
1443315220,1516.0,0.01,ASK
1443315220,1516.0,0.001,ASK
1443315221,1516.0,0.01,ASK
1443315221,1516.0,0.5,ASK
1443315221,1516.0,0.01,ASK
1443315222,1516.0,0.5,ASK
1443315223,1516.0,0.01,ASK
1443315223,1516.0,0.01,ASK
1443315224,1516.0,1.0,ASK
1443315224,1516.0,2.811,ASK
1443315224,1516.0,1.0,ASK
1443315224,1516.0,0.342,ASK
1443315224,1516.0,0.2864,ASK
1443315225,1516.0,0.1955,ASK
1443315232,1516.0,0.9954,ASK
1443315238,1516.0,0.01,ASK
1443315239,1516.0,1.0,ASK
1443315239,1516.0,1.0,ASK
1443315240,1516.0,0.01,ASK
1443315241,1516.0,1.0,ASK
1443315241,1516.0,0.01,ASK
1443315242,1516.0,0.96,ASK
1443315242,1516.0,0.4,ASK
1443315244,1516.0,0.5,ASK
1443315244,1516.0,0.08,ASK
1443315246,1516.0,0.38,ASK
1443315246,1516.0,0.36,ASK
1443315246,1516.0,0.0041,ASK
1443315247,1516.0,1.0,ASK
1443315247,1516.0,0.37,ASK
1443315247,1516.0,0.02,ASK
1443315248,1516.0,0.38,ASK
1443315248,1516.0,0.024,ASK
1443315249,1516.0,0.3481,ASK
1443315250,1516.0,0.192,ASK
1443315251,1516.0,0.019,ASK
1443315251,1516.0,0.39,ASK
1443315252,1516.0,0.03,ASK
1443315252,1516.0,0.815,ASK
1443315252,1516.0,0.425,ASK
1443315252,1516.01,3.0,ASK
1443315252,1516.01,7.224,ASK
1443315254,1516.0,0.1,ASK
1443315254,1516.0,0.134,ASK
1443315254,1516.0,0.1,ASK
1443315254,1516.0,0.453,ASK
1443315254,1516.0,0.1,ASK
1443315255,1516.0,0.02,ASK
1443315255,1516.01,0.248,ASK
1443315256,1516.01,0.248,ASK
1443315256,1516.01,0.01,ASK
1443315256,1516.01,0.106,ASK
1443315257,1516.01,0.106,ASK
1443315257,1516.01,0.05,ASK
1443315257,1516.01,0.116,ASK
1443315258,1516.01,0.116,ASK
1443315258,1516.0,0.636,ASK
1443315258,1516.0,0.116,ASK
1443315258,1516.0,0.388,ASK
1443315259,1516.0,0.1,ASK
1443315259,1516.0,0.1,ASK
1443315259,1516.0,0.1,ASK
1443315259,1516.0,0.1,ASK
1443315259,1516.0,0.1,ASK
1443315260,1516.0,4.645,ASK
1443315260,1516.0,0.08,ASK
1443315260,1516.0,0.01,ASK
1443315261,1516.0,0.01,ASK
1443315262,1516.0,0.08,ASK
1443315262,1516.0,0.09,ASK
1443315263,1516.0,0.01,ASK
1443315263,1516.0,0.08,ASK
1443315263,1516.0,0.0103,ASK
1443315264,1516.0,0.026,ASK
1443315264,1516.0,0.01,ASK
1443315264,1516.13,0.001,BID
1443315265,1516.0,0.356,ASK
1443315266,1516.0,2.182,ASK
1443315266,1516.0,0.01,ASK
1443315266,1516.0,0.02,ASK
1443315266,1516.0,1.928,ASK
1443315267,1516.0,0.01,ASK
1443315267,1516.0,1.0,ASK
1443315269,1516.0,0.915,ASK
1443315269,1516.0,1.0,ASK
1443315269,1516.0,0.915,ASK
1443315269,1516.0,1.0,ASK
1443315271,1516.0,0.06,ASK
1443315272,1516.0,2.913,ASK
1443315273,1516.0,0.5,ASK
1443315274,1516.0,5.408,ASK
1443315275,1516.0,0.01,ASK
1443315275,1516.0,0.4,ASK
1443315275,1516.0,0.4,ASK
1443315275,1516.0,0.4,ASK
1443315276,1516.0,0.4,ASK
1443315277,1516.0,0.01,ASK
1443315278,1516.0,0.02,ASK
1443315278,1516.0,0.012,ASK
1443315279,1516.0,0.01,ASK
1443315279,1516.0,0.229,ASK
1443315280,1516.0,0.011,ASK
1443315281,1516.0,0.01,ASK
1443315281,1516.0,0.011,ASK
1443315281,1516.0,0.09,ASK
1443315283,1516.0,0.01,ASK
1443315285,1516.0,0.0014,ASK
1443315285,1516.11,0.001,BID
1443315286,1516.0,0.01,ASK
1443315287,1516.0,0.01,ASK
1443315288,1516.0,0.01,ASK
1443315292,1516.0,0.08,ASK
1443315292,1516.0,4.038,ASK
1443315293,1516.0,3.892,ASK
1443315293,1516.0,0.07,ASK
1443315293,1516.1,0.01,BID
1443315293,1516.11,0.0197,BID
1443315293,1516.12,0.473,BID
1443315293,1516.15,0.0973,BID
1443315293,1516.15,0.0275,BID
1443315293,1516.15,0.098,BID
1443315293,1516.16,0.4745,BID
1443315295,1516.13,0.01,ASK
1443315296,1516.13,0.01,ASK
1443315296,1516.13,0.38,ASK
1443315296,1516.01,0.02,ASK
1443315297,1516.01,0.0008,ASK
1443315297,1516.01,0.1248,ASK
1443315297,1516.0,0.2744,ASK
1443315298,1516.0,0.039,ASK
1443315299,1516.0,0.4,ASK
1443315299,1516.0,0.17,ASK
1443315299,1516.0,6.873,ASK
1443315299,1516.0,0.1256,ASK
1443315299,1516.0,0.38,ASK
1443315300,1516.0,0.01,ASK
1443315302,1516.0,0.01,ASK
1443315302,1516.0,0.01,ASK
1443315303,1516.0,0.01,ASK
1443315304,1516.0,0.02,ASK
1443315304,1516.0,0.141,ASK
1443315305,1516.0,0.045,ASK
1443315306,1516.0,0.46,ASK
1443315306,1516.0,0.085,ASK
1443315306,1516.01,0.099,ASK
1443315306,1516.0,0.031,ASK
1443315306,1516.0,0.085,ASK
1443315307,1516.0,0.959,ASK
1443315307,1516.0,0.24,ASK
1443315307,1516.0,0.025,ASK
1443315308,1516.0,0.01,ASK
1443315309,1516.0,0.829,ASK
1443315309,1516.0,0.099,ASK
1443315310,1516.0,0.001,ASK
1443315310,1516.1,0.0015,ASK
1443315310,1516.01,0.0085,ASK
1443315311,1516.01,0.01,ASK
1443315313,1516.01,0.02,ASK
1443315315,1516.01,0.047,ASK
1443315316,1516.15,0.099,BID
1443315316,1516.01,0.01,ASK
1443315317,1516.01,0.025,ASK
1443315318,1516.16,0.08,ASK
1443315318,1516.16,0.019,ASK
1443315318,1516.01,0.061,ASK
1443315318,1516.01,0.08,ASK
1443315319,1516.01,0.01,ASK
1443315320,1516.01,0.047,ASK
1443315320,1516.01,0.047,ASK
1443315321,1516.01,0.013,ASK
1443315321,1516.01,0.0956,ASK
1443315321,1516.0,0.0034,ASK
1443315321,1516.0,0.013,ASK
1443315323,1516.0,0.025,ASK
1443315323,1516.0,0.1086,ASK
1443315324,1516.0,5.0,ASK
1443315324,1516.0,4.4491,ASK
1443315324,1516.0,4.2719,ASK
1443315324,1516.0,0.01,ASK
1443315324,1516.01,0.01,BID
1443315324,1516.14,0.09,BID
1443315324,1516.14,0.109,BID
1443315324,1516.14,0.109,BID
1443315325,1516.14,0.1661,BID
1443315325,1516.15,0.099,BID
1443315325,1516.16,0.019,ASK
1443315325,1516.16,0.0237,ASK
1443315326,1516.16,0.01,ASK
1443315326,1516.16,0.1562,ASK
1443315326,1516.0,0.0248,ASK
1443315328,1516.16,0.002,ASK
1443315328,1516.16,0.097,ASK
1443315328,1516.01,0.01,ASK
1443315330,1516.01,0.0137,ASK
1443315334,1516.0,0.1,ASK
1443315335,1516.0,0.0137,ASK
1443315335,1516.0,1.814,ASK
1443315337,1516.0,0.08,ASK
1443315338,1516.01,0.474,ASK
1443315339,1516.01,0.0001,ASK
1443315339,1516.01,0.099,ASK
1443315339,1516.0,6.2189,ASK
1443315339,1516.0,0.9225,ASK
1443315339,1516.0,0.3,ASK
1443315339,1515.89,0.005,ASK
1443315339,1515.88,0.005,ASK
1443315339,1515.88,0.005,ASK
1443315339,1515.75,0.3,ASK
1443315339,1515.71,0.002,ASK
1443315339,1515.71,3.4605,ASK
1443315341,1515.71,0.145,ASK
1443315341,1515.72,5.0,ASK
1443315341,1515.72,14.974,ASK
1443315342,1515.71,0.113,ASK
1443315343,1515.71,0.733,ASK
1443315344,1515.71,1.0,ASK
1443315345,1515.71,0.4,ASK
1443315347,1515.71,0.1,ASK
1443315347,1515.71,0.711,ASK
1443315348,1515.71,0.5,ASK
1443315348,1516.0,0.001,BID
1443315349,1515.71,0.242,ASK
1443315350,1515.71,0.1,ASK
1443315350,1515.71,0.01,ASK
1443315350,1515.71,0.498,ASK
1443315351,1515.71,0.01,ASK
1443315352,1515.71,0.01,ASK
1443315354,1515.71,0.0433,ASK
1443315354,1515.68,0.0023,ASK
1443315354,1515.68,0.005,ASK
1443315354,1515.63,0.005,ASK
1443315354,1515.63,0.005,ASK
1443315354,1515.63,0.005,ASK
1443315354,1515.51,0.041,ASK
1443315355,1515.51,0.319,ASK
1443315355,1516.0,0.005,ASK
1443315355,1515.51,0.0383,ASK
1443315357,1515.51,0.1017,ASK
1443315357,1515.51,3.7263,ASK
1443315357,1515.51,0.01,ASK
1443315358,1516.0,0.005,BID
1443315359,1515.51,0.017,ASK
1443315360,1515.5,0.3,ASK
1443315360,1515.34,0.29,ASK
1443315360,1515.26,0.005,ASK
1443315360,1515.26,0.005,ASK
1443315360,1515.25,0.3,ASK
1443315360,1515.21,0.1,ASK
1443315360,1515.2,0.01,ASK
1443315360,1516.0,0.005,BID
1443315363,1515.2,0.01,ASK
1443315365,1515.58,0.005,ASK
1443315365,1515.2,0.215,ASK
1443315366,1515.2,0.01,ASK
1443315367,1515.2,0.01,ASK
1443315367,1516.0,0.0056,ASK
1443315367,1515.2,2.3454,ASK
1443315369,1516.0,0.4741,BID
1443315369,1516.47,0.05,BID
1443315369,1516.48,3.0,BID
1443315369,1516.48,0.3209,BID
1443315369,1516.49,0.099,BID
1443315369,1516.49,4.7685,BID
1443315369,1516.5,1.0,BID
1443315369,1516.58,0.005,BID
1443315369,1516.75,0.3,BID
1443315369,1517.0,0.005,BID
1443315369,1517.0,0.3,BID
1443315369,1517.05,0.0047,BID
1443315369,1517.05,0.005,BID
1443315369,1517.05,0.005,BID
1443315369,1517.05,0.005,BID
1443315369,1517.1,0.005,BID
1443315369,1517.1,0.005,BID
1443315369,1517.11,0.005,BID
1443315369,1517.12,0.005,BID
1443315369,1517.12,0.005,BID
1443315369,1517.15,0.005,BID
1443315369,1517.2,0.005,BID
1443315369,1517.25,0.3,BID
1443315369,1517.3,0.005,BID
1443315369,1517.3,0.005,BID
1443315369,1517.33,0.001,BID
1443315369,1517.49,0.03,BID
1443315369,1517.5,0.3,BID
1443315369,1517.57,0.005,BID
1443315369,1517.58,0.005,BID
1443315369,1517.58,1.276,BID
1443315372,1516.05,0.005,ASK
1443315372,1515.21,0.005,ASK
1443315372,1515.21,0.01,ASK
1443315374,1515.21,0.01,ASK
1443315375,1515.22,0.035,ASK
1443315375,1515.21,0.9027,ASK
1443315375,1515.2,0.01,ASK
1443315378,1515.22,0.4743,ASK
1443315378,1515.2,2.1799,ASK
1443315380,1515.75,0.3,ASK
1443315380,1515.23,0.1743,ASK
1443315381,1516.0,0.3,ASK
1443315381,1515.23,0.1467,ASK
1443315381,1515.2,0.1533,ASK
1443315383,1515.25,0.3,BID
1443315383,1515.2,0.321,ASK
1443315384,1515.55,0.002,ASK
1443315384,1515.07,0.298,ASK
1443315384,1516.04,0.0436,BID
1443315384,1516.14,0.2564,BID
1443315385,1515.25,0.01,ASK
1443315385,1515.25,0.3,ASK
1443315385,1515.12,2.216,ASK
1443315386,1515.21,0.099,ASK
1443315386,1515.18,0.005,ASK
1443315386,1515.14,0.206,ASK
1443315388,1515.14,0.03,ASK
1443315392,1515.07,0.368,ASK
1443315394,1515.07,2.43,ASK
1443315398,1515.1,0.176,ASK
1443315399,1515.12,0.005,ASK
1443315399,1515.1,0.043,ASK
1443315417,1516.0,0.025,ASK
1443315418,1516.0,0.455,ASK
1443315418,1516.0,0.106,ASK
1443315419,1516.0,1.0,ASK
1443315419,1516.0,0.079,ASK
1443315419,1516.0,0.099,ASK
1443315419,1516.0,0.01,ASK
1443315420,1516.0,1.0,ASK
1443315421,1516.0,0.01,ASK
1443315421,1516.1,0.0065,BID
1443315421,1516.0,1.395,ASK
1443315421,1516.0,0.171,ASK
1443315421,1515.12,0.005,ASK
1443315421,1515.07,0.564,ASK
1443315427,1515.29,0.127,BID
1443315433,1515.58,0.005,ASK
1443315433,1515.3,0.005,ASK
1443315433,1515.3,0.122,ASK
1443315433,1515.3,0.0894,ASK
1443315434,1515.3,0.01,ASK
1443315457,1515.63,0.001,ASK
1443315458,1515.63,0.004,ASK
1443315458,1515.3,0.006,ASK
1443315459,1515.3,0.01,ASK
1443315470,1516.07,0.001,ASK
1443315470,1515.3,0.009,ASK
1443315471,1515.3,0.0026,ASK
1443315471,1515.3,0.0074,ASK
1443315471,1515.77,0.005,ASK
1443315471,1515.3,0.005,ASK
1443315489,1515.77,0.005,ASK
1443315489,1515.31,0.005,ASK
1443315489,1515.99,0.0132,BID
1443315493,1515.32,0.0132,ASK
1443315494,1515.31,0.013,ASK
1443315511,1515.99,0.0043,BID
1443315524,1515.31,0.4565,ASK
1443315524,1515.3,0.7769,ASK
1443315525,1515.3,0.04,ASK
1443315531,1515.97,0.001,BID
1443315535,1515.3,0.09,ASK
1443315546,1515.3,0.1456,ASK
1443315546,1515.15,0.005,ASK
1443315546,1515.15,0.005,ASK
1443315546,1515.09,0.0044,ASK
1443315547,1515.96,0.0021,BID
1443315570,1515.88,0.0237,BID
1443315570,1515.89,0.0199,BID
1443315590,1515.87,0.0041,BID
1443315595,1515.1,0.0311,ASK
1443315595,1515.1,0.0199,ASK
1443315595,1515.09,0.449,ASK
1443315604,1515.1,0.1081,ASK
1443315604,1515.09,6.0075,ASK
1443315607,1515.85,0.0011,BID
1443315607,1515.08,0.005,ASK
1443315607,1515.05,0.005,ASK
1443315607,1515.05,0.005,ASK
1443315607,1515.05,0.005,ASK
1443315607,1515.05,0.005,ASK
1443315607,1515.04,0.005,ASK
1443315607,1515.04,0.005,ASK
1443315607,1515.0,0.049,ASK
1443315612,1515.05,0.005,ASK
1443315612,1515.0,0.005,ASK
1443315614,1515.0,0.178,ASK
1443315616,1515.0,0.02,ASK
1443315617,1515.0,0.048,ASK
1443315617,1515.0,0.566,ASK
1443315618,1515.85,0.01,BID
1443315618,1515.85,0.09,BID
1443315618,1515.0,0.342,ASK
1443315620,1515.0,0.04,ASK
1443315621,1515.0,0.052,ASK
1443315621,1514.95,0.04,ASK
1443315624,1515.0,0.005,ASK
1443315624,1514.95,0.005,ASK
1443315625,1514.95,0.01,ASK
1443315625,1515.84,0.001,BID
1443315627,1514.95,0.078,ASK
1443315646,1515.8,0.002,BID
1443315665,1515.65,0.0014,BID
1443315668,1515.64,11.0,BID
1443315668,1515.64,6.0,BID
1443315668,1515.64,3.527,BID
1443315682,1515.65,0.0011,BID
1443315692,1514.95,0.01,ASK
1443315692,1514.94,0.004,ASK
1443315692,1514.8,0.005,ASK
1443315692,1514.79,0.005,ASK
1443315692,1514.76,0.005,ASK
1443315692,1514.76,0.015,ASK
1443315692,1514.75,0.3,ASK
1443315692,1514.67,0.005,ASK
1443315692,1514.65,0.005,ASK
1443315692,1514.55,0.005,ASK
1443315692,1514.51,0.015,ASK
1443315692,1514.5,0.3,ASK
1443315692,1514.41,0.0266,ASK
1443315692,1514.35,0.005,ASK
1443315692,1514.34,0.005,ASK
1443315692,1514.32,0.0339,ASK
1443315692,1514.31,1.0336,ASK
1443315701,1515.54,0.001,ASK
1443315706,1514.83,0.009,BID
1443315708,1515.13,0.965,ASK
1443315736,1515.26,0.005,ASK
1443315736,1514.96,0.005,ASK
1443315737,1514.96,0.005,ASK
1443315737,1514.95,0.005,ASK
1443315746,1515.28,0.001,ASK
1443315746,1514.83,0.005,ASK
1443315750,1514.69,0.004,BID
1443315755,1515.28,0.01,BID
1443315756,1515.27,0.01,BID
1443315758,1515.26,0.01,BID
1443315774,1515.23,0.01,BID
1443315775,1515.22,0.01,BID
1443315777,1515.21,0.01,BID
1443315780,1515.21,0.01,BID
1443315781,1515.21,0.01,BID
1443315785,1515.21,0.01,ASK
1443315786,1514.95,0.01,ASK
1443315789,1514.95,0.01,ASK
1443315790,1515.22,0.01,BID
1443315790,1515.22,0.01,BID
1443315790,1515.22,0.001,BID
1443315791,1514.95,0.01,ASK
1443315795,1515.21,0.01,BID
1443315801,1515.19,0.01,BID
1443315803,1515.19,0.008,BID
1443315803,1515.19,0.002,BID
1443315806,1515.18,0.01,BID
1443315807,1515.17,0.001,BID
1443315808,1515.17,0.01,BID
1443315808,1515.16,1.0,BID
1443315808,1515.16,1.0,BID
1443315808,1515.16,8.303,BID
1443315809,1514.96,0.01,ASK
1443315812,1514.96,0.0002,ASK
1443315812,1514.96,0.019,ASK
1443315813,1515.17,0.01,ASK
1443315813,1514.95,0.005,ASK
1443315814,1514.95,0.01,ASK
1443315818,1514.95,0.01,ASK
1443315819,1515.26,10.539,ASK
1443315819,1514.95,0.055,ASK
1443315820,1515.17,0.01,BID
1443315822,1515.16,0.01,BID
1443315825,1515.16,0.01,ASK
1443315827,1515.15,0.01,ASK
1443315828,1515.15,0.0041,BID
1443315829,1514.95,0.043,ASK
1443315830,1514.95,0.127,ASK
1443315835,1514.95,0.01,ASK
1443315836,1514.95,0.01,ASK
1443315847,1515.11,0.0103,BID
1443315849,1515.11,0.01,BID
1443315868,1515.12,0.0034,BID
1443315870,1515.11,0.001,BID
1443315892,1515.05,0.0011,BID
1443315908,1515.11,0.147,BID
1443315909,1515.11,0.2824,BID
1443315909,1515.12,0.0175,BID
1443315925,1515.12,0.104,ASK
1443315926,1515.13,0.1,BID
1443315926,1515.12,0.0255,ASK
1443315926,1515.12,0.2744,ASK
1443315927,1515.13,0.2494,BID
1443315938,1515.14,0.0011,ASK
1443315966,1515.14,0.0034,ASK
1443315976,1515.28,0.0052,ASK
1443315976,1515.14,0.0032,ASK
1443315976,1515.13,0.0016,ASK
1443315977,1515.13,0.01,ASK
1443315983,1515.14,0.0134,ASK
1443315983,1515.14,0.0203,ASK
1443315983,1515.14,0.0175,ASK
1443315983,1515.13,6.4884,ASK
1443315983,1515.13,0.0066,ASK
1443315984,1515.13,0.4538,BID
1443315984,1515.29,0.001,BID
1443315984,1515.29,0.65,ASK
1443315986,1515.29,0.2633,ASK
1443315987,1515.29,0.0044,ASK
1443315988,1515.29,0.0103,ASK
1443315998,1515.29,15.0,ASK
1443315999,1515.29,0.0201,ASK
1443316016,1515.29,0.0041,ASK
1443316017,1515.29,0.593,ASK
1443316017,1515.29,0.001,BID
1443316054,1515.27,0.001,BID
1443316083,1515.28,0.001,ASK
1443316085,1515.29,0.01,BID
1443316113,1515.28,2.4515,ASK
1443316226,1515.29,0.1,BID
1443316227,1515.29,0.296,BID
1443316227,1515.29,0.3639,BID
1443316228,1515.29,0.0561,BID
1443316253,1515.3,0.001,ASK
1443316253,1515.44,0.001,BID
1443316277,1515.44,0.0052,BID
1443316277,1515.49,0.0044,BID
1443316295,1515.31,0.001,ASK
1443316295,1515.49,0.001,BID
1443316300,1515.3,0.3632,ASK
1443316301,1515.3,0.2396,ASK
1443316301,1515.3,0.6599,ASK
1443316304,1515.28,1.2381,ASK
1443316306,1515.28,2.0276,ASK
1443316306,1515.14,0.0066,ASK
1443316306,1515.12,0.0066,ASK
1443316306,1514.99,0.001,ASK
1443316306,1514.96,0.0066,ASK
1443316306,1514.95,1.4187,ASK
1443316312,1515.26,0.01,BID
1443316315,1515.26,0.0011,BID
1443316318,1515.26,0.01,BID
1443316324,1515.26,0.0035,BID
1443316324,1515.26,0.0065,BID
1443316336,1515.26,0.0114,BID
1443316336,1515.26,0.0111,BID
1443316336,1515.26,0.01,BID
1443316336,1515.27,0.6495,BID
1443316339,1515.27,0.0005,BID
1443316339,1515.28,0.099,BID
1443316339,1515.28,0.065,BID
1443316339,1515.29,0.65,BID
1443316339,1515.29,0.5845,BID
1443316339,1514.95,0.013,ASK
1443316340,1515.29,0.0655,BID
1443316340,1515.5,0.0245,BID
1443316347,1515.25,0.001,ASK
1443316360,1515.49,0.0088,BID
1443316361,1515.49,0.0062,BID
1443316362,1515.49,0.0003,ASK
1443316377,1515.49,0.01,BID
1443316381,1515.49,0.0038,BID
1443316382,1515.49,0.0064,ASK
1443316385,1515.49,0.0036,BID
1443316385,1515.49,0.1,BID
1443316385,1515.5,0.1754,BID
1443316385,1515.49,0.0102,BID
1443316385,1515.5,0.1001,BID
1443316387,1515.51,0.1687,ASK
1443316387,1515.55,0.005,BID
1443316387,1515.55,0.005,BID
1443316388,1515.52,0.0297,ASK
1443316393,1515.58,0.0136,BID
1443316393,1515.59,0.0864,BID
1443316393,1515.59,0.01,BID
1443316396,1515.59,0.2823,BID
1443316400,1515.6,0.001,ASK
1443316404,1515.63,0.003,BID
1443316404,1515.65,0.0025,BID
1443316404,1515.67,0.005,BID
1443316404,1515.75,0.3,BID
1443316404,1515.8,0.003,BID
1443316404,1515.83,0.005,BID
1443316404,1515.87,0.005,BID
1443316404,1515.9,0.8565,BID
1443316406,1515.89,12.697,BID
1443316406,1515.9,0.0504,BID
1443316406,1515.94,0.002,BID
1443316406,1515.95,0.005,BID
1443316406,1516.0,0.0124,BID
1443316406,1516.0,0.005,BID
1443316406,1516.0,0.3,BID
1443316406,1516.0,0.098,BID
1443316406,1516.04,0.005,BID
1443316406,1516.04,0.005,BID
1443316406,1516.05,0.005,BID
1443316406,1516.05,0.005,BID
1443316406,1516.05,0.005,BID
1443316406,1516.05,0.005,BID
1443316406,1516.08,0.005,BID
1443316406,1516.12,0.005,BID
1443316406,1516.12,0.005,BID
1443316406,1516.15,0.005,BID
1443316406,1516.15,0.005,BID
1443316406,1516.18,0.005,BID
1443316406,1516.25,0.3,BID
1443316406,1516.26,0.005,BID
1443316406,1516.5,0.3,BID
1443316406,1516.54,0.004,BID
1443316406,1516.58,0.005,BID
1443316406,1516.63,0.005,BID
1443316406,1516.75,0.0282,BID
1443316408,1515.62,1.0,BID
1443316408,1515.62,19.559,BID
1443316412,1515.65,0.005,BID
1443316412,1515.63,0.005,ASK
1443316413,1516.36,0.005,BID
1443316413,1516.38,0.005,BID
1443316415,1516.38,0.005,ASK
1443316418,1516.39,0.504,ASK
1443316419,1516.39,0.0005,ASK
1443316419,1516.38,0.01,ASK
1443316419,1516.38,0.2685,BID
1443316419,1516.38,0.28,BID
1443316419,1516.74,0.0433,BID
1443316420,1516.74,0.2667,BID
1443316420,1516.75,0.2718,BID
1443316420,1516.77,0.005,BID
1443316420,1516.77,0.005,BID
1443316420,1516.77,0.001,ASK
1443316421,1516.77,0.005,ASK
1443316422,1516.77,0.01,ASK
1443316422,1516.77,0.0273,ASK
1443316422,1515.63,0.005,ASK
1443316422,1515.61,0.0329,ASK
1443316422,1515.6,0.0044,ASK
1443316425,1516.27,0.0147,BID
1443316440,1515.76,0.0011,ASK
1443316449,1516.39,0.005,BID
1443316450,1516.39,9.47,BID
1443316454,1516.36,0.005,BID
1443316456,1515.76,0.001,ASK
1443316474,1515.76,0.0065,ASK
1443316484,1516.35,0.01,BID
1443316495,1515.8,0.0102,ASK
1443316503,1515.89,0.005,ASK
1443316503,1515.82,0.095,ASK
1443316505,1516.34,4.0,ASK
1443316505,1516.34,1.0,ASK
1443316505,1516.34,9.789,ASK
1443316506,1516.35,0.009,BID
1443316506,1516.35,0.001,BID
1443316510,1516.35,0.0147,BID
1443316510,1516.35,0.0102,BID
1443316510,1516.36,0.3701,BID
1443316510,1515.9,0.01,ASK
1443316510,1516.35,0.01,BID
1443316510,1516.36,0.1249,BID
1443316510,1516.4,0.005,BID
1443316510,1516.53,0.005,BID
1443316510,1516.55,0.005,BID
1443316510,1516.55,0.005,BID
1443316510,1516.75,0.005,BID
1443316510,1516.76,0.001,BID
1443316510,1516.8,0.005,BID
1443316510,1516.89,0.005,BID
1443316511,1516.97,2.0,ASK
1443316511,1516.97,1.446,ASK
1443316512,1516.91,0.0096,ASK
1443316512,1516.91,0.1624,ASK
1443316513,1516.91,0.378,ASK
1443316513,1516.89,0.009,ASK
1443316515,1516.89,0.0571,ASK
1443316515,1516.89,0.2299,ASK
1443316516,1516.89,0.0001,ASK
1443316525,1516.87,0.005,BID
1443316525,1516.88,0.095,BID
1443316526,1516.88,0.248,BID
1443316526,1516.88,0.248,BID
1443316559,1516.03,0.001,ASK
1443316580,1516.03,0.001,ASK
1443316598,1516.03,0.0011,ASK
1443316619,1516.03,0.001,ASK
1443316633,1516.79,0.01,BID
1443316635,1516.78,0.01,BID
1443316637,1516.78,0.01,ASK
1443316641,1516.03,0.0042,ASK
1443316643,1516.76,0.01,ASK
1443316650,1516.79,0.01,BID
1443316654,1516.79,0.01,ASK
1443316656,1516.77,0.01,BID
1443316657,1516.03,0.001,ASK
1443316658,1516.77,0.01,ASK
1443316664,1516.78,0.01,BID
1443316664,1516.78,0.002,BID
1443316664,1516.78,0.008,BID
1443316676,1516.75,0.001,BID
1443316676,1516.78,0.022,ASK
1443316678,1516.78,1.0019,ASK
1443316679,1516.78,0.127,ASK
1443316679,1516.78,0.189,ASK
1443316679,1516.8,0.005,BID
1443316679,1516.8,0.005,BID
1443316679,1516.8,0.005,BID
1443316679,1516.8,0.005,BID
1443316679,1516.8,0.005,BID
1443316679,1516.87,0.022,BID
1443316679,1516.88,1.2347,BID
1443316679,1516.9,10.3434,BID
1443316680,1516.79,0.0044,ASK
1443316683,1516.89,0.01,BID
1443316684,1516.89,0.1318,BID
1443316685,1516.89,0.2984,BID
1443316685,1516.9,0.1418,BID
1443316686,1516.9,0.4302,BID
1443316693,1516.79,0.001,ASK
1443316693,1516.9,0.01,BID
1443316694,1516.89,2.0,ASK
1443316694,1516.89,12.0,ASK
1443316694,1516.89,1.224,ASK
1443316699,1516.9,0.01,BID
1443316700,1516.79,0.0239,ASK
1443316701,1516.78,0.0239,ASK
1443316701,1516.79,0.01,BID
1443316704,1516.79,0.1651,BID
1443316705,1516.79,0.5614,BID
1443316710,1516.89,0.0327,BID
1443316710,1516.9,0.1113,BID
1443316711,1516.9,0.0327,BID
1443316713,1516.81,0.0065,ASK
1443316714,1516.81,0.0314,ASK
1443316714,1516.8,0.0979,ASK
1443316714,1516.8,0.6311,ASK
1443316715,1516.8,0.0282,ASK
1443316718,1516.79,0.0238,ASK
1443316718,1516.78,0.4746,ASK
1443316718,1516.78,0.001,ASK
1443316718,1516.12,0.0616,ASK
1443316718,1516.11,1.2321,ASK
1443316718,1516.11,0.0733,ASK
1443316718,1516.11,0.5913,ASK
1443316718,1516.1,3.9423,ASK
1443316729,1516.78,0.0238,BID
1443316729,1516.8,0.0062,BID
1443316744,1516.78,0.009,BID
1443316746,1516.8,0.0035,BID
1443316746,1516.89,0.0379,BID
1443316746,1516.89,0.0733,BID
1443316746,1516.89,0.0553,BID
1443316760,1516.89,0.0063,BID
1443316760,1516.89,0.0238,BID
1443316760,1516.9,0.0499,BID
1443316761,1516.9,0.0301,BID
1443316762,1516.78,0.0014,ASK
1443316764,1516.9,0.01,BID
1443316768,1516.9,0.01,BID
1443316774,1516.9,0.41,BID
1443316775,1516.9,0.6592,BID
1443316776,1516.9,0.6592,BID
1443316777,1516.9,0.6592,BID
1443316778,1516.9,0.01,BID
1443316778,1516.9,0.6592,BID
1443316779,1516.9,0.6592,BID
1443316780,1516.9,0.6592,BID
1443316781,1516.9,0.4454,BID
1443316781,1516.91,0.005,BID
1443316781,1516.91,0.005,BID
1443316782,1516.91,0.0098,ASK
1443316805,1516.91,0.0042,ASK
1443316822,1516.91,0.1898,ASK
1443316822,1516.91,0.5412,ASK
1443316823,1516.91,0.118,ASK
1443316827,1516.9,0.532,BID
1443316828,1516.9,0.65,BID
1443316828,1516.91,0.002,BID
1443316828,1516.93,0.005,BID
1443316828,1516.94,0.005,BID
1443316828,1516.95,0.005,BID
1443316828,1516.95,0.003,BID
1443316828,1516.95,0.005,BID
1443316828,1516.96,0.005,BID
1443316828,1516.99,0.072,BID
1443316829,1516.99,0.01,BID
1443316832,1516.99,0.01,BID
1443316835,1516.92,0.0333,ASK
1443316835,1516.91,0.0072,ASK
1443316835,1516.91,0.0824,ASK
1443316836,1516.91,0.0333,ASK
1443316841,1516.98,0.0104,BID
1443316841,1516.99,0.208,BID
1443316841,1516.99,0.0229,BID
1443316841,1517.0,0.3,BID
1443316841,1517.0,0.4587,BID
1443316846,1516.99,0.001,ASK
1443316847,1517.0,1.0,BID
1443316848,1517.0,0.036,BID
1443316848,1517.0,0.6592,BID
1443316849,1517.0,0.6592,BID
1443316850,1517.0,0.1869,BID
1443316850,1517.01,0.005,BID
1443316851,1517.02,0.005,BID
1443316851,1517.05,0.1081,BID
1443316851,1517.25,0.0769,BID
1443316858,1517.25,0.2189,BID
1443316859,1517.25,0.0042,BID
1443316859,1517.26,0.002,BID
1443316869,1517.26,0.2169,ASK
1443316869,1517.02,0.002,ASK
1443316870,1517.25,0.2169,BID
1443316870,1517.26,0.2831,BID
1443316870,1517.26,0.005,BID
1443316885,1517.03,0.001,ASK
1443316902,1517.02,0.0011,ASK
1443316915,1517.49,0.1209,BID
1443316922,1517.02,0.0041,ASK
1443316933,1517.02,0.0255,ASK
1443316933,1517.01,0.2745,ASK
1443316942,1517.02,0.0017,ASK
1443316961,1517.22,0.0436,ASK
1443316962,1517.48,0.004,BID
1443316970,1517.5,0.18,BID
1443316979,1517.21,0.0316,ASK
1443316986,1517.5,0.12,BID
1443316986,1517.59,0.005,BID
1443316986,1517.61,0.005,BID
1443316986,1517.61,0.005,BID
1443316986,1517.69,0.045,BID
1443316995,1517.21,0.001,ASK
1443317018,1517.23,0.001,ASK
1443317024,1517.63,0.004,BID
1443317031,1517.61,0.0174,BID
1443317031,1517.66,0.3801,BID
1443317031,1517.67,0.0196,BID
1443317031,1517.7,0.0347,BID
1443317031,1517.7,0.0014,BID
1443317031,1517.7,0.011,BID
1443317031,1517.73,0.015,BID
1443317031,1517.74,0.3,BID
1443317031,1517.75,0.3,BID
1443317031,1517.75,0.1835,BID
1443317031,1517.75,0.0205,BID
1443317031,1517.75,0.0011,BID
1443317031,1517.75,0.001,BID
1443317031,1517.8,0.0652,BID
1443317031,1517.8,0.005,BID
1443317031,1517.8,0.005,BID
1443317031,1517.82,0.004,BID
1443317031,1517.85,0.005,BID
1443317031,1517.85,0.005,BID
1443317031,1518.0,1.5293,BID
1443317031,1518.0,0.3,BID
1443317031,1518.06,0.005,BID
1443317031,1518.13,0.002,BID
1443317031,1518.2,1.7892,BID
1443317032,1517.24,3.724,BID
1443317034,1518.19,5.199,BID
1443317038,1518.2,0.2198,BID
1443317039,1517.25,0.0042,ASK
1443317044,1518.2,1.9333,BID
1443317044,1518.24,4.653,BID
1443317060,1517.3,0.001,ASK
1443317073,1517.49,0.01,ASK
1443317075,1517.49,0.01,ASK
1443317079,1517.49,0.0018,ASK
1443317098,1517.54,0.5051,ASK
1443317098,1517.53,0.5,ASK
1443317098,1517.5,0.4738,ASK
1443317098,1517.49,0.01,ASK
1443317098,1517.49,0.1205,ASK
1443317098,1517.48,3.0,ASK
1443317098,1517.21,0.1974,ASK
1443317098,1517.21,4.6561,ASK
1443317098,1517.2,3.5436,ASK
1443317101,1517.57,0.055,ASK
1443317116,1517.5,0.099,ASK
1443317116,1517.23,0.025,ASK
1443317116,1517.21,0.024,ASK
1443317116,1517.2,32.0726,ASK
1443317118,1518.22,150.0,ASK
1443317130,1517.5,0.0051,BID
1443317130,1518.22,0.0949,BID
1443317132,1517.25,0.02,ASK
1443317146,1517.25,0.005,ASK
1443317146,1517.25,0.02,ASK
1443317146,1517.24,0.025,ASK
1443317160,1517.24,0.0048,BID
1443317178,1517.3,0.0043,ASK
1443317180,1517.4,4.8396,ASK
1443317180,1517.31,0.0261,ASK
1443317180,1517.3,4.8353,ASK
1443317180,1517.24,0.055,ASK
1443317180,1517.23,0.01,ASK
1443317180,1517.21,0.234,ASK
1443317183,1518.06,12.0,ASK
1443317183,1518.06,1.127,ASK
1443317207,1517.42,0.0102,BID
1443317221,1517.41,0.001,ASK
1443317227,1518.0,0.0237,BID
1443317227,1518.01,0.0663,BID
1443317227,1517.5,10.0,ASK
1443317227,1517.42,0.0051,ASK
1443317227,1517.42,0.0228,ASK
1443317227,1517.41,3.0,ASK
1443317227,1517.4,4.3177,ASK
1443317248,1517.5,0.004,BID
1443317248,1517.97,0.407,BID
1443317248,1517.96,0.015,BID
1443317248,1517.97,0.0005,BID
1443317250,1517.98,0.1,ASK
1443317251,1517.98,0.055,ASK
1443317266,1517.43,0.001,ASK
1443317289,1517.43,0.0056,ASK
1443317311,1517.43,0.001,ASK
1443317312,1517.43,0.001,ASK
1443317314,1518.19,0.21,BID
1443317314,1518.19,0.2951,BID
1443317314,1518.23,0.8849,BID
1443317319,1518.2,0.05,ASK
1443317320,1518.2,0.112,ASK
1443317349,1517.75,0.01,ASK
1443317363,1517.76,0.0021,ASK
1443317383,1517.75,0.0026,BID
1443317386,1517.74,0.001,ASK
1443317391,1517.68,0.049,BID
1443317391,1518.18,0.001,BID
1443317403,1517.6,0.0011,ASK
1443317424,1518.17,0.0021,BID
1443317424,1518.18,0.0177,BID
1443317424,1518.18,0.01,BID
1443317424,1518.19,0.101,BID
1443317428,1517.41,0.0286,ASK
1443317428,1517.41,0.0176,ASK
1443317428,1517.4,0.0038,ASK
1443317430,1517.67,1.0,ASK
1443317430,1517.67,7.499,ASK
1443317438,1517.43,0.01,ASK
1443317447,1517.67,0.01,ASK
1443317447,1517.42,0.001,ASK
1443317448,1517.42,0.473,ASK
1443317448,1517.4,0.127,ASK
1443317449,1517.4,0.6,ASK
1443317450,1517.41,0.4,BID
1443317454,1517.42,0.0026,BID
1443317463,1517.4,0.6,ASK
1443317463,1517.4,0.6,ASK
1443317464,1517.4,0.65,ASK
1443317465,1517.4,0.65,ASK
1443317466,1517.4,0.65,ASK
1443317467,1517.4,0.65,ASK
1443317467,1517.4,0.01,ASK
1443317468,1517.4,0.65,ASK
1443317469,1517.41,0.01,BID
1443317469,1517.4,0.65,ASK
1443317471,1517.4,0.65,ASK
1443317472,1517.41,0.01,BID
1443317472,1517.4,0.65,ASK
1443317473,1517.4,0.65,ASK
1443317474,1517.4,0.65,ASK
1443317475,1517.4,0.65,ASK
1443317475,1517.4,0.203,ASK
1443317476,1517.4,0.65,ASK
1443317477,1517.4,0.0562,ASK
1443317482,1517.4,0.001,BID
1443317482,1517.41,0.0011,BID
1443317489,1517.2,0.024,ASK
1443317495,1517.2,1.1456,ASK
1443317502,1517.2,0.0132,ASK
1443317502,1517.39,0.004,BID
1443317520,1517.2,0.001,ASK
1443317521,1517.36,0.0056,BID
1443317522,1517.36,0.0171,BID
1443317522,1517.39,0.0069,BID
1443317526,1517.39,0.43,ASK
1443317528,1517.36,0.01,BID
1443317531,1517.36,0.014,BID
1443317531,1517.37,0.02,BID
1443317531,1517.38,0.4,BID
1443317531,1517.39,0.0107,BID
1443317543,1517.39,0.0215,ASK
1443317544,1517.4,0.001,BID
1443317557,1517.39,0.01,ASK
1443317560,1517.39,0.001,ASK
1443317561,1517.4,0.0026,BID
1443317562,1517.4,0.2138,BID
1443317562,1517.41,0.099,BID
1443317562,1517.41,0.0356,BID
1443317562,1517.42,0.9262,BID
1443317562,1518.14,0.0616,BID
1443317562,1518.15,0.6638,BID
1443317585,1517.43,0.001,ASK
1443317605,1517.44,0.0071,ASK
1443317606,1517.44,0.0272,ASK
1443317606,1517.43,0.6237,ASK
1443317626,1517.43,0.0024,ASK
1443317634,1517.43,0.0364,ASK
1443317634,1517.43,0.0237,ASK
1443317636,1517.43,0.01,BID
1443317636,1517.43,0.614,BID
1443317636,1517.43,0.6,BID
1443317636,1517.43,0.6,BID
1443317636,1517.43,0.4,BID
1443317639,1517.43,0.49,BID
1443317640,1517.43,0.659,BID
1443317640,1517.42,0.4,ASK
1443317641,1517.43,0.659,BID
1443317642,1517.43,0.659,BID
1443317643,1517.43,0.659,BID
1443317643,1517.43,1.0,BID
1443317644,1517.43,0.659,BID
1443317645,1517.43,0.659,BID
1443317646,1517.43,0.659,BID
1443317647,1517.43,0.659,BID
1443317648,1517.43,0.659,BID
1443317649,1517.43,0.659,BID
1443317650,1517.43,0.659,BID
1443317651,1517.43,0.659,BID
1443317652,1517.43,0.659,BID
1443317654,1517.43,0.659,BID
1443317655,1517.43,0.659,BID
1443317656,1517.43,0.659,BID
1443317657,1517.43,0.659,BID
1443317658,1517.43,0.659,BID
1443317659,1517.43,0.659,BID
1443317660,1517.43,0.659,BID
1443317661,1517.43,0.5659,BID
1443317661,1517.43,0.0011,BID
1443317673,1517.45,0.362,ASK
1443317678,1517.44,0.0015,ASK
1443317699,1517.5,0.3,ASK
1443317700,1517.5,0.01,ASK
1443317700,1517.5,0.0065,ASK
1443317704,1517.5,0.303,ASK
1443317716,1517.5,0.001,ASK
1443317727,1517.94,0.0181,BID
1443317727,1517.95,0.0819,BID
1443317737,1517.51,0.001,ASK
1443317751,1517.91,0.2801,BID
1443317751,1517.91,0.02,BID
1443317751,1517.92,0.4,BID
1443317752,1517.94,0.593,ASK
1443317753,1517.94,0.4,ASK
1443317753,1517.94,0.6,ASK
1443317753,1517.94,0.6,ASK
1443317754,1517.94,0.65,ASK
1443317755,1517.94,0.65,ASK
1443317755,1517.94,0.355,ASK
1443317756,1517.94,0.01,ASK
1443317756,1517.94,0.65,ASK
1443317756,1517.94,0.0077,ASK
1443317757,1517.94,0.0545,ASK
1443317758,1517.51,0.098,ASK
1443317758,1517.51,0.0245,ASK
1443317760,1517.92,0.01,BID
1443317761,1517.92,0.01,BID
1443317763,1517.52,0.01,ASK
1443317780,1517.9,0.001,BID
1443317797,1517.52,0.0237,ASK
1443317797,1517.51,0.4741,ASK
1443317797,1517.51,0.0755,ASK
1443317797,1517.5,0.0773,ASK
1443317873,1517.91,0.01,BID
1443317873,1517.92,0.099,BID
1443317873,1517.92,0.0443,BID
1443317873,1517.92,0.4741,ASK
1443317874,1517.92,0.0237,ASK
1443317877,1517.92,0.6,ASK
1443317877,1517.92,2.0,ASK
1443317878,1517.92,0.65,ASK
1443317879,1517.92,0.65,ASK
1443317880,1517.92,0.65,ASK
1443317881,1517.92,0.01,ASK
1443317881,1517.92,0.65,ASK
1443317882,1517.92,0.65,ASK
1443317883,1517.92,0.65,ASK
1443317884,1517.92,0.65,ASK
1443317885,1517.92,0.65,ASK
1443317886,1517.92,0.65,ASK
1443317887,1517.93,0.099,BID
1443317887,1517.92,0.65,ASK
1443317888,1517.93,0.4965,BID
1443317888,1517.93,0.1623,BID
1443317889,1517.93,0.4877,BID
1443317890,1517.94,0.099,ASK
1443317892,1517.94,0.0721,ASK
1443317892,1517.94,0.5279,ASK
1443317892,1517.94,0.01,ASK
1443317893,1517.95,0.5053,ASK
1443317893,1517.94,0.1209,ASK
1443317893,1517.92,1.3738,ASK
1443317897,1517.93,0.01,ASK
1443317899,1517.93,0.0244,ASK
1443317899,1517.93,0.0335,ASK
1443317899,1517.93,0.0381,ASK
1443317899,1517.93,0.4741,ASK
1443317899,1517.92,1.4299,ASK
1443317910,1517.93,0.01,ASK
1443317913,1517.93,0.089,ASK
1443317913,1517.92,2.491,ASK
1443317917,1517.92,0.01,ASK
1443317918,1517.92,0.01,ASK
1443317920,1517.92,0.01,ASK
1443317927,1517.92,0.01,ASK
1443317934,1517.92,0.01,ASK
1443317937,1517.92,0.01,ASK
1443317941,1517.92,0.01,ASK
1443317942,1517.93,5.0,ASK
1443317942,1517.93,14.641,ASK
1443317965,1517.92,0.01,ASK
1443317968,1517.92,0.01,ASK
1443317991,1518.15,0.5053,ASK
1443317992,1518.15,0.0237,ASK
1443317993,1518.15,0.01,ASK
1443317996,1518.15,0.4741,ASK
1443317997,1518.15,0.65,ASK
1443317997,1518.19,0.01,BID
1443317998,1518.15,0.5669,ASK
1443318023,1517.94,0.0253,ASK
1443318023,1517.92,2.6452,ASK
1443318024,1517.92,0.0253,ASK
1443318026,1518.08,0.01,BID
1443318026,1518.09,0.09,BID
1443318027,1518.0,0.1478,BID
1443318027,1517.93,0.5053,ASK
1443318028,1517.94,0.0253,ASK
1443318028,1517.93,0.0732,ASK
1443318028,1517.92,0.4068,ASK
1443318028,1517.92,0.2,ASK
1443318029,1517.92,0.5053,ASK
1443318029,1517.92,0.0253,ASK
1443318030,1518.0,2.58,BID
1443318031,1517.92,0.055,ASK
1443318031,1517.99,0.01,BID
1443318031,1517.99,0.4953,BID
1443318033,1518.01,0.1635,ASK
1443318033,1517.92,0.4865,ASK
1443318034,1517.92,0.65,ASK
1443318034,1517.92,0.011,ASK
1443318036,1517.92,0.016,ASK
1443318036,1517.92,0.01,ASK
1443318037,1517.93,0.01,ASK
1443318038,1517.93,0.01,ASK
1443318039,1517.92,0.305,ASK
1443318047,1517.92,0.011,ASK
1443318048,1517.98,0.01,ASK
1443318051,1517.92,0.117,ASK
1443318052,1517.92,0.5351,ASK
1443318062,1517.91,0.1149,BID
1443318062,1517.91,0.65,BID
1443318065,1518.0,0.2351,ASK
1443318066,1517.5,0.016,ASK
1443318082,1517.53,0.01,BID
1443318097,1517.54,0.6,ASK
1443318097,1517.54,0.4,ASK
1443318097,1517.54,0.18,ASK
1443318098,1517.97,8.0,ASK
1443318098,1517.97,11.502,ASK
1443318100,1517.5,1.4162,ASK
1443318103,1517.47,0.4743,BID
1443318104,1517.47,0.659,BID
1443318107,1517.48,0.4743,ASK
1443318108,1517.48,0.002,ASK
1443318115,1517.48,0.1827,ASK
1443318115,1517.47,0.0173,ASK
1443318119,1517.47,0.457,ASK
1443318121,1517.46,0.002,ASK
1443318121,1517.39,0.041,ASK
1443318218,1517.71,0.0237,BID
1443318218,1517.72,0.3763,BID
1443318221,1517.72,0.01,ASK
1443318222,1517.72,0.01,ASK
1443318224,1517.72,0.0037,ASK
1443318230,1517.71,0.01,BID
1443318232,1517.71,0.0843,BID
1443318232,1517.78,0.09,BID
1443318232,1517.79,0.0187,BID
1443318233,1518.08,2.0,BID
1443318233,1518.08,1.152,BID
1443318245,1517.72,0.015,ASK
1443318247,1517.72,0.0693,ASK
1443318248,1517.53,0.0237,ASK
1443318248,1517.52,0.0456,ASK
1443318250,1517.52,0.4287,ASK
1443318250,1517.51,0.019,ASK
1443318252,1517.5,0.07,ASK
1443318253,1517.5,0.65,ASK
1443318253,1517.5,0.04,ASK
1443318254,1517.5,0.65,ASK
1443318254,1517.5,0.223,ASK
1443318255,1517.5,0.65,ASK
1443318256,1517.51,0.01,BID
1443318256,1517.5,0.65,ASK
1443318257,1517.5,0.011,ASK
1443318259,1517.5,0.02,ASK
1443318259,1517.5,0.326,ASK
1443318259,1517.39,0.854,ASK
1443318260,1517.39,0.232,ASK
1443318262,1517.39,1.18,ASK
1443318262,1517.39,0.08,ASK
1443318263,1517.39,0.01,ASK
1443318264,1517.39,0.7,ASK
1443318266,1517.39,0.015,ASK
1443318271,1517.39,0.513,ASK
1443318272,1517.39,0.105,ASK
1443318273,1517.39,0.084,ASK
1443318273,1517.39,0.105,ASK
1443318274,1517.39,0.6038,ASK
1443318274,1517.22,0.03,ASK
1443318274,1517.2,0.1052,ASK
1443318274,1517.21,11.0,ASK
1443318274,1517.21,3.064,ASK
1443318276,1517.2,0.15,ASK
1443318278,1517.2,0.01,ASK
1443318284,1517.2,0.01,ASK
1443318290,1517.2,1.0,ASK
1443318290,1517.2,0.4397,ASK
1443318291,1517.2,0.01,ASK
1443318293,1517.2,0.105,ASK
1443318300,1517.2,0.01,ASK
1443318303,1517.2,0.109,ASK
1443318306,1517.45,0.4743,BID
1443318307,1517.46,0.0237,ASK
1443318308,1517.46,0.064,ASK
1443318309,1517.46,0.109,ASK
1443318309,1517.46,0.109,ASK
1443318309,1517.46,0.109,ASK
1443318309,1517.46,0.109,ASK
1443318309,1517.46,0.109,ASK
1443318310,1517.46,0.01,ASK
1443318313,1517.46,0.026,ASK
1443318325,1517.46,0.11,ASK
1443318331,1517.46,0.067,ASK
1443318332,1517.21,0.0237,ASK
1443318332,1517.2,0.0433,ASK
1443318334,1517.49,0.1,BID
1443318358,1517.2,0.03,ASK
1443318385,1517.21,0.182,ASK
1443318391,1517.4,0.002,BID
1443318395,1517.21,0.07,ASK
1443318395,1517.49,0.0215,BID
1443318395,1517.49,0.1117,BID
1443318395,1517.5,0.9211,BID
1443318396,1517.21,0.2224,ASK
1443318396,1517.2,0.07,ASK
1443318397,1517.2,0.2224,ASK
1443318397,1517.2,0.2924,ASK
1443318398,1517.2,0.837,ASK
1443318399,1517.2,0.65,ASK
1443318399,1517.2,0.036,ASK
1443318413,1517.2,1.75,ASK
1443318414,1517.2,0.1046,ASK
1443318441,1517.2,0.311,ASK
1443318443,1517.2,0.01,ASK
1443318444,1517.2,0.01,ASK
1443318445,1517.2,0.011,ASK
1443318446,1517.2,0.01,ASK
1443318448,1517.2,6.8634,ASK
1443318449,1517.05,0.003,ASK
1443318449,1517.0,0.3,ASK
1443318449,1517.0,0.453,ASK
1443318458,1517.2,0.001,BID
1443318458,1517.33,0.0067,BID
1443318467,1517.0,0.014,ASK
1443318470,1517.0,0.011,ASK
1443318471,1517.19,0.01,BID
1443318472,1517.0,0.38,ASK
1443318474,1517.0,0.4,ASK
1443318475,1517.0,0.887,ASK
1443318477,1517.0,0.506,ASK
1443318478,1517.1,0.01,BID
1443318479,1517.0,0.01,ASK
1443318480,1517.0,0.99,ASK
1443318480,1517.09,0.001,BID
1443318482,1517.0,0.01,ASK
1443318482,1517.0,6.339,ASK
1443318482,1516.98,0.01,ASK
1443318485,1516.98,0.3732,ASK
1443318485,1516.85,0.005,ASK
1443318485,1516.85,0.005,ASK
1443318485,1516.8,0.005,ASK
1443318485,1516.8,0.005,ASK
1443318485,1516.78,0.193,ASK
1443318485,1516.75,0.3,ASK
1443318485,1516.74,0.002,ASK
1443318485,1516.59,0.01,ASK
1443318485,1516.5,0.3,ASK
1443318488,1516.38,0.425,BID
1443318488,1516.38,0.0636,BID
1443318490,1516.89,0.01,BID
1443318493,1516.39,1.363,ASK
1443318493,1516.39,0.6,ASK
1443318493,1516.39,0.6595,ASK
1443318494,1516.26,12.0,ASK
1443318494,1516.26,8.0,ASK
1443318494,1516.26,0.576,ASK
1443318494,1516.38,0.369,BID
1443318496,1516.38,0.01,BID
1443318499,1516.39,1.6683,ASK
1443318502,1516.59,0.001,BID
1443318504,1516.59,0.0158,BID
1443318504,1516.6,0.3361,BID
1443318504,1516.7,0.3691,BID
1443318506,1516.26,0.015,ASK
1443318506,1516.25,0.285,ASK
1443318509,1516.39,0.01,ASK
1443318513,1516.6,0.005,BID
1443318514,1516.25,0.015,ASK
1443318515,1516.59,0.005,BID
1443318519,1516.14,0.004,ASK
1443318519,1516.02,0.005,ASK
1443318519,1516.01,0.005,ASK
1443318519,1516.01,0.0158,ASK
1443318519,1516.01,0.1403,ASK
1443318519,1516.0,0.3,ASK
1443318519,1516.0,13.0,ASK
1443318519,1516.0,0.5299,ASK
1443318525,1516.25,0.0065,BID
1443318532,1516.25,0.0173,BID
1443318532,1516.47,0.0185,BID
1443318532,1516.48,0.1002,BID
1443318534,1516.47,0.0187,BID
1443318534,1516.47,0.0185,BID
1443318534,1516.48,0.2688,BID
1443318534,1516.48,0.294,BID
1443318537,1516.01,2.0,BID
1443318537,1516.01,1.365,BID
1443318538,1516.0,0.01,ASK
1443318549,1516.3,0.001,BID
1443318572,1516.3,0.004,BID
1443318572,1516.45,0.18,BID
1443318572,1516.45,0.0004,BID
1443318574,1516.46,0.0034,ASK
1443318576,1516.46,0.001,ASK
1443318602,1516.28,0.001,BID
1443318602,1516.7,0.005,BID
1443318609,1516.7,0.0011,ASK
1443318611,1516.01,0.4997,BID
1443318625,1516.47,0.001,BID
1443318625,1516.58,0.0014,BID
1443318625,1516.58,0.0286,BID
1443318625,1516.58,0.0615,BID
1443318625,1516.59,0.4109,BID
1443318625,1516.59,0.263,BID
1443318625,1516.59,0.161,BID
1443318626,1516.59,0.109,BID
1443318626,1516.59,6.35,BID
1443318627,1516.57,18.314,BID
1443318629,1516.58,0.01,BID
1443318632,1516.58,0.01,BID
1443318633,1516.58,0.0444,BID
1443318633,1516.58,0.0101,BID
1443318633,1516.59,0.0455,BID
1443318636,1516.0,0.01,ASK
1443318639,1516.59,0.01,BID
1443318639,1516.59,0.01,BID
1443318640,1516.59,0.01,BID
1443318644,1516.01,0.01,ASK
1443318645,1516.59,0.01,BID
1443318647,1516.59,0.01,BID
1443318656,1516.58,0.01,BID
1443318659,1516.57,0.0011,ASK
1443318659,1516.0,0.0089,ASK
1443318673,1516.56,0.001,BID
1443318673,1516.58,0.099,BID
1443318673,1516.59,2.54,BID
1443318677,1516.57,0.0015,ASK
1443318677,1516.0,0.1009,ASK
1443318677,1516.0,0.5964,BID
1443318680,1515.97,0.422,ASK
1443318689,1516.32,0.01,ASK
1443318711,1516.58,0.0102,ASK
1443318711,1515.99,0.0138,ASK
1443318719,1516.57,0.0065,BID
1443318719,1516.58,0.0035,BID
1443318719,1516.58,0.001,BID
1443318740,1516.58,0.0055,BID
1443318740,1516.59,0.9945,BID
1443318745,1516.59,0.01,BID
1443318748,1516.59,1.0,BID
1443318751,1516.6,0.6594,ASK
1443318756,1516.59,1.0,BID
1443318763,1516.56,0.0011,BID
1443318763,1516.56,0.0068,BID
1443318763,1516.59,0.9932,BID
1443318770,1516.59,0.01,BID
1443318775,1516.06,0.01,ASK
1443318777,1516.58,0.01,BID
1443318789,1516.58,0.001,ASK
1443318789,1516.09,0.0328,ASK
1443318789,1516.08,0.0237,ASK
1443318789,1516.08,0.0985,ASK
1443318792,1516.09,0.01,ASK
1443318800,1516.57,0.001,BID
1443318845,1516.58,0.01,BID
1443318854,1516.55,0.001,BID
1443318902,1516.53,0.012,BID
1443318918,1516.57,0.0095,ASK
1443318918,1516.12,0.3905,ASK
1443318918,1516.12,0.084,ASK
1443318918,1516.11,0.099,ASK
1443318919,1516.1,0.01,ASK
1443318929,1516.1,0.417,ASK
1443318930,1516.1,0.65,ASK
1443318930,1516.1,0.085,ASK
1443318931,1516.1,0.65,ASK
1443318932,1516.12,0.0018,BID
1443318939,1516.12,0.1,ASK
1443318952,1516.11,0.0048,BID
1443318964,1516.11,0.3679,BID
1443318964,1516.58,0.015,BID
1443318964,1516.58,0.015,BID
1443318964,1516.58,0.0265,BID
1443318964,1516.58,0.0756,BID
1443318980,1516.13,0.0184,ASK
1443318980,1516.12,0.1016,ASK
1443318984,1516.13,0.0133,ASK
1443318984,1516.12,0.2663,ASK
1443318984,1516.11,0.0464,ASK
1443318993,1516.57,0.001,ASK
1443318993,1516.11,0.009,ASK
1443319022,1516.56,0.0042,ASK
1443319022,1516.11,0.004,ASK
1443319022,1516.11,0.0018,ASK
1443319024,1516.11,0.01,ASK
1443319035,1516.55,0.001,BID
1443319041,1516.55,0.0003,BID
1443319041,1516.58,0.0234,BID
1443319041,1516.58,0.0184,BID
1443319041,1516.58,0.0133,BID
1443319041,1516.58,0.0464,BID
1443319041,1516.59,0.0512,BID
1443319097,1516.56,0.0043,BID
1443319103,1516.56,0.001,BID
1443319145,1516.54,0.0082,BID
1443319145,1516.71,0.001,BID
1443319147,1516.71,0.0224,ASK
1443319162,1516.7,0.001,BID
1443319175,1516.7,0.0214,BID
1443319175,1516.8,0.005,BID
1443319175,1516.85,0.005,BID
1443319175,1516.98,0.013,BID
1443319175,1516.99,1.2302,BID
1443319175,1517.0,0.04,BID
1443319179,1516.67,0.001,BID
1443319196,1516.67,0.001,BID
1443319213,1516.67,0.0132,BID
1443319224,1516.67,0.3098,BID
1443319227,1516.81,0.19,ASK
1443319227,1516.81,0.0002,ASK
1443319227,1516.11,0.0218,ASK
1443319228,1516.11,0.0414,ASK
1443319228,1516.11,0.0586,ASK
1443319228,1516.11,0.0008,ASK
1443319228,1516.1,0.1894,ASK
1443319229,1516.1,0.087,ASK
1443319235,1516.12,0.001,BID
1443319247,1516.12,0.1,BID
1443319250,1516.13,0.0886,ASK
1443319285,1516.78,0.0011,ASK
1443319285,1516.13,0.0089,ASK
1443319286,1516.13,0.01,ASK
1443319304,1516.6,0.0017,BID
1443319308,1516.13,0.0817,ASK
1443319308,1516.11,0.024,ASK
1443319308,1516.1,0.4943,ASK
1443319311,1516.1,0.302,ASK
1443319322,1516.4,0.0436,BID
1443319330,1516.1,0.027,ASK
1443319331,1516.49,0.0124,BID
1443319331,1516.49,0.034,BID
1443319331,1516.49,0.013,BID
1443319331,1516.49,0.01,BID
1443319332,1516.5,0.0306,ASK
1443319333,1516.1,0.0306,ASK
1443319334,1516.1,0.0306,ASK
1443319335,1516.1,0.0271,ASK
1443319335,1516.01,0.0306,ASK
1443319336,1516.0,0.0271,ASK
1443319337,1516.09,0.0041,BID
1443319339,1516.0,0.0729,ASK
1443319339,1516.0,0.6471,ASK
1443319340,1516.0,0.7645,ASK
1443319340,1515.98,0.004,ASK
1443319340,1515.96,0.005,ASK
1443319340,1515.95,0.005,ASK
1443319340,1515.95,0.005,ASK
1443319340,1515.94,0.005,ASK
1443319340,1515.93,0.005,ASK
1443319340,1515.91,0.005,ASK
1443319340,1515.91,0.005,ASK
1443319340,1515.9,0.04,ASK
1443319340,1515.85,0.005,ASK
1443319340,1515.84,0.005,ASK
1443319340,1515.8,0.005,ASK
1443319340,1515.8,0.005,ASK
1443319340,1515.8,0.005,ASK
1443319340,1515.8,0.005,ASK
1443319340,1515.8,0.005,ASK
1443319340,1515.8,0.005,ASK
1443319340,1515.8,0.005,ASK
1443319340,1515.75,0.3,ASK
1443319340,1515.75,0.005,ASK
1443319340,1515.7,0.005,ASK
1443319340,1515.68,0.002,ASK
1443319340,1515.55,0.005,ASK
1443319340,1515.55,0.005,ASK
1443319340,1515.53,0.005,ASK
1443319340,1515.5,0.269,ASK
1443319342,1515.5,0.031,ASK
1443319343,1515.5,0.1081,BID
1443319344,1515.5,0.34,BID
1443319345,1515.5,0.0177,BID
1443319345,1515.5,0.2677,BID
1443319351,1515.51,0.34,ASK
1443319356,1515.97,0.001,BID
1443319356,1515.51,0.0521,ASK
1443319356,1515.51,0.6254,ASK
1443319358,1515.4,0.005,ASK
1443319358,1515.39,0.005,ASK
1443319360,1515.39,0.019,ASK
1443319361,1515.51,0.005,ASK
1443319361,1515.39,0.4508,ASK
1443319361,1515.38,0.005,ASK
1443319361,1515.3,0.005,ASK
1443319361,1515.27,0.004,ASK
1443319362,1515.27,0.001,ASK
1443319362,1515.25,0.009,ASK
1443319366,1515.46,0.005,ASK
1443319366,1515.25,0.005,ASK
1443319366,1515.5,0.005,BID
1443319367,1515.25,0.01,ASK
1443319368,1515.25,0.276,ASK
1443319368,1515.07,0.004,ASK
1443319368,1515.07,0.006,ASK
1443319371,1515.07,0.728,ASK
1443319371,1515.39,0.0142,BID
1443319371,1515.4,0.1448,BID
1443319372,1515.39,0.01,BID
1443319375,1515.26,0.005,ASK
1443319375,1515.07,0.005,ASK
1443319376,1515.07,0.01,ASK
1443319377,1515.07,0.852,ASK
1443319379,1515.07,0.932,ASK
1443319381,1515.07,0.01,ASK
1443319384,1515.07,0.842,ASK
1443319385,1515.07,0.01,ASK
1443319387,1515.07,0.015,ASK
1443319388,1515.07,0.015,ASK
1443319389,1515.39,0.002,BID
1443319391,1515.07,0.015,ASK
1443319392,1515.07,0.069,ASK
1443319392,1515.07,0.04,ASK
1443319395,1515.07,0.155,ASK
1443319396,1515.07,0.65,ASK
1443319397,1515.07,0.8984,ASK
1443319397,1515.01,0.4233,ASK
1443319397,1515.01,0.2267,ASK
1443319398,1515.01,0.08,ASK
1443319399,1515.01,0.015,ASK
1443319401,1515.01,0.455,ASK
1443319401,1515.06,0.425,BID
1443319402,1515.06,0.225,BID
1443319403,1515.07,0.022,ASK
1443319403,1515.07,0.01,ASK
1443319404,1515.07,0.168,ASK
1443319404,1515.07,0.425,ASK
1443319404,1515.07,0.425,ASK
1443319404,1515.07,0.094,ASK
1443319405,1515.07,0.331,ASK
1443319405,1515.07,0.247,ASK
1443319405,1515.07,0.403,ASK
1443319407,1515.02,0.086,ASK
1443319409,1515.05,0.001,BID
1443319409,1515.02,0.1043,ASK
1443319409,1515.01,0.086,ASK
1443319409,1515.01,0.08,ASK
1443319411,1515.01,2.6917,ASK
1443319420,1515.01,0.08,ASK
1443319420,1515.05,0.0325,BID
1443319420,1515.06,0.3725,BID
1443319421,1515.06,0.2775,BID
1443319421,1515.06,0.021,ASK
1443319423,1515.08,0.392,ASK
1443319423,1515.06,0.0818,ASK
1443319429,1515.66,0.005,BID
1443319429,1515.69,0.005,BID
1443319429,1515.74,0.005,BID
1443319429,1515.74,0.005,BID
1443319429,1515.79,0.0237,BID
1443319429,1515.8,0.4563,BID
1443319429,1515.8,0.5,BID
1443319432,1516.08,1.0,BID
1443319432,1516.08,6.348,BID
1443319442,1515.77,0.005,ASK
1443319444,1515.15,0.005,BID
1443319444,1515.16,0.01,BID
1443319445,1515.78,0.01,ASK
1443319446,1515.78,0.4811,ASK
1443319446,1515.66,0.0042,ASK
1443319446,1515.07,0.005,ASK
1443319446,1515.06,0.0253,ASK
1443319446,1515.05,0.0236,ASK
1443319446,1515.05,0.433,ASK
1443319446,1515.05,0.035,ASK
1443319448,1515.07,0.045,BID
1443319448,1515.69,0.0236,BID
1443319448,1515.69,0.0253,BID
1443319448,1515.76,0.2359,BID
1443319460,1515.06,0.0253,ASK
1443319460,1515.06,0.0308,ASK
1443319460,1515.05,0.0068,ASK
1443319460,1515.05,0.0496,ASK
1443319462,1515.75,0.002,ASK
1443319466,1515.7,0.473,BID
1443319467,1515.05,1.1862,ASK
1443319470,1515.03,2.14,ASK
1443319471,1515.01,0.5,ASK
1443319472,1515.01,7.333,ASK
1443319473,1515.01,0.129,ASK
1443319475,1515.01,0.6,ASK
1443319475,1515.01,0.6,ASK
1443319475,1515.01,0.4,ASK
1443319476,1515.01,0.111,ASK
1443319477,1515.01,2.373,ASK
1443319478,1515.39,0.0065,BID
1443319479,1515.01,0.01,ASK
1443319480,1515.01,0.077,ASK
1443319495,1515.36,0.009,BID
1443319496,1515.0,0.09,ASK
1443319497,1515.0,0.21,ASK
1443319497,1515.0,0.001,ASK
1443319497,1515.0,0.1,ASK
1443319497,1514.95,0.0464,ASK
1443319497,1514.93,0.005,ASK
1443319497,1514.93,0.005,ASK
1443319497,1514.87,0.005,ASK
1443319497,1514.76,0.005,ASK
1443319497,1514.75,0.3,ASK
1443319497,1514.74,0.005,ASK
1443319497,1514.74,0.005,ASK
1443319507,1514.69,0.005,ASK
1443319507,1514.68,0.005,ASK
1443319507,1514.66,0.005,ASK
1443319507,1514.65,0.005,ASK
1443319507,1514.63,0.0745,ASK
1443319507,1514.63,0.0149,ASK
1443319507,1514.62,0.005,ASK
1443319507,1514.62,0.1422,ASK
1443319513,1514.66,0.015,BID
1443319513,1514.73,0.07,BID
1443319513,1515.27,0.0146,BID
1443319513,1515.27,0.0004,BID
1443319535,1515.25,0.0236,BID
1443319535,1515.26,0.4494,BID
1443319540,1515.26,0.001,BID
1443319559,1515.25,0.0098,ASK
1443319574,1514.75,0.0002,BID
1443319574,1514.75,0.0008,BID
1443319611,1515.38,0.0065,BID
1443319628,1515.38,0.001,BID
1443319629,1514.64,14.955,BID
1443319645,1514.73,0.0053,BID
1443319666,1514.73,0.0079,BID
1443319682,1514.73,0.001,BID
1443319693,1514.73,0.0558,BID
1443319695,1515.09,0.01,ASK
1443319696,1515.09,0.0342,ASK
1443319696,1514.74,0.01,ASK
1443319697,1514.74,0.0458,ASK
1443319698,1514.63,0.005,ASK
1443319698,1514.62,0.0408,ASK
1443319699,1514.63,6.0,ASK
1443319699,1514.63,10.42,ASK
1443319700,1514.62,0.005,ASK
1443319705,1514.63,0.0013,BID
1443319706,1514.63,0.077,BID
1443319706,1514.62,0.0416,ASK
1443319707,1514.63,0.3017,BID
1443319708,1514.73,0.0242,BID
1443319709,1514.73,0.0218,ASK
1443319709,1514.64,0.0783,ASK
1443319709,1514.64,0.2452,ASK
1443319710,1514.64,0.0218,ASK
1443319710,1514.64,0.1117,ASK
1443319710,1514.62,0.0799,ASK
1443319710,1514.6,0.005,ASK
1443319711,1514.6,0.0692,BID
1443319712,1514.6,0.2979,BID
1443319714,1514.61,0.0692,ASK
1443319714,1514.61,0.367,ASK
1443319714,1514.61,0.367,ASK
1443319714,1514.61,0.2979,ASK
1443319714,1514.6,0.062,ASK
1443319714,1514.6,0.035,ASK
1443319714,1514.59,0.2371,ASK
1443319726,1515.07,0.001,BID
1443319734,1514.73,0.014,ASK
1443319746,1515.06,0.0082,ASK
1443319746,1515.0,0.1178,ASK
1443319746,1515.0,0.1561,ASK
1443319749,1515.0,0.03,ASK
1443319749,1515.07,0.0139,BID
1443319749,1515.08,0.0442,BID
1443319749,1515.29,0.1169,BID
1443319749,1515.34,0.005,BID
1443319749,1515.34,0.005,BID
1443319749,1515.34,0.005,BID
1443319749,1515.34,0.005,BID
1443319749,1515.4,0.005,BID
1443319749,1515.4,0.005,BID
1443319749,1515.44,0.005,BID
1443319749,1515.47,0.005,BID
1443319749,1515.49,0.005,BID
1443319749,1515.5,0.005,BID
1443319749,1515.5,0.005,BID
1443319749,1515.54,0.005,BID
1443319749,1515.54,0.005,BID
1443319749,1515.54,0.005,BID
1443319749,1515.59,0.005,BID
1443319749,1515.59,0.002,BID
1443319749,1515.63,0.005,BID
1443319749,1515.68,0.005,BID
1443319749,1515.75,0.3,BID
1443319749,1515.76,0.005,BID
1443319749,1515.9,0.002,BID
1443319749,1515.93,0.005,BID
1443319749,1515.93,0.005,BID
1443319749,1515.98,0.005,BID
1443319749,1516.0,0.3,BID
1443319749,1516.09,0.1,BID
1443319749,1516.25,0.196,BID
1443319750,1515.0,0.6,ASK
1443319751,1515.08,0.0581,ASK
1443319751,1515.01,0.1017,ASK
1443319751,1515.0,0.4902,ASK
1443319768,1515.01,0.0013,ASK
1443319784,1515.01,0.012,ASK
1443319788,1515.05,0.0053,BID
1443319788,1515.5,0.0067,BID
1443319795,1515.01,0.08,ASK
1443319800,1515.01,0.031,ASK
1443319803,1515.01,0.325,ASK
1443319804,1515.01,0.015,ASK
1443319805,1515.01,0.0079,ASK
1443319807,1515.49,0.0014,ASK
1443319807,1515.01,0.0026,ASK
1443319807,1515.0,0.006,ASK
1443319808,1515.0,0.01,ASK
1443319810,1515.01,1.0,ASK
1443319810,1515.01,1.0,ASK
1443319810,1515.01,2.45,ASK
1443319821,1515.49,0.097,BID
1443319821,1515.49,0.1728,BID
1443319821,1515.49,0.0106,BID
1443319821,1515.49,0.0131,BID
1443319821,1515.5,0.8865,BID
1443319824,1515.01,0.001,ASK
1443319826,1515.47,0.01,BID
1443319843,1515.01,0.001,ASK
1443319844,1515.47,0.001,BID
1443319856,1515.01,0.1709,ASK
1443319856,1515.01,0.0106,ASK
1443319856,1515.01,0.0131,ASK
1443319856,1515.01,0.099,ASK
1443319858,1515.01,0.0714,BID
1443319859,1515.01,0.485,BID
1443319861,1515.46,0.0106,BID
1443319861,1515.46,0.0126,BID
1443319863,1515.47,0.0006,ASK
1443319865,1515.03,0.0126,ASK
1443319865,1515.03,0.0106,ASK
1443319865,1515.02,0.4406,ASK
1443319875,1515.03,0.4748,ASK
1443319876,1515.02,0.1158,ASK
1443319876,1515.0,0.359,ASK
1443319876,1515.39,0.1,BID
1443319877,1515.0,0.1158,ASK
1443319878,1515.0,12.075,ASK
1443319881,1515.38,0.0525,BID
1443319882,1515.38,0.185,BID
1443319882,1515.38,0.185,BID
1443319882,1515.38,0.0034,BID
1443319895,1515.01,0.1,ASK
1443319896,1515.0,0.1,ASK
1443319896,1515.0,0.01,ASK
1443319897,1515.0,0.454,ASK
1443319898,1515.0,0.012,ASK
1443319899,1515.0,0.395,ASK
1443319900,1515.0,0.144,ASK
1443319901,1515.0,0.011,ASK
1443319902,1515.0,0.046,ASK
1443319903,1515.0,0.295,ASK
1443319903,1515.38,0.001,BID
1443319904,1515.0,0.145,ASK
1443319905,1515.0,0.013,ASK
1443319906,1515.0,0.444,ASK
1443319907,1515.0,0.07,ASK
1443319908,1515.0,0.029,ASK
1443319909,1515.0,0.542,ASK
1443319910,1515.0,19.909,ASK
1443319926,1515.37,0.0011,BID
1443319931,1515.0,1.18,ASK
1443319945,1515.36,0.001,ASK
1443319945,1515.0,0.009,ASK
1443319946,1515.0,0.01,ASK
1443319960,1515.36,0.0042,BID
1443319982,1515.35,0.001,ASK
1443319982,1515.0,0.009,ASK
1443319982,1515.0,0.01,ASK
1443319983,1515.0,0.01,ASK
1443319995,1515.34,0.001,BID
1443320010,1515.34,0.001,BID
1443320025,1515.33,0.0096,ASK
1443320025,1515.0,0.0004,ASK
1443320026,1515.0,0.01,ASK
1443320027,1515.36,0.0437,BID
1443320027,1515.37,0.0513,BID
1443320027,1515.37,0.099,BID
1443320027,1515.38,1.0,BID
1443320027,1515.59,0.0602,BID
1443320027,1515.59,0.084,BID
1443320027,1515.6,6.596,BID
1443320027,1515.7,0.005,BID
1443320027,1515.7,3.277,BID
1443320048,1515.32,0.0062,BID
1443320048,1515.33,0.004,BID
1443320051,1515.01,0.0241,ASK
1443320052,1515.0,0.0241,ASK
1443320053,1515.0,0.1586,ASK
1443320053,1515.0,0.3,ASK
1443320053,1514.9,0.005,ASK
1443320053,1514.87,0.0135,ASK
1443320053,1514.86,0.0056,ASK
1443320055,1515.01,0.0241,ASK
1443320055,1514.86,0.2644,ASK
1443320055,1514.85,0.006,ASK
1443320055,1514.81,0.099,ASK
1443320055,1514.8,0.005,ASK
1443320055,1514.8,0.0601,ASK
1443320056,1514.51,0.0132,BID
1443320056,1514.51,0.0109,BID
1443320056,1515.33,0.0891,BID
1443320058,1513.71,13.0,ASK
1443320058,1513.71,0.746,ASK
1443320069,1515.28,0.001,BID
1443320083,1514.75,0.3,BID
1443320084,1514.74,0.015,BID
1443320089,1514.95,0.005,BID
1443320089,1514.99,0.0015,BID
1443320090,1514.99,0.012,BID
1443320090,1515.0,0.273,BID
1443320091,1515.0,0.027,BID
1443320091,1515.01,0.005,BID
1443320091,1515.19,0.0102,BID
1443320091,1515.19,0.0362,BID
1443320091,1515.25,0.1107,BID
1443320093,1515.03,0.005,ASK
1443320095,1514.99,0.005,BID
1443320101,1514.97,0.3919,BID
1443320101,1514.99,0.0731,BID
1443320105,1514.03,0.01,ASK
1443320105,1514.02,0.01,ASK
1443320108,1514.99,0.0011,BID
1443320109,1514.98,1.2319,BID
1443320109,1514.99,0.3908,BID
1443320109,1515.0,3.6956,BID
1443320118,1515.0,0.021,BID
1443320123,1515.0,0.001,BID
1443320125,1514.04,0.04,ASK
1443320143,1514.98,0.001,BID
1443320146,1514.08,0.29,ASK
1443320165,1514.96,0.0012,BID
1443320186,1514.95,0.001,BID
1443320206,1514.95,0.001,BID
1443320226,1514.95,0.001,BID
1443320239,1514.94,0.01,BID
1443320239,1514.95,0.09,BID
1443320248,1514.94,0.001,ASK
1443320249,1514.96,0.099,BID
1443320249,1514.98,0.46,BID
1443320249,1515.0,3.0,BID
1443320250,1515.0,0.001,ASK
1443320251,1515.0,0.005,ASK
1443320255,1515.0,2.58,ASK
1443320256,1515.0,1.9494,ASK
1443320256,1515.0,0.65,ASK
1443320257,1515.01,0.005,BID
1443320257,1515.01,0.005,BID
1443320257,1515.02,0.005,BID
1443320257,1515.04,0.005,BID
1443320257,1515.04,0.005,BID
1443320257,1515.04,0.005,BID
1443320257,1515.04,0.005,BID
1443320257,1515.04,0.005,BID
1443320257,1515.05,0.005,BID
1443320257,1515.05,0.005,BID
1443320257,1515.1,0.007,BID
1443320257,1515.2,1.123,BID
1443320268,1515.01,0.001,ASK
1443320271,1515.19,0.01,BID
1443320271,1515.2,1.17,BID
1443320273,1515.01,0.1649,ASK
1443320273,1515.01,0.0157,ASK
1443320273,1515.01,0.015,ASK
1443320273,1515.01,0.099,ASK
