timestamp,price,amount,side
1443570788,1536.32,0.0998,ASK
1443570788,1537.18,0.022,BID
1443570789,1537.17,0.0026,BID
1443570789,1537.18,0.0465,BID
1443570789,1537.19,0.0509,BID
1443570791,1536.32,1.0,ASK
1443570799,1536.33,0.092,ASK
1443570799,1536.32,0.828,ASK
1443570800,1537.18,0.0251,BID
1443570800,1537.18,0.0443,BID
1443570800,1537.18,0.0306,BID
1443570802,1536.33,0.0251,ASK
1443570802,1536.33,0.0214,ASK
1443570802,1536.32,0.0455,ASK
1443570806,1536.32,0.018,ASK
1443570807,1537.16,0.002,BID
1443570808,1536.32,1.0,ASK
1443570811,1536.32,1.0,ASK
1443570814,1536.32,0.0998,ASK
1443570814,1536.32,1.0,ASK
1443570818,1536.33,0.102,ASK
1443570818,1536.32,0.898,ASK
1443570825,1536.32,0.442,ASK
1443570831,1537.15,0.0014,BID
1443570833,1536.32,0.0004,ASK
1443570833,1536.31,0.526,ASK
1443570833,1536.31,0.4736,ASK
1443570840,1536.32,0.01,ASK
1443570840,1536.31,0.0524,ASK
1443570840,1536.31,0.526,ASK
1443570840,1536.31,0.4116,ASK
1443570843,1536.31,0.0998,ASK
1443570845,1536.31,0.0146,ASK
1443570845,1536.31,0.526,ASK
1443570845,1536.31,0.4594,ASK
1443570852,1536.31,0.01,ASK
1443570855,1537.13,0.0034,BID
1443570861,1536.31,0.0566,ASK
1443570861,1536.31,0.526,ASK
1443570861,1536.31,0.526,ASK
1443570862,1536.3,0.1,ASK
1443570862,1536.25,0.001,ASK
1443570862,1536.0,0.3,ASK
1443570862,1536.0,0.001,ASK
1443570862,1535.99,0.598,ASK
1443570867,1535.99,0.09,ASK
1443570868,1536.12,0.085,BID
1443570868,1536.62,0.085,BID
1443570868,1537.13,0.0266,BID
1443570874,1536.31,0.0216,BID
1443570878,1535.99,1.5994,ASK
1443570879,1536.31,0.0031,BID
1443570882,1535.96,0.004,ASK
1443570882,1535.93,0.09,ASK
1443570882,1535.81,0.001,ASK
1443570884,1535.75,0.405,BID
1443570890,1535.77,0.01,ASK
1443570890,1535.76,0.39,ASK
1443570890,1536.31,0.075,BID
1443570890,1536.31,0.0001,BID
1443570892,1536.32,0.01,ASK
1443570895,1536.32,0.03,ASK
1443570897,1536.32,0.075,ASK
1443570899,1535.76,0.0248,BID
1443570900,1535.77,0.0002,ASK
1443570900,1535.77,0.025,ASK
1443570900,1535.77,0.015,ASK
1443570900,1535.77,0.025,ASK
1443570900,1535.15,0.3712,ASK
1443570905,1535.99,0.01,BID
1443570905,1536.3,0.09,BID
1443570905,1536.98,0.0586,BID
1443570905,1536.99,0.015,BID
1443570905,1537.0,0.0182,BID
1443570906,1536.98,0.1,BID
1443570906,1536.97,9.0,BID
1443570906,1536.97,4.198,BID
1443570909,1536.31,0.01,ASK
1443570918,1536.98,0.015,BID
1443570920,1536.99,0.1,BID
1443570922,1536.98,0.015,BID
1443570922,1536.99,0.199,BID
1443570922,1536.99,0.001,BID
1443570922,1536.99,0.0141,BID
1443570922,1537.0,0.1989,BID
1443570923,1536.32,0.092,ASK
1443570923,1535.39,0.0078,ASK
1443570927,1536.97,0.001,BID
1443570930,1536.96,0.092,BID
1443570930,1536.96,0.008,BID
1443570939,1536.94,0.001,BID
1443570939,1536.94,0.025,BID
1443570939,1536.95,0.074,BID
1443570948,1536.93,0.0537,BID
1443570948,1536.93,0.01,BID
1443570948,1536.93,0.0363,BID
1443570952,1535.46,0.06,ASK
1443570953,1535.47,0.081,BID
1443570953,1535.44,0.001,ASK
1443570954,1535.21,0.0911,BID
1443570954,1535.47,0.0087,BID
1443570954,1535.47,0.0101,BID
1443570954,1535.48,0.01,ASK
1443570956,1535.74,0.188,BID
1443570956,1535.48,0.0797,ASK
1443570956,1535.48,0.0998,ASK
1443570956,1535.48,0.0345,ASK
1443570957,1535.5,0.2793,ASK
1443570960,1535.5,1.3246,ASK
1443570961,1535.73,0.06,BID
1443570961,1535.73,0.0106,BID
1443570961,1535.74,0.0384,BID
1443570962,1535.74,0.0706,BID
1443570962,1535.74,0.0706,BID
1443570962,1535.74,0.0324,BID
1443570970,1535.76,0.018,ASK
1443570973,1535.75,0.012,ASK
1443570974,1535.75,0.058,ASK
1443570976,1535.75,0.0223,ASK
1443570977,1535.74,0.022,ASK
1443570982,1535.75,0.01,BID
1443570984,1535.74,0.0162,ASK
1443570984,1535.74,0.0706,ASK
1443570984,1535.74,0.0706,ASK
1443570984,1535.74,0.0048,ASK
1443570986,1535.52,0.01,ASK
1443570988,1535.51,0.1395,ASK
1443570989,1535.51,0.139,ASK
1443570990,1535.51,0.65,ASK
1443570990,1535.51,0.65,ASK
1443570990,1535.51,0.65,ASK
1443570990,1535.51,0.65,ASK
1443570991,1535.51,0.6647,ASK
1443570991,1535.51,0.65,ASK
1443570991,1535.51,0.65,ASK
1443570992,1535.51,0.1849,ASK
1443570992,1535.51,0.4033,ASK
1443570993,1535.51,0.184,ASK
1443570995,1535.72,0.001,BID
1443570996,1535.51,0.4418,ASK
1443570997,1535.5,0.625,ASK
1443570997,1535.5,0.4418,ASK
1443570999,1535.5,0.0597,ASK
1443571000,1535.51,2.6549,BID
1443571000,1535.72,0.0222,BID
1443571000,1535.72,0.01,BID
1443571000,1535.73,0.1622,BID
1443571000,1535.73,0.1622,BID
1443571000,1535.73,0.1622,BID
1443571000,1535.73,0.1622,BID
1443571000,1535.73,0.1622,BID
1443571000,1535.75,0.0675,BID
1443571000,1536.3,0.09,BID
1443571000,1536.64,0.024,BID
1443571000,1536.65,1.0,BID
1443571000,1536.89,0.5,BID
1443571000,1536.9,5.1275,BID
1443571001,1535.5,1.0,ASK
1443571002,1535.5,0.2696,ASK
1443571002,1535.48,0.0653,ASK
1443571002,1535.46,0.001,ASK
1443571002,1535.21,0.0998,ASK
1443571002,1535.2,0.8339,ASK
1443571003,1535.75,0.001,ASK
1443571003,1535.52,0.1829,ASK
1443571006,1535.72,1.0734,BID
1443571006,1536.5,0.0167,BID
1443571007,1535.71,0.0212,BID
1443571008,1535.73,0.113,ASK
1443571009,1535.73,0.102,ASK
1443571009,1535.73,0.0998,ASK
1443571011,1535.73,0.014,ASK
1443571014,1535.73,0.01,ASK
1443571015,1535.73,0.1886,ASK
1443571016,1535.73,0.076,ASK
1443571019,1535.74,0.0969,ASK
1443571019,1535.73,0.0266,ASK
1443571019,1535.73,0.2785,ASK
1443571025,1535.73,0.3727,ASK
1443571025,1535.73,0.6273,ASK
1443571025,1535.73,0.0239,ASK
1443571025,1535.73,0.6512,ASK
1443571025,1535.73,0.6512,ASK
1443571025,1535.58,0.003,ASK
1443571025,1535.54,0.997,ASK
1443571029,1535.71,0.0024,ASK
1443571029,1535.54,0.0076,ASK
1443571044,1535.74,0.0998,ASK
1443571044,1535.74,0.0022,ASK
1443571044,1535.55,0.8462,ASK
1443571048,1536.73,0.0013,BID
1443571050,1536.73,0.0758,BID
1443571050,1536.74,0.0076,BID
1443571051,1536.76,1.0604,ASK
1443571051,1536.75,0.6,ASK
1443571054,1536.26,0.02,BID
1443571055,1536.26,0.062,BID
1443571062,1536.28,0.01,ASK
1443571072,1535.77,0.0024,ASK
1443571078,1536.25,0.001,ASK
1443571078,1535.78,0.0762,ASK
1443571078,1535.78,0.0183,ASK
1443571078,1535.77,0.0043,ASK
1443571082,1536.86,0.009,BID
1443571096,1535.79,0.01,ASK
1443571096,1535.78,0.426,ASK
1443571096,1536.83,0.0167,BID
1443571096,1536.84,0.0499,BID
1443571096,1536.85,0.9971,BID
1443571096,1536.86,0.0075,BID
1443571096,1536.89,0.0503,BID
1443571096,1536.9,1.0052,BID
1443571096,1536.96,0.001,BID
1443571096,1536.96,0.006,BID
1443571096,1536.99,0.001,BID
1443571096,1537.0,0.0829,BID
1443571096,1537.19,0.0423,BID
1443571096,1537.2,0.8462,BID
1443571096,1537.2,0.0451,BID
1443571096,1537.21,3.355,BID
1443571098,1535.78,11.0858,ASK
1443571099,1536.25,0.001,BID
1443571103,1536.01,0.015,ASK
1443571103,1536.0,0.285,ASK
1443571103,1536.0,0.015,ASK
1443571103,1535.8,0.0113,ASK
1443571103,1535.78,0.0735,ASK
1443571108,1535.6,0.061,ASK
1443571116,1535.76,0.001,ASK
1443571116,1535.62,0.008,ASK
1443571123,1535.56,0.01,ASK
1443571125,1535.56,0.0102,ASK
1443571126,1535.56,4.041,ASK
1443571127,1536.0,0.0038,BID
1443571127,1536.24,0.0011,BID
1443571130,1535.56,0.0202,ASK
1443571130,1535.55,0.079,ASK
1443571130,1535.55,0.0998,ASK
1443571130,1535.55,0.2245,ASK
1443571130,1535.49,0.001,ASK
1443571130,1535.32,0.01,ASK
1443571130,1535.27,0.002,ASK
1443571130,1535.24,0.0203,ASK
1443571131,1535.24,0.0159,BID
1443571133,1535.23,0.02,ASK
1443571133,1535.23,0.05,ASK
1443571133,1535.24,0.1296,BID
1443571135,1535.25,0.0004,ASK
1443571135,1535.25,0.0606,ASK
1443571135,1535.25,0.01,ASK
1443571137,1535.25,0.041,ASK
1443571139,1535.25,0.01,ASK
1443571141,1535.22,0.04,ASK
1443571142,1535.74,0.125,BID
1443571143,1535.21,1.1956,ASK
1443571143,1535.2,0.0324,ASK
1443571147,1535.2,0.0251,ASK
1443571148,1535.21,0.0251,ASK
1443571148,1535.2,0.0771,ASK
1443571150,1535.2,0.085,ASK
1443571151,1535.2,0.01,ASK
1443571153,1535.2,0.076,ASK
1443571153,1535.72,0.001,BID
1443571154,1535.2,0.0495,ASK
1443571155,1535.2,0.4574,ASK
1443571156,1535.21,0.4936,ASK
1443571157,1535.21,0.01,ASK
1443571157,1535.21,0.348,ASK
1443571158,1535.21,0.0844,ASK
1443571158,1535.0,0.3,ASK
1443571158,1535.0,0.0429,ASK
1443571158,1535.0,0.0151,ASK
1443571159,1535.0,0.014,ASK
1443571161,1535.0,6.8258,ASK
1443571161,1535.0,0.4,ASK
1443571161,1535.0,0.084,ASK
1443571162,1535.0,1.075,ASK
1443571164,1535.0,0.65,ASK
1443571164,1535.0,0.65,ASK
1443571164,1535.0,0.65,ASK
1443571165,1535.0,0.65,ASK
1443571165,1535.0,0.65,ASK
1443571165,1535.01,13.755,ASK
1443571166,1535.0,0.475,ASK
1443571167,1535.0,0.351,ASK
1443571168,1535.0,0.0915,ASK
1443571170,1535.0,0.05,ASK
1443571170,1535.0,0.3686,ASK
1443571170,1535.0,0.2,ASK
1443571170,1535.0,0.2154,ASK
1443571171,1535.0,0.2542,ASK
1443571171,1535.0,0.11,ASK
1443571173,1535.01,0.026,ASK
1443571174,1535.01,0.3228,ASK
1443571174,1535.0,0.3102,ASK
1443571174,1535.0,0.1102,ASK
1443571174,1535.0,0.2386,ASK
1443571175,1535.2,0.0832,BID
1443571175,1535.99,0.0168,BID
1443571175,1535.0,0.1512,ASK
1443571176,1535.99,0.0022,BID
1443571177,1535.21,0.0832,ASK
1443571177,1535.21,0.0832,ASK
1443571177,1535.21,0.0832,ASK
1443571177,1535.21,0.0832,ASK
1443571177,1535.04,0.001,ASK
1443571177,1535.0,0.3334,ASK
1443571178,1535.97,15.0,ASK
1443571178,1535.97,2.925,ASK
1443571178,1535.0,0.102,ASK
1443571178,1535.0,0.1028,ASK
1443571180,1535.0,0.072,ASK
1443571180,1535.0,0.057,ASK
1443571183,1535.97,0.008,BID
1443571183,1535.98,0.01,BID
1443571183,1535.98,0.021,BID
1443571183,1535.99,0.015,BID
1443571183,1536.0,0.077,BID
1443571183,1534.66,0.004,ASK
1443571183,1534.41,0.006,ASK
1443571184,1535.99,3.0,BID
1443571184,1535.99,10.844,BID
1443571184,1535.99,4.0,ASK
1443571184,1535.99,8.0,ASK
1443571184,1535.99,1.224,ASK
1443571188,1534.5,0.012,BID
1443571188,1535.94,0.025,BID
1443571188,1535.95,0.063,BID
1443571191,1534.45,0.01,ASK
1443571195,1535.2,0.0143,ASK
1443571195,1535.2,0.014,ASK
1443571197,1535.21,0.0832,BID
1443571197,1535.81,0.0168,BID
1443571197,1535.2,0.0237,ASK
1443571198,1535.2,0.024,ASK
1443571198,1535.81,0.0023,BID
1443571199,1535.22,0.024,ASK
1443571199,1535.22,0.0592,ASK
1443571199,1535.22,0.0832,ASK
1443571199,1535.22,0.0832,ASK
1443571199,1535.22,0.0832,ASK
1443571199,1535.21,0.024,ASK
1443571200,1535.21,0.0681,ASK
1443571200,1535.2,0.1122,ASK
1443571200,1535.21,16.0,ASK
1443571200,1535.21,0.72,ASK
1443571201,1535.23,0.0154,ASK
1443571201,1535.2,0.0526,ASK
1443571204,1535.21,0.0197,ASK
1443571204,1535.2,0.6113,ASK
1443571204,1535.2,0.1243,ASK
1443571205,1535.2,0.651,ASK
1443571206,1535.2,0.0197,ASK
1443571208,1535.2,1.183,ASK
1443571208,1535.2,0.01,ASK
1443571209,1535.2,0.965,ASK
1443571210,1535.75,0.0921,BID
1443571210,1535.78,0.0079,BID
1443571210,1535.2,0.01,ASK
1443571211,1535.2,0.014,ASK
1443571217,1535.21,0.01,ASK
1443571219,1535.99,0.0111,BID
1443571219,1535.99,0.0889,BID
1443571220,1535.2,0.1669,ASK
1443571220,1535.2,1.429,ASK
1443571220,1535.2,0.0832,ASK
1443571221,1535.21,0.0111,ASK
1443571221,1535.21,0.0922,ASK
1443571221,1535.2,0.1297,ASK
1443571223,1535.79,0.0016,ASK
1443571223,1535.2,0.1184,ASK
1443571224,1535.2,0.01,ASK
1443571225,1535.2,1.869,ASK
1443571226,1535.2,0.04,ASK
1443571228,1535.2,0.14,ASK
1443571228,1535.2,0.7214,ASK
1443571229,1535.79,0.1,ASK
1443571229,1535.2,0.521,ASK
1443571229,1535.2,0.566,ASK
1443571231,1535.2,0.05,ASK
1443571232,1535.2,0.37,ASK
1443571233,1535.2,0.108,ASK
1443571234,1535.2,0.056,ASK
1443571236,1535.2,0.01,ASK
1443571237,1535.98,0.0922,BID
1443571237,1535.99,0.0078,BID
1443571237,1535.2,0.028,ASK
1443571239,1535.2,0.05,ASK
1443571241,1535.21,0.0922,ASK
1443571241,1535.2,0.9078,ASK
1443571243,1535.2,0.01,ASK
1443571244,1535.2,0.01,ASK
1443571244,1535.2,0.722,ASK
1443571246,1535.99,0.0033,BID
1443571246,1536.0,0.0967,BID
1443571246,1535.2,0.01,ASK
1443571247,1535.97,0.0071,ASK
1443571247,1535.2,0.0029,ASK
1443571248,1535.21,0.0111,ASK
1443571248,1535.2,0.1589,ASK
1443571248,1535.2,0.01,ASK
1443571250,1535.2,0.079,ASK
1443571252,1535.2,0.016,ASK
1443571255,1535.2,0.01,ASK
1443571255,1535.99,0.0922,BID
1443571255,1535.99,0.0078,BID
1443571256,1535.2,0.028,ASK
1443571257,1535.98,3.703,ASK
1443571257,1535.2,0.01,ASK
1443571265,1535.21,0.0713,ASK
1443571267,1535.98,0.001,ASK
1443571269,1535.49,0.009,BID
1443571269,1536.0,0.091,BID
1443571292,1535.48,0.0061,ASK
1443571292,1535.43,0.01,ASK
1443571293,1535.24,0.0393,BID
1443571293,1535.99,0.0607,BID
1443571308,1536.0,0.0353,BID
1443571308,1536.3,0.0383,BID
1443571312,1535.99,0.002,BID
1443571322,1535.21,0.01,BID
1443571322,1535.21,0.01,BID
1443571323,1535.21,0.0216,BID
1443571327,1536.29,0.0086,BID
1443571327,1536.3,0.09,BID
1443571327,1536.38,0.0094,BID
1443571328,1536.38,0.0108,BID
1443571328,1536.38,0.0396,BID
1443571328,1536.38,0.0576,BID
1443571328,1536.38,0.0444,BID
1443571328,1536.39,0.0636,BID
1443571329,1536.39,0.514,BID
1443571335,1536.38,0.001,BID
1443571342,1536.38,0.017,BID
1443571342,1536.38,0.0178,BID
1443571342,1536.39,0.3652,BID
1443571342,1536.39,0.2528,BID
1443571342,1536.39,0.101,BID
1443571342,1536.4,0.0462,BID
1443571344,1535.33,0.0208,ASK
1443571359,1536.38,0.0042,ASK
1443571359,1536.03,0.0058,BID
1443571360,1536.41,0.01,ASK
1443571361,1536.41,0.0208,ASK
1443571361,1536.41,0.03,ASK
1443571362,1536.42,0.3328,ASK
1443571363,1536.41,0.4329,ASK
1443571366,1536.5,0.3832,BID
1443571367,1536.5,0.1,BID
1443571367,1536.5,0.6508,BID
1443571367,1536.5,0.6508,BID
1443571367,1536.5,2.0,BID
1443571367,1536.5,0.6508,BID
1443571367,1536.5,0.6508,BID
1443571368,1536.5,0.6508,BID
1443571368,1536.5,0.6508,BID
1443571368,1536.5,0.6508,BID
1443571368,1536.5,0.6508,BID
1443571369,1536.5,1.332,BID
1443571369,1536.5,0.1,BID
1443571369,1536.5,0.2355,BID
1443571369,1536.54,0.001,BID
1443571369,1536.55,0.001,BID
1443571369,1536.55,0.006,BID
1443571369,1536.6,0.001,BID
1443571369,1536.61,0.001,BID
1443571369,1536.86,0.002,BID
1443571369,1536.98,0.057,BID
1443571369,1537.0,0.3,BID
1443571369,1537.26,0.001,BID
1443571369,1537.31,0.001,BID
1443571369,1537.39,0.1,BID
1443571369,1537.48,0.004,BID
1443571369,1537.5,0.0998,BID
1443571369,1537.5,0.001,BID
1443571369,1537.75,0.001,BID
1443571369,1538.0,0.1532,BID
1443571371,1536.52,3.0,BID
1443571371,1536.52,6.194,BID
1443571373,1536.52,0.0493,ASK
1443571373,1536.52,0.1107,ASK
1443571375,1537.99,0.5,BID
1443571375,1538.0,0.05,BID
1443571377,1536.84,0.0061,ASK
1443571411,1536.94,0.001,BID
1443571435,1536.99,0.0016,ASK
1443571435,1537.97,0.001,BID
1443571460,1537.01,0.0061,ASK
1443571461,1537.01,0.0071,ASK
1443571462,1537.97,0.0047,BID
1443571466,1537.96,0.001,BID
1443571479,1537.25,0.001,ASK
1443571479,1537.0,0.0104,ASK
1443571481,1537.0,0.939,BID
1443571481,1537.0,0.561,BID
1443571481,1537.0,1.159,BID
1443571482,1537.96,20.689,BID
1443571484,1537.02,0.0023,ASK
1443571485,1537.96,0.001,BID
1443571510,1537.03,0.001,ASK
1443571512,1537.97,0.001,ASK
1443571518,1536.98,0.001,ASK
1443571518,1536.51,0.4153,ASK
1443571518,1536.51,0.6508,ASK
1443571518,1536.51,0.1529,ASK
1443571519,1537.54,0.01,BID
1443571529,1537.03,0.01,BID
1443571531,1537.03,0.1,BID
1443571533,1537.03,0.4909,BID
1443571533,1537.55,0.01,BID
1443571533,1537.89,0.015,BID
1443571533,1537.89,0.0156,BID
1443571533,1537.89,0.0244,BID
1443571533,1537.89,0.1107,BID
1443571533,1537.9,0.6938,BID
1443571534,1537.03,0.002,ASK
1443571534,1537.9,0.06,BID
1443571541,1537.55,0.01,ASK
1443571542,1537.55,0.082,ASK
1443571542,1537.54,0.001,ASK
1443571542,1537.05,0.009,ASK
1443571542,1537.05,0.0206,ASK
1443571542,1537.05,0.0295,ASK
1443571542,1537.04,0.0419,ASK
1443571558,1537.03,0.01,BID
1443571559,1537.03,0.0434,BID
1443571566,1537.54,0.001,BID
1443571587,1536.63,0.0022,ASK
1443571588,1537.03,0.0021,BID
1443571588,1537.03,0.0099,BID
1443571615,1537.03,0.0021,ASK
1443571615,1537.02,0.0017,BID
1443571627,1537.02,0.0011,BID
1443571627,1537.87,0.0247,BID
1443571627,1537.88,0.495,BID
1443571627,1537.89,0.0344,BID
1443571627,1537.9,0.9548,BID
1443571648,1536.68,0.001,ASK
1443571652,1537.89,0.0922,BID
1443571652,1537.89,0.0078,BID
1443571659,1537.02,0.01,ASK
1443571680,1537.0,0.001,BID
1443571705,1536.86,0.003,ASK
1443571706,1536.85,0.0002,BID
1443571723,1537.0,0.0008,ASK
1443571723,1537.0,0.3442,ASK
1443571726,1537.0,0.4,ASK
1443571738,1537.01,0.001,ASK
1443571742,1537.88,0.0014,ASK
1443571759,1537.01,0.0013,ASK
1443571760,1537.27,0.0013,BID
1443571782,1537.01,0.001,ASK
1443571782,1537.89,0.0087,BID
1443571784,1537.89,0.1754,ASK
1443571803,1537.21,0.081,ASK
1443571810,1537.39,0.008,ASK
1443571816,1537.2,0.06,ASK
1443571818,1537.01,0.0095,ASK
1443571818,1537.0,0.2558,ASK
1443571818,1536.75,0.025,ASK
1443571818,1536.74,0.5,ASK
1443571818,1536.63,0.102,ASK
1443571818,1536.62,0.0598,ASK
1443571818,1536.61,1.1954,ASK
1443571818,1536.56,0.001,ASK
1443571818,1536.55,0.002,ASK
1443571818,1536.54,0.001,ASK
1443571818,1536.51,0.001,ASK
1443571818,1536.51,0.001,ASK
1443571818,1536.48,0.001,ASK
1443571818,1536.28,0.188,ASK
1443571818,1536.1,0.8955,ASK
1443571824,1537.86,0.081,BID
1443571824,1537.87,0.0438,BID
1443571824,1537.88,0.1754,BID
1443571824,1537.88,0.1754,BID
1443571824,1537.88,0.1754,BID
1443571824,1537.88,0.1754,BID
1443571824,1537.88,0.1754,BID
1443571824,1537.88,0.0345,BID
1443571824,1537.89,1.0777,BID
1443571831,1537.39,0.001,BID
1443571833,1537.06,0.01,ASK
1443571833,1537.05,0.025,ASK
1443571833,1537.04,0.09,ASK
1443571836,1537.88,0.102,BID
1443571836,1537.89,0.1177,BID
1443571836,1537.89,0.0225,BID
1443571836,1537.89,0.025,BID
1443571838,1537.89,0.001,ASK
1443571840,1537.89,0.01,ASK
1443571841,1537.89,0.06,ASK
1443571842,1537.89,0.65,ASK
1443571842,1537.89,0.65,ASK
1443571842,1537.89,0.65,ASK
1443571843,1537.89,0.65,ASK
1443571843,1537.89,0.65,ASK
1443571843,1537.89,0.65,ASK
1443571843,1537.89,0.65,ASK
1443571843,1537.89,0.65,ASK
1443571845,1537.89,0.1152,ASK
1443571845,1537.89,0.002,ASK
1443571847,1537.89,0.256,ASK
1443571849,1537.89,0.01,ASK
1443571851,1537.89,0.482,ASK
1443571852,1537.89,0.5839,ASK
1443571853,1537.89,0.001,ASK
1443571853,1537.9,0.003,BID
1443571853,1537.89,0.44,ASK
1443571854,1537.89,0.71,ASK
1443571855,1537.89,0.2117,ASK
1443571856,1537.6,0.102,BID
1443571881,1537.59,0.001,ASK
1443571882,1537.47,0.02,ASK
1443571882,1536.72,0.011,ASK
1443571905,1537.58,0.011,ASK
1443571906,1537.58,0.02,ASK
1443571918,1537.57,0.001,ASK
1443571923,1537.31,0.009,BID
1443571923,1537.31,0.001,BID
1443571934,1537.31,0.0048,BID
1443571966,1537.22,0.001,ASK
1443571984,1537.3,0.001,ASK
1443571984,1537.22,0.009,ASK
1443571984,1536.93,0.0212,ASK
1443571984,1536.93,0.0386,ASK
1443571984,1536.92,1.1962,ASK
1443571984,1536.92,0.1259,ASK
1443571984,1536.91,3.6081,ASK
1443571999,1537.29,0.001,BID
1443572023,1537.83,0.031,BID
1443572023,1537.84,0.0143,BID
1443572023,1537.84,0.0546,BID
1443572023,1537.85,1.1962,BID
1443572023,1537.85,0.042,BID
1443572023,1537.86,0.04,BID
1443572023,1537.86,3.6081,BID
1443572023,1537.89,0.1,BID
1443572023,1537.9,1.416,BID
1443572038,1537.28,0.0064,ASK
1443572040,1537.25,0.0036,BID
1443572065,1537.28,0.0021,BID
1443572067,1537.83,0.0017,ASK
1443572088,1537.33,0.0034,ASK
1443572088,1537.44,0.0036,BID
1443572093,1537.44,0.0095,ASK
1443572093,1537.43,0.013,BID
1443572102,1537.33,0.026,ASK
1443572109,1537.44,0.001,BID
1443572140,1537.33,0.0006,ASK
1443572141,1537.32,0.0004,BID
1443572166,1537.44,0.0014,BID
1443572166,1537.85,0.0004,BID
1443572169,1537.86,0.04,BID
1443572169,1537.89,0.0413,BID
1443572169,1537.9,0.3358,BID
1443572176,1537.01,0.01,ASK
1443572192,1537.89,0.001,BID
1443572194,1537.88,0.0126,BID
1443572194,1537.89,0.0235,BID
1443572194,1537.9,0.0639,BID
1443572212,1537.89,0.001,BID
1443572241,1537.89,0.0031,BID
1443572266,1537.85,0.0055,ASK
1443572271,1537.01,0.0006,ASK
1443572271,1537.01,0.0189,ASK
1443572271,1537.0,0.3905,ASK
1443572274,1536.98,0.01,BID
1443572279,1536.98,0.01,BID
1443572282,1536.98,0.01,BID
1443572293,1536.98,0.0082,BID
1443572296,1536.98,0.5518,BID
1443572316,1537.85,0.001,ASK
1443572342,1537.46,0.001,ASK
1443572345,1536.99,0.03,ASK
1443572351,1536.99,0.02,ASK
1443572357,1537.11,0.008,BID
1443572362,1537.1,0.001,ASK
1443572368,1536.99,0.0136,ASK
1443572370,1536.99,0.012,ASK
1443572379,1536.99,0.369,ASK
1443572389,1537.6,0.0015,ASK
1443572420,1537.17,0.0923,ASK
1443572420,1537.16,0.0169,ASK
1443572420,1537.0,0.0561,ASK
1443572423,1537.0,0.181,BID
1443572424,1537.0,2.58,BID
1443572425,1537.0,0.0186,BID
1443572434,1537.01,0.102,ASK
1443572443,1537.16,0.001,BID
1443572443,1537.48,0.0023,BID
1443572452,1537.49,0.0113,BID
1443572452,1537.49,0.01,BID
1443572452,1537.5,0.0877,BID
1443572470,1537.49,0.0065,BID
1443572495,1537.49,0.0011,BID
1443572520,1537.48,0.0038,ASK
1443572523,1537.19,0.01,BID
1443572529,1537.31,0.01,ASK
1443572532,1537.49,0.0065,BID
1443572532,1537.49,0.0243,BID
1443572532,1537.5,0.0692,BID
1443572545,1537.3,0.0169,BID
1443572545,1537.48,0.0831,BID
1443572545,1537.48,0.0015,BID
1443572572,1537.48,0.001,BID
1443572580,1537.16,0.02,ASK
1443572595,1537.49,0.001,BID
1443572597,1537.31,0.018,ASK
1443572622,1537.36,0.011,ASK
1443572623,1537.48,0.0073,BID
1443572644,1537.48,0.0133,BID
1443572644,1537.49,0.021,BID
1443572644,1537.49,0.1,BID
1443572644,1537.5,0.2696,BID
1443572644,1537.5,0.1181,BID
1443572646,1537.36,0.001,ASK
1443572667,1537.5,0.1819,BID
1443572675,1537.65,0.007,BID
1443572675,1537.96,0.002,BID
1443572675,1537.97,0.001,BID
1443572675,1537.98,0.001,BID
1443572675,1538.0,0.086,BID
1443572680,1537.52,0.0013,ASK
1443572682,1537.52,0.0442,ASK
1443572682,1537.51,0.1819,ASK
1443572682,1537.51,0.1819,ASK
1443572682,1537.51,0.1819,ASK
1443572682,1537.51,0.1819,ASK
1443572682,1537.51,0.1819,ASK
1443572682,1537.5,0.001,ASK
1443572682,1537.36,0.102,ASK
1443572682,1537.36,0.107,ASK
1443572682,1537.36,0.0123,ASK
1443572682,1537.35,0.075,ASK
1443572684,1538.0,0.0108,BID
1443572684,1538.01,0.0002,BID
1443572705,1537.41,0.0064,ASK
1443572709,1538.0,0.001,ASK
1443572739,1537.41,0.001,ASK
1443572768,1537.77,0.001,ASK
1443572769,1537.74,0.001,BID
1443572777,1537.74,0.0002,BID
1443572780,1538.01,0.0008,BID
1443572780,1538.01,0.001,BID
1443572783,1538.04,0.001,BID
1443572783,1538.06,0.0008,BID
1443572796,1538.0,0.389,BID
1443572796,1537.99,0.0064,BID
1443572796,1538.0,0.3936,BID
1443572797,1537.99,0.05,BID
1443572797,1538.0,0.2174,BID
1443572803,1538.01,0.008,ASK
1443572806,1538.01,0.1,ASK
1443572807,1538.01,0.5502,ASK
1443572807,1538.01,0.0998,ASK
1443572807,1538.01,0.522,ASK
1443572808,1538.01,0.0284,ASK
1443572808,1538.01,0.6216,ASK
1443572808,1538.01,0.0286,ASK
1443572808,1538.01,0.6214,ASK
1443572809,1538.01,0.0288,ASK
1443572809,1538.0,0.0064,ASK
1443572809,1538.0,0.0064,ASK
1443572809,1538.0,0.0064,ASK
1443572809,1538.0,0.0064,ASK
1443572822,1538.0,0.01,BID
1443572828,1537.99,0.102,BID
1443572828,1538.0,0.5036,BID
1443572828,1538.0,0.568,BID
1443572830,1538.06,0.0002,BID
1443572830,1538.06,0.001,BID
1443572836,1538.06,0.0131,ASK
1443572838,1538.06,0.01,ASK
1443572851,1538.06,0.1,ASK
1443572852,1538.06,0.3537,ASK
1443572860,1538.02,0.05,ASK
1443572860,1538.02,0.05,ASK
1443572861,1538.05,0.0031,BID
1443572867,1538.05,0.001,BID
1443572887,1538.01,0.0023,BID
1443572898,1538.0,0.4,ASK
1443572898,1538.0,0.6,ASK
1443572899,1538.0,0.2137,ASK
1443572909,1538.0,0.0018,ASK
1443572909,1538.0,0.1,ASK
1443572915,1538.07,0.001,BID
1443572915,1538.1,0.001,BID
1443572915,1538.11,0.001,BID
1443572915,1538.11,0.001,BID
1443572915,1538.14,0.001,BID
1443572915,1538.25,0.001,BID
1443572915,1538.25,0.001,BID
1443572915,1538.48,0.001,BID
1443572915,1538.58,0.004,BID
1443572915,1538.63,0.001,BID
1443572915,1538.63,0.001,BID
1443572915,1538.65,0.001,BID
1443572915,1538.65,0.001,BID
1443572915,1538.75,0.001,BID
1443572915,1538.76,0.011,BID
1443572915,1538.76,0.0112,BID
1443572915,1538.77,0.4446,BID
1443572915,1538.89,0.01,BID
1443572915,1538.9,0.1,BID
1443572915,1538.9,0.1,BID
1443572915,1538.9,0.001,BID
1443572915,1538.99,0.05,BID
1443572915,1539.0,0.3,BID
1443572915,1539.27,0.001,BID
1443572915,1539.37,0.001,BID
1443572915,1539.6,0.001,BID
1443572915,1539.69,3.9522,BID
1443572916,1538.01,0.0049,ASK
1443572918,1538.25,0.035,ASK
1443572923,1539.68,0.1644,BID
1443572923,1539.68,0.01,BID
1443572925,1538.26,0.0922,ASK
1443572925,1538.25,0.0648,ASK
1443572926,1538.25,0.0002,ASK
1443572927,1538.24,0.0436,BID
1443572928,1538.24,0.1132,BID
1443572928,1538.24,0.157,BID
1443572928,1538.24,0.0438,BID
1443572928,1538.24,0.1132,BID
1443572932,1538.26,0.1591,ASK
1443572932,1538.25,0.2008,ASK
1443572932,1538.25,0.2401,ASK
1443572935,1538.25,0.0739,ASK
1443572935,1538.25,0.0761,ASK
1443572936,1538.25,0.156,ASK
1443572939,1538.25,0.0819,ASK
1443572939,1538.25,0.3181,ASK
1443572939,1538.25,0.1527,ASK
1443572939,1538.25,0.4473,ASK
1443572943,1538.3,0.001,ASK
1443572945,1538.3,0.865,ASK
1443572945,1538.3,0.56,ASK
1443572945,1538.3,0.4,ASK
1443572946,1538.3,0.398,ASK
1443572946,1538.3,0.865,ASK
1443572950,1538.31,0.6,ASK
1443572964,1538.31,0.0038,ASK
1443572964,1538.31,0.02,ASK
1443572986,1538.31,0.001,ASK
1443573008,1538.32,0.097,ASK
1443573008,1538.32,0.303,ASK
1443573010,1538.33,0.0065,ASK
1443573016,1539.23,0.0151,BID
1443573016,1539.23,0.0922,BID
1443573016,1539.24,0.303,BID
1443573016,1539.25,0.1,BID
1443573016,1539.39,0.006,BID
1443573016,1539.6,0.001,BID
1443573016,1539.68,0.0844,BID
1443573016,1539.68,0.6248,BID
1443573016,1539.69,2.021,BID
1443573018,1538.34,3.788,BID
1443573037,1538.4,0.001,ASK
1443573062,1538.46,0.0011,ASK
1443573086,1538.49,0.0073,ASK
1443573088,1539.68,0.0241,BID
1443573088,1539.68,0.0355,BID
1443573088,1539.68,0.102,BID
1443573090,1539.68,1.977,ASK
1443573090,1539.68,1.159,ASK
1443573090,1539.68,1.03,ASK
1443573090,1539.68,1.506,ASK
1443573091,1539.68,0.215,ASK
1443573091,1539.68,0.01,ASK
1443573092,1539.68,0.404,ASK
1443573092,1539.68,2.58,ASK
1443573092,1539.68,0.215,ASK
1443573092,1539.68,0.65,ASK
1443573092,1539.68,0.65,ASK
1443573092,1539.68,0.65,ASK
1443573092,1539.68,0.129,ASK
1443573093,1539.68,0.07,ASK
1443573093,1539.68,0.048,ASK
1443573094,1539.68,0.2241,ASK
1443573095,1539.68,0.114,ASK
1443573095,1539.68,1.2721,ASK
1443573100,1539.06,0.1,BID
1443573104,1538.87,0.16,ASK
1443573106,1539.06,0.2861,BID
1443573106,1539.69,6.62,BID
1443573106,1539.7,0.0766,BID
1443573106,1539.7,0.002,BID
1443573106,1539.75,0.001,BID
1443573106,1539.77,0.001,BID
1443573106,1539.99,0.44,BID
1443573106,1540.0,0.3,BID
1443573106,1540.0,0.008,BID
1443573107,1540.0,0.0073,ASK
1443573107,1540.0,0.48,ASK
1443573108,1540.0,0.2,ASK
1443573109,1540.0,0.064,ASK
1443573109,1540.0,0.0923,ASK
1443573110,1540.0,0.75,ASK
1443573110,1540.0,0.151,ASK
1443573110,1540.0,0.227,ASK
1443573111,1540.0,0.0015,ASK
1443573113,1540.0,0.02,ASK
1443573113,1540.0,0.1172,ASK
1443573115,1540.0,0.155,ASK
1443573115,1539.15,0.001,ASK
1443573115,1539.01,0.015,ASK
1443573115,1539.0,0.139,ASK
1443573118,1539.0,0.01,ASK
1443573119,1539.0,0.151,ASK
1443573120,1538.75,0.01,BID
1443573125,1538.74,0.05,BID
1443573126,1538.74,0.0322,BID
1443573129,1539.0,0.096,ASK
1443573130,1539.01,0.1219,ASK
1443573130,1539.0,0.1291,ASK
1443573135,1539.01,0.0597,ASK
1443573135,1539.0,0.0853,ASK
1443573136,1539.01,0.0033,ASK
1443573140,1539.5,0.0015,ASK
1443573140,1539.01,0.0085,ASK
1443573140,1539.01,1.0,ASK
1443573140,1539.01,0.14,ASK
1443573142,1539.01,0.194,ASK
1443573143,1539.03,11.0,ASK
1443573143,1539.03,3.0,ASK
1443573143,1539.03,7.719,ASK
1443573145,1539.02,0.08,ASK
1443573146,1539.02,0.536,ASK
1443573148,1539.02,0.05,ASK
1443573149,1539.02,0.2,ASK
1443573149,1539.02,0.01,ASK
1443573151,1539.03,0.5303,ASK
1443573152,1539.03,0.1657,ASK
1443573156,1539.03,0.09,ASK
1443573157,1539.03,0.118,ASK
1443573159,1539.03,0.118,ASK
1443573160,1539.97,0.01,BID
1443573160,1539.98,0.015,BID
1443573160,1539.98,0.0033,BID
1443573160,1539.99,0.015,BID
1443573160,1539.99,0.3,BID
1443573160,1540.0,0.3,BID
1443573160,1540.0,0.247,ASK
1443573161,1540.0,0.2,ASK
1443573162,1540.0,0.012,ASK
1443573163,1540.0,0.033,ASK
1443573163,1540.0,0.235,ASK
1443573163,1540.0,0.235,ASK
1443573163,1540.0,0.001,ASK
1443573164,1540.0,0.235,ASK
1443573164,1540.0,0.44,ASK
1443573164,1540.0,0.2,ASK
1443573164,1540.0,0.091,ASK
1443573165,1540.0,0.756,ASK
1443573165,1540.0,5.0,ASK
1443573166,1540.0,0.407,ASK
1443573166,1540.0,0.033,ASK
1443573166,1540.0,0.01,ASK
1443573167,1540.0,0.4,ASK
1443573168,1540.0,0.12,ASK
1443573168,1540.0,0.192,ASK
1443573168,1540.0,0.029,ASK
1443573168,1540.06,0.1,BID
1443573169,1540.0,0.017,ASK
1443573169,1540.0,0.21,ASK
1443573170,1540.07,0.1,ASK
1443573170,1540.07,0.1,ASK
1443573170,1540.07,0.1,ASK
1443573170,1540.07,0.1,ASK
1443573170,1540.0,0.04,ASK
1443573170,1540.0,0.066,ASK
1443573171,1540.3,8.0,ASK
1443573171,1540.3,1.581,ASK
1443573172,1540.0,0.141,ASK
1443573172,1540.0,0.0067,ASK
1443573173,1539.5,0.0922,BID
1443573173,1539.5,0.0988,BID
1443573174,1539.11,0.001,ASK
1443573174,1539.04,0.015,ASK
1443573174,1539.04,0.015,ASK
1443573174,1539.03,0.072,ASK
1443573179,1539.03,0.141,ASK
1443573180,1539.22,0.0189,ASK
1443573180,1539.03,0.0311,ASK
1443573182,1539.97,0.011,ASK
1443573184,1539.97,0.011,ASK
1443573184,1539.97,0.01,ASK
1443573186,1539.97,0.349,ASK
1443573186,1539.97,0.016,ASK
1443573187,1539.97,0.024,ASK
1443573187,1539.97,0.016,ASK
1443573188,1539.97,0.0107,ASK
1443573190,1539.01,0.082,ASK
1443573192,1539.0,0.03,ASK
1443573192,1539.0,0.01,ASK
1443573194,1539.0,0.2,ASK
1443573195,1539.0,0.01,ASK
1443573197,1539.0,0.02,ASK
1443573199,1539.0,0.03,ASK
1443573201,1539.95,0.0195,BID
1443573201,1539.96,0.3893,BID
1443573201,1539.96,0.082,BID
1443573201,1539.96,0.0438,BID
1443573201,1539.97,0.876,BID
1443573201,1539.97,0.0509,BID
1443573201,1539.98,7.1513,BID
1443573201,1540.0,0.021,BID
1443573201,1540.0,0.001,BID
1443573202,1540.0,0.05,ASK
1443573202,1540.0,0.3,ASK
1443573203,1540.0,0.01,ASK
1443573203,1540.0,0.103,ASK
1443573204,1540.0,0.01,ASK
1443573204,1540.0,0.1,ASK
1443573204,1540.0,0.411,ASK
1443573206,1540.0,0.3,ASK
1443573207,1540.0,0.0812,ASK
1443573207,1539.02,0.03,ASK
1443573209,1539.02,0.073,ASK
1443573210,1538.31,0.0325,ASK
1443573210,1538.3,0.65,ASK
1443573210,1538.29,0.0526,ASK
1443573210,1538.28,0.9615,ASK
1443573216,1539.2,0.0326,BID
1443573216,1539.21,0.6204,BID
1443573217,1539.21,0.0326,BID
1443573218,1539.22,0.0376,ASK
1443573219,1539.23,0.685,BID
1443573220,1539.22,0.151,ASK
1443573220,1539.25,11.0,ASK
1443573220,1539.25,3.435,ASK
1443573224,1539.24,0.001,ASK
1443573227,1539.24,0.563,ASK
1443573227,1539.24,0.0857,ASK
1443573227,1539.24,0.5443,ASK
1443573229,1539.24,0.0548,ASK
1443573231,1539.24,0.0506,ASK
1443573231,1539.24,0.0574,ASK
1443573232,1539.24,0.5923,ASK
1443573232,1539.24,0.6497,ASK
1443573232,1539.24,0.226,ASK
1443573234,1539.24,0.113,ASK
1443573235,1539.24,0.3107,ASK
1443573235,1539.24,0.113,ASK
1443573236,1539.24,0.01,ASK
1443573237,1539.24,0.015,ASK
1443573238,1539.25,0.3426,ASK
1443573240,1539.25,0.967,ASK
1443573241,1539.25,0.7001,ASK
1443573241,1539.24,0.2999,ASK
1443573241,1539.24,0.2,ASK
1443573243,1539.24,0.033,ASK
1443573249,1539.07,0.01,ASK
1443573257,1539.24,0.001,BID
1443573262,1539.06,0.38,ASK
1443573269,1538.9,0.293,ASK
1443573275,1538.91,0.01,ASK
1443573282,1538.85,0.01,BID
1443573293,1539.05,0.0015,BID
1443573306,1539.06,0.36,ASK
1443573308,1539.07,0.001,ASK
1443573333,1539.07,0.0038,ASK
1443573350,1539.68,0.293,BID
1443573350,1539.68,0.293,BID
1443573351,1538.91,0.06,ASK
1443573352,1539.67,7.0,BID
1443573352,1539.67,2.0,BID
1443573352,1539.67,12.252,BID
1443573353,1539.68,0.154,BID
1443573354,1539.65,0.5,BID
1443573354,1539.68,0.1,BID
1443573354,1539.68,0.4,BID
1443573354,1539.68,0.6,BID
1443573356,1539.64,0.025,BID
1443573356,1539.67,0.0497,BID
1443573356,1539.68,0.3253,BID
1443573357,1539.68,0.6,BID
1443573357,1539.68,0.6,BID
1443573358,1539.64,0.001,ASK
1443573360,1539.52,0.01,ASK
1443573361,1539.52,0.001,ASK
1443573362,1539.67,0.01,BID
1443573362,1539.67,0.0226,BID
1443573362,1539.68,0.5674,BID
1443573363,1539.65,0.01,ASK
1443573364,1539.67,0.01,BID
1443573364,1539.68,2.6073,BID
1443573365,1539.7,0.01,ASK
1443573365,1539.7,0.01,ASK
1443573366,1539.7,0.112,ASK
1443573368,1539.52,0.01,ASK
1443573368,1539.51,0.22,ASK
1443573379,1539.2,0.253,BID
1443573379,1539.35,0.017,BID
1443573385,1539.22,0.0506,ASK
1443573385,1539.21,0.1294,ASK
1443573387,1539.22,0.05,ASK
1443573395,1539.22,0.0006,ASK
1443573395,1539.22,0.0394,ASK
1443573414,1539.23,0.001,ASK
1443573439,1539.48,0.0018,ASK
1443573446,1539.48,0.08,ASK
1443573447,1539.48,0.0382,ASK
1443573448,1539.23,0.0382,ASK
1443573453,1539.46,0.0377,BID
1443573453,1539.47,0.08,BID
1443573453,1539.47,0.1182,BID
1443573453,1539.47,0.1182,BID
1443573453,1539.47,0.0899,BID
1443573454,1539.47,0.0283,BID
1443573454,1539.47,0.0094,BID
1443573454,1539.47,0.0377,BID
1443573454,1539.47,0.0377,BID
1443573454,1539.47,0.0334,BID
1443573454,1539.47,0.0043,BID
1443573456,1539.25,0.025,ASK
1443573456,1539.24,0.025,ASK
1443573457,1539.24,0.475,ASK
1443573457,1539.24,0.018,ASK
1443573457,1539.23,0.007,ASK
1443573457,1539.23,0.3528,ASK
1443573459,1539.23,0.01,BID
1443573459,1539.23,0.1372,BID
1443573459,1539.23,0.3628,BID
1443573460,1539.23,0.1372,BID
1443573460,1539.23,0.5,BID
1443573463,1539.24,0.01,ASK
1443573463,1539.46,0.0234,BID
1443573463,1539.47,0.1139,BID
1443573463,1539.47,0.1182,BID
1443573463,1539.47,0.1182,BID
1443573463,1539.47,0.1182,BID
1443573469,1539.48,0.0055,BID
1443573469,1539.67,0.103,BID
1443573469,1539.67,0.0306,BID
1443573469,1539.67,0.0409,BID
1443573471,1539.48,0.0261,ASK
1443573471,1539.47,0.0081,ASK
1443573471,1539.47,0.0358,ASK
1443573472,1539.47,0.4552,ASK
1443573472,1539.47,0.0673,ASK
1443573472,1539.47,0.0327,ASK
1443573473,1539.46,0.489,BID
1443573475,1539.46,0.0008,BID
1443573477,1539.67,0.01,BID
1443573480,1539.53,0.01,ASK
1443573483,1539.67,0.053,BID
1443573483,1539.67,0.0261,BID
1443573483,1539.68,0.4209,BID
1443573484,1539.68,0.0791,BID
1443573484,1539.68,0.0791,BID
1443573484,1539.68,0.0791,BID
1443573484,1539.68,0.0791,BID
1443573484,1539.68,0.0791,BID
1443573486,1539.67,10.0,BID
1443573486,1539.67,7.281,BID
1443573487,1539.68,0.5,BID
1443573488,1539.68,0.6495,BID
1443573488,1539.68,0.6495,BID
1443573488,1539.68,0.6495,BID
1443573488,1539.68,0.6495,BID
1443573488,1539.68,0.6495,BID
1443573489,1539.68,0.6495,BID
1443573489,1539.68,0.6495,BID
1443573489,1539.68,0.6495,BID
1443573489,1539.68,0.0276,BID
1443573491,1539.69,0.0021,ASK
1443573505,1539.69,0.2,ASK
1443573522,1539.69,0.132,ASK
1443573523,1539.69,0.2878,ASK
1443573523,1539.69,0.3622,ASK
1443573523,1539.69,0.2873,ASK
1443573523,1539.69,0.3627,ASK
1443573523,1539.69,0.2868,ASK
1443573523,1539.69,0.3632,ASK
1443573523,1539.69,0.2863,ASK
1443573523,1539.53,0.16,ASK
1443573523,1539.24,0.04,ASK
1443573535,1539.44,0.103,BID
1443573536,1539.44,0.073,BID
1443573537,1539.67,0.0182,BID
1443573537,1539.67,0.0218,BID
1443573537,1539.68,0.3637,BID
1443573537,1539.68,0.65,BID
1443573537,1539.68,0.65,BID
1443573537,1539.68,0.2463,BID
1443573542,1539.46,0.0499,ASK
1443573542,1539.45,0.103,ASK
1443573542,1539.45,0.0471,ASK
1443573543,1539.45,0.0499,ASK
1443573543,1539.45,0.0499,ASK
1443573543,1539.45,0.0291,ASK
1443573543,1539.45,0.0208,ASK
1443573546,1539.67,0.06,BID
1443573546,1539.67,0.04,BID
1443573547,1539.67,0.0099,BID
1443573547,1539.68,0.1,BID
1443573547,1539.68,0.1099,BID
1443573559,1539.68,0.1938,BID
1443573559,1539.68,0.3962,BID
1443573574,1539.46,0.0017,ASK
1443573578,1539.46,0.0413,ASK
1443573578,1539.45,0.0387,ASK
1443573579,1539.45,0.043,ASK
1443573579,1539.45,0.043,ASK
1443573579,1539.45,0.0305,ASK
1443573579,1539.45,0.0125,ASK
1443573579,1539.45,0.043,ASK
1443573598,1539.46,0.0011,ASK
1443573599,1539.67,0.0127,BID
1443573599,1539.68,0.2538,BID
1443573603,1539.7,0.001,ASK
1443573604,1539.7,0.04,ASK
1443573607,1539.7,2.0,ASK
1443573609,1539.7,0.409,ASK
1443573610,1539.7,0.05,ASK
1443573612,1539.7,3.7283,ASK
1443573612,1539.46,0.012,ASK
1443573613,1539.46,0.0204,ASK
1443573613,1539.45,0.0046,ASK
1443573623,1539.46,0.023,ASK
1443573624,1539.45,0.023,ASK
1443573624,1539.45,0.023,ASK
1443573624,1539.45,0.023,ASK
1443573624,1539.45,0.023,ASK
1443573645,1539.48,0.12,ASK
1443573645,1539.46,0.0276,ASK
1443573645,1539.45,0.0239,ASK
1443573645,1539.45,0.176,ASK
1443573645,1539.45,0.176,ASK
1443573645,1539.45,0.176,ASK
1443573645,1539.45,0.001,ASK
1443573645,1539.3,0.002,ASK
1443573645,1539.24,0.0322,ASK
1443573645,1539.24,0.0178,ASK
1443573645,1539.23,0.2475,ASK
1443573645,1539.23,0.12,ASK
1443573647,1539.25,10.917,ASK
1443573673,1539.46,0.03,BID
1443573673,1539.46,0.0014,BID
1443573673,1539.47,0.12,BID
1443573673,1539.47,0.12,BID
1443573673,1539.47,0.12,BID
1443573673,1539.47,0.0906,BID
1443573673,1539.47,0.0294,BID
1443573673,1539.47,0.12,BID
1443573676,1539.66,9.0,BID
1443573676,1539.66,4.644,BID
1443573682,1539.47,0.001,ASK
1443573688,1539.47,0.03,ASK
1443573689,1539.47,0.0004,ASK
1443573689,1539.47,0.0314,ASK
1443573689,1539.47,0.0314,ASK
1443573689,1539.47,0.0314,ASK
1443573689,1539.46,0.0055,ASK
1443573697,1539.46,0.0245,BID
1443573697,1539.46,0.1246,BID
1443573697,1539.46,0.1246,BID
1443573697,1539.46,0.1246,BID
1443573697,1539.46,0.1017,BID
1443573698,1539.45,0.49,BID
1443573698,1539.45,0.04,BID
1443573698,1539.46,0.0229,BID
1443573698,1539.46,0.1246,BID
1443573698,1539.46,0.1246,BID
1443573698,1539.46,0.1246,BID
1443573698,1539.46,0.0533,BID
1443573698,1539.46,0.0713,BID
1443573698,1539.46,0.1246,BID
1443573703,1539.47,0.0048,ASK
1443573730,1539.48,0.001,ASK
1443573750,1539.49,0.001,ASK
1443573769,1539.67,0.001,BID
1443573769,1539.67,0.001,BID
1443573777,1539.67,0.04,ASK
1443573777,1539.67,0.0031,ASK
1443573778,1539.67,0.65,ASK
1443573778,1539.67,0.65,ASK
1443573778,1539.67,0.65,ASK
1443573778,1539.67,0.65,ASK
1443573779,1539.67,0.65,ASK
1443573779,1539.69,10.0,ASK
1443573779,1539.69,2.576,ASK
1443573782,1539.67,1.1605,ASK
1443573783,1539.67,0.305,ASK
1443573787,1539.7,0.001,BID
1443573787,1539.71,0.001,BID
1443573787,1539.82,0.001,BID
1443573787,1539.95,0.001,BID
1443573787,1539.95,0.001,BID
1443573787,1539.98,0.0291,BID
1443573787,1539.99,0.5812,BID
1443573787,1539.99,0.103,BID
1443573787,1539.99,0.015,BID
1443573787,1540.0,0.3,BID
1443573787,1540.03,0.001,BID
1443573787,1540.05,0.001,BID
1443573787,1540.06,0.001,BID
1443573787,1540.09,0.0903,BID
1443573787,1540.1,13.7034,BID
1443573788,1539.68,10.348,BID
1443573788,1539.67,0.05,ASK
1443573795,1539.83,0.1,ASK
1443573802,1539.68,0.0249,ASK
1443573802,1539.68,0.1592,ASK
1443573821,1539.99,0.0327,BID
1443573821,1540.0,0.0673,BID
1443573824,1539.68,0.0427,ASK
1443573824,1539.68,0.0493,ASK
1443573824,1539.68,0.103,ASK
1443573826,1539.67,0.195,ASK
1443573833,1539.67,0.53,ASK
1443573842,1539.68,0.001,BID
1443573842,1539.99,0.0249,BID
1443573842,1540.0,0.5863,BID
1443573845,1540.0,0.2021,ASK
1443573845,1540.0,0.468,ASK
1443573846,1540.0,0.394,ASK
1443573847,1540.0,0.319,ASK
1443573848,1540.0,0.306,ASK
1443573848,1540.0,0.329,ASK
1443573850,1540.0,0.012,ASK
1443573851,1540.0,0.565,ASK
1443573852,1540.09,0.1265,BID
1443573852,1540.09,0.0427,BID
1443573852,1540.09,0.103,BID
1443573852,1540.09,0.0493,BID
1443573852,1540.1,4.224,BID
1443573853,1540.0,0.1,ASK
1443573853,1540.08,0.0922,BID
1443573853,1540.1,0.2293,BID
1443573853,1540.1,0.3215,BID
1443573853,1540.1,0.3215,BID
1443573853,1540.1,0.3215,BID
1443573853,1540.0,0.001,ASK
1443573856,1540.01,0.0496,ASK
1443573858,1540.0,0.0496,ASK
1443573860,1540.01,0.0427,ASK
1443573861,1540.0,0.0427,ASK
1443573861,1540.0,0.0427,ASK
1443573861,1540.0,0.0427,ASK
1443573861,1540.0,0.0427,ASK
1443573861,1540.0,0.0427,ASK
1443573861,1540.0,0.0427,ASK
1443573872,1540.0,0.01,ASK
1443573876,1540.0,0.003,ASK
1443573897,1540.0,0.001,ASK
1443573900,1540.0,0.53,ASK
1443573901,1540.0,0.0419,ASK
1443573907,1539.9,0.02,ASK
1443573914,1539.69,0.02,ASK
1443573953,1539.83,0.001,ASK
1443573953,1539.98,0.003,BID
1443573961,1539.98,0.0235,BID
1443573961,1539.99,0.1355,BID
1443573962,1539.97,0.02,BID
1443573962,1539.99,0.3945,BID
1443573969,1539.99,0.0235,ASK
1443573969,1539.99,0.0235,ASK
1443573969,1539.99,0.0235,ASK
1443573969,1539.99,0.0235,ASK
1443573969,1539.84,0.01,ASK
1443573969,1539.83,0.069,ASK
1443573969,1539.7,0.0265,ASK
1443573969,1539.68,0.103,ASK
1443573969,1539.68,0.004,ASK
1443573969,1539.67,0.2235,ASK
1443573969,1540.08,0.0496,BID
1443573969,1540.08,0.0162,BID
1443573969,1540.09,0.0727,BID
1443573970,1540.09,0.267,BID
1443573971,1540.09,0.0658,BID
1443573971,1540.09,0.0658,BID
1443573971,1540.09,0.0658,BID
1443573971,1540.09,0.0658,BID
1443573972,1540.09,0.6493,BID
1443573972,1540.09,0.6493,BID
1443573972,1540.08,0.0265,BID
1443573972,1540.09,0.6228,BID
1443573972,1540.09,0.6493,BID
1443573972,1540.09,0.6493,BID
1443573973,1540.08,16.0,BID
1443573973,1540.08,9.865,BID
1443573973,1540.09,0.6493,BID
1443573973,1540.09,0.6493,BID
1443573973,1540.09,0.6493,BID
1443573974,1540.09,0.4203,BID
1443573974,1540.1,0.229,BID
1443573975,1540.1,0.6493,BID
1443573975,1540.1,0.6493,BID
1443573975,1540.1,0.6493,BID
1443573975,1540.1,0.6493,BID
1443573975,1540.1,0.6493,BID
1443573975,1540.1,0.6493,BID
1443573976,1540.1,0.6493,BID
1443573976,1540.1,0.6493,BID
1443573976,1540.1,0.6493,BID
1443573976,1540.1,0.6493,BID
1443573977,1540.1,0.6493,BID
1443573977,1540.1,0.6493,BID
1443573977,1540.1,0.6493,BID
1443573978,1540.02,0.001,ASK
1443573978,1540.1,0.6493,BID
1443573978,1540.1,0.6493,BID
1443573978,1540.1,0.6493,BID
1443573978,1540.1,0.6493,BID
1443573978,1540.1,0.6493,BID
1443573979,1540.1,0.6493,BID
1443573979,1540.1,0.6493,BID
1443573979,1540.1,0.6493,BID
1443573979,1540.1,0.6493,BID
1443573979,1540.1,0.6493,BID
1443573980,1540.1,0.6493,BID
1443573980,1540.1,0.6493,BID
1443573980,1540.1,0.6493,BID
1443573980,1540.1,0.6493,BID
1443573981,1540.1,0.6493,BID
1443573982,1540.1,0.01,BID
1443573984,1540.11,0.6493,ASK
1443573984,1540.11,0.6493,ASK
1443573984,1540.11,0.6493,ASK
1443573987,1539.98,0.508,BID
1443574002,1539.98,0.1,BID
1443574004,1539.98,0.01,BID
1443574034,1539.93,0.001,ASK
1443574034,1539.68,0.0037,ASK
1443574035,1539.97,0.001,BID
1443574035,1539.68,0.04,ASK
1443574039,1539.69,0.0198,ASK
1443574039,1539.69,0.0923,ASK
1443574039,1539.68,0.4979,ASK
1443574046,1539.68,0.01,ASK
1443574052,1539.68,0.02,ASK
1443574054,1539.68,0.2,ASK
1443574055,1539.68,5.4649,ASK
1443574055,1539.67,3.538,ASK
1443574058,1539.67,0.275,BID
1443574069,1539.64,0.001,ASK
1443574069,1539.23,0.199,ASK
1443574071,1539.23,0.02,ASK
1443574078,1539.48,0.07,ASK
1443574078,1539.23,0.4135,ASK
1443574078,1539.15,0.001,ASK
1443574078,1539.14,0.001,ASK
1443574078,1539.14,0.001,ASK
1443574078,1539.13,0.001,ASK
1443574078,1539.08,0.001,ASK
1443574078,1539.02,1.1969,ASK
1443574078,1539.0,0.3,ASK
1443574078,1538.9,0.111,ASK
1443574080,1539.64,9.004,ASK
1443574088,1539.64,0.001,BID
1443574110,1539.0,0.066,ASK
1443574112,1539.0,0.001,ASK
1443574113,1539.65,0.001,BID
1443574118,1539.01,0.1332,ASK
1443574118,1539.0,4.8668,ASK
1443574136,1539.04,0.001,ASK
1443574137,1539.65,0.001,BID
1443574157,1539.04,0.001,ASK
1443574158,1539.65,0.0047,BID
1443574180,1539.04,0.0023,ASK
1443574181,1539.65,0.001,BID
1443574205,1539.04,0.0031,ASK
1443574205,1539.64,0.001,BID
1443574205,1539.65,0.0051,BID
1443574205,1539.65,0.001,BID
1443574205,1539.65,0.0649,BID
1443574205,1539.65,0.001,BID
1443574205,1539.65,0.0101,BID
1443574205,1539.65,0.001,BID
1443574211,1539.65,0.1,ASK
1443574212,1539.65,8.076,ASK
1443574217,1539.38,0.01,BID
1443574217,1539.38,0.038,BID
1443574221,1539.38,0.003,BID
1443574234,1539.15,0.001,ASK
1443574234,1539.15,0.001,ASK
1443574234,1539.06,0.0229,ASK
1443574234,1539.05,3.0,ASK
1443574235,1539.04,0.5,BID
1443574236,1539.04,0.6,BID
1443574236,1539.04,0.0651,BID
1443574236,1539.63,0.045,BID
1443574236,1539.64,0.1,BID
1443574236,1539.64,0.1,BID
1443574236,1539.64,0.1,BID
1443574236,1539.64,0.025,BID
1443574236,1539.06,9.0,BID
1443574236,1539.06,10.0,BID
1443574236,1539.06,2.996,BID
1443574237,1539.64,0.075,BID
1443574237,1539.64,0.1,BID
1443574237,1539.64,0.1,BID
1443574237,1539.64,0.1,BID
1443574237,1539.64,0.1,BID
1443574237,1539.64,0.025,BID
1443574245,1539.64,0.075,BID
1443574245,1539.65,0.001,BID
1443574245,1539.65,0.0102,BID
1443574245,1539.65,0.001,BID
1443574245,1539.65,0.0625,BID
1443574247,1539.65,0.103,ASK
1443574247,1539.65,0.5834,ASK
1443574248,1539.65,0.65,ASK
1443574248,1539.65,0.65,ASK
1443574249,1539.65,0.65,ASK
1443574249,1539.65,0.65,ASK
1443574249,1539.65,0.65,ASK
1443574249,1539.65,0.65,ASK
1443574249,1539.65,0.65,ASK
1443574250,1539.65,0.612,ASK
1443574250,1539.65,0.02,ASK
1443574250,1539.65,0.65,ASK
1443574250,1539.65,0.65,ASK
1443574251,1539.65,0.65,ASK
1443574251,1539.65,0.65,ASK
1443574251,1539.65,0.65,ASK
1443574251,1539.65,0.65,ASK
1443574252,1539.65,0.65,ASK
1443574252,1539.65,0.65,ASK
1443574252,1539.65,0.65,ASK
1443574252,1539.65,0.65,ASK
1443574252,1539.65,0.65,ASK
1443574252,1539.65,0.65,ASK
1443574253,1539.65,0.65,ASK
1443574253,1539.65,0.038,ASK
1443574253,1539.65,0.65,ASK
1443574254,1539.65,0.65,ASK
1443574256,1539.66,0.22,BID
1443574256,1539.66,0.96,BID
1443574258,1539.66,0.2369,BID
1443574258,1539.66,0.0361,BID
1443574258,1539.67,0.7221,BID
1443574258,1539.77,0.001,BID
1443574258,1539.97,0.0111,BID
1443574258,1539.98,0.1728,BID
1443574259,1539.65,0.65,ASK
1443574260,1539.65,0.65,ASK
1443574260,1539.65,0.65,ASK
1443574261,1539.98,0.2092,BID
1443574261,1539.98,0.001,BID
1443574261,1539.99,0.0318,BID
1443574261,1540.0,0.938,BID
1443574261,1539.67,0.6495,ASK
1443574261,1539.67,0.0005,ASK
1443574263,1539.68,17.463,BID
1443574264,1539.67,0.05,ASK
1443574266,1539.68,0.0054,ASK
1443574268,1539.68,0.027,ASK
1443574268,1539.67,0.599,ASK
1443574268,1539.66,0.1326,ASK
1443574268,1539.65,3.0439,ASK
1443574268,1539.15,0.001,ASK
1443574268,1539.15,0.001,ASK
1443574268,1539.06,0.0164,ASK
1443574268,1539.05,0.1641,ASK
1443574268,1539.05,0.07,ASK
1443574270,1539.64,0.6495,BID
1443574270,1539.64,0.0005,BID
1443574270,1539.64,0.1025,BID
1443574271,1539.64,0.5475,BID
1443574271,1539.64,0.102,BID
1443574272,1539.64,0.548,BID
1443574272,1539.64,0.1015,BID
1443574274,1539.64,0.5485,BID
1443574274,1539.64,0.101,BID
1443574275,1539.64,0.549,BID
1443574275,1539.64,0.1005,BID
1443574275,1539.63,0.0218,BID
1443574275,1539.64,0.5495,BID
1443574275,1539.64,0.0782,BID
1443574275,1539.64,0.5718,BID
1443574275,1539.64,0.0777,BID
1443574276,1539.63,0.027,BID
1443574276,1539.64,0.5723,BID
1443574276,1539.64,0.0502,BID
1443574276,1539.64,0.5998,BID
1443574276,1539.64,0.0497,BID
1443574276,1539.63,0.1326,BID
1443574276,1539.64,0.5169,BID
1443574277,1539.64,0.0834,BID
1443574277,1539.64,0.5661,BID
1443574277,1539.64,0.0839,BID
1443574277,1539.64,0.5656,BID
1443574277,1539.55,0.01,ASK
1443574277,1539.64,0.0844,BID
1443574277,1539.64,0.5651,BID
1443574277,1539.64,0.0849,BID
1443574277,1539.64,0.5646,BID
1443574277,1539.64,0.0854,BID
1443574286,1539.65,0.003,ASK
1443574289,1539.78,0.0923,BID
1443574289,1539.79,0.002,BID
1443574302,1539.67,0.0051,ASK
1443574329,1539.98,0.103,BID
1443574329,1539.99,0.197,BID
1443574329,1539.66,0.001,ASK
1443574334,1539.97,0.0051,BID
1443574353,1539.99,8.783,BID
1443574353,1540.0,0.217,BID
1443574355,1539.67,0.0054,ASK
1443574362,1539.66,0.103,ASK
1443574362,1539.57,0.0598,ASK
1443574362,1539.56,1.197,ASK
1443574362,1539.56,3.0,ASK
1443574362,1539.55,0.04,ASK
1443574363,1539.55,0.29,BID
1443574363,1539.55,0.1358,BID
1443574366,1539.55,0.01,BID
1443574366,1539.55,0.4,BID
1443574366,1539.55,0.6,BID
1443574366,1539.55,0.6,BID
1443574366,1539.55,0.4,BID
1443574366,1539.55,0.07,BID
1443574366,1539.55,1.065,BID
1443574368,1539.55,0.01,BID
1443574369,1539.55,0.001,BID
1443574369,1539.55,0.0184,BID
1443574384,1539.66,0.01,BID
1443574386,1539.66,0.0005,BID
1443574408,1539.66,0.031,BID
1443574411,1539.96,5.0,BID
1443574411,1539.96,11.0,BID
1443574411,1539.96,4.519,BID
1443574423,1539.96,0.0054,ASK
1443574424,1539.96,0.331,ASK
1443574424,1539.96,3.0,ASK
1443574424,1539.96,0.124,ASK
1443574424,1539.96,0.017,ASK
1443574424,1539.96,0.7126,ASK
1443574424,1539.67,0.031,ASK
1443574424,1539.67,0.031,ASK
1443574424,1539.67,0.031,ASK
1443574424,1539.67,0.031,ASK
1443574424,1539.55,0.0816,ASK
1443574424,1539.15,0.1261,ASK
1443574424,1539.14,0.0257,ASK
1443574425,1539.1,0.1106,ASK
1443574426,1539.1,0.6,ASK
1443574427,1539.15,0.259,ASK
1443574427,1539.16,4.0,ASK
1443574427,1539.16,9.0,ASK
1443574427,1539.16,2.467,ASK
1443574427,1539.15,4.9336,ASK
1443574427,1539.11,0.0923,ASK
1443574427,1539.1,0.1667,ASK
1443574427,1539.1,0.05,ASK
1443574428,1539.1,0.017,ASK
1443574429,1539.1,5.2036,ASK
1443574429,1539.09,0.002,ASK
1443574429,1539.08,0.001,ASK
1443574429,1539.06,0.014,ASK
1443574430,1539.06,0.076,ASK
1443574430,1539.03,0.001,ASK
1443574430,1539.0,1.205,ASK
1443574432,1539.0,0.098,ASK
1443574432,1539.0,0.027,ASK
1443574433,1539.0,0.65,ASK
1443574433,1539.0,0.65,ASK
1443574433,1539.0,0.65,ASK
1443574433,1539.0,0.65,ASK
1443574434,1539.0,0.65,ASK
1443574434,1539.0,0.4862,ASK
1443574435,1538.89,3.8612,ASK
1443574436,1538.89,15.8434,ASK
1443574436,1538.83,0.001,ASK
1443574436,1538.76,0.001,ASK
1443574436,1538.76,0.001,ASK
1443574436,1538.75,0.001,ASK
1443574436,1538.75,0.001,ASK
1443574436,1538.56,0.001,ASK
1443574436,1538.55,0.001,ASK
1443574436,1538.53,0.001,ASK
1443574436,1538.47,0.004,ASK
1443574436,1538.45,0.001,ASK
1443574436,1538.45,0.001,ASK
1443574436,1538.45,2.5808,BID
1443574436,1538.99,0.1638,BID
1443574436,1538.99,0.65,BID
1443574436,1538.99,0.65,BID
1443574436,1538.99,0.65,BID
1443574436,1538.99,0.65,BID
1443574436,1538.99,0.65,BID
1443574436,1538.99,0.65,BID
1443574436,1538.99,0.65,BID
1443574436,1539.08,0.1358,BID
1443574436,1539.08,0.1443,BID
1443574436,1539.71,0.001,BID
1443574436,1539.96,0.0126,BID
1443574436,1539.96,0.7917,BID
1443574437,1538.41,12.0,BID
1443574437,1538.41,8.262,BID
1443574437,1538.87,12.0,BID
1443574437,1538.87,2.963,BID
1443574437,1538.81,0.001,ASK
1443574437,1538.4,0.999,ASK
1443574438,1538.3,1.18,ASK
1443574442,1538.41,1.18,ASK
1443574445,1538.41,1.575,ASK
1443574446,1538.41,1.309,ASK
1443574447,1538.41,2.134,ASK
1443574448,1538.41,2.692,ASK
1443574448,1538.41,0.01,ASK
1443574448,1538.41,0.03,ASK
1443574448,1538.41,1.07,ASK
1443574448,1538.28,0.11,ASK
1443574449,1538.28,0.2,ASK
1443574450,1538.28,0.0205,ASK
1443574451,1538.28,0.0199,ASK
1443574452,1538.29,3.0,ASK
1443574452,1538.29,2.306,ASK
1443574456,1538.28,0.389,ASK
1443574457,1538.87,0.001,BID
1443574459,1538.28,0.254,ASK
1443574470,1538.28,0.0066,ASK
1443574470,1538.27,0.001,ASK
1443574470,1538.27,0.001,ASK
1443574470,1538.26,0.0014,ASK
1443574474,1538.87,0.0095,BID
1443574474,1538.87,0.0195,BID
1443574474,1538.87,0.071,BID
1443574483,1538.87,0.032,BID
1443574483,1538.88,0.068,BID
1443574487,1538.85,0.0054,ASK
1443574497,1538.27,0.1149,ASK
1443574498,1538.26,2.0,ASK
1443574498,1538.26,0.1149,ASK
1443574498,1538.26,0.1149,ASK
1443574498,1538.26,0.0688,ASK
1443574504,1538.26,0.0461,BID
1443574533,1538.27,0.0461,ASK
1443574533,1538.27,0.0461,ASK
1443574533,1538.27,0.0461,ASK
1443574533,1538.27,0.0461,ASK
1443574539,1538.86,0.01,ASK
1443574550,1538.86,0.0005,ASK
1443574560,1538.25,0.001,ASK
1443574562,1538.25,0.1468,BID
1443574573,1538.85,0.001,BID
1443574579,1538.25,0.031,ASK
1443574581,1538.85,0.0678,BID
1443574581,1538.87,0.0616,BID
1443574581,1538.87,0.046,BID
1443574581,1538.88,0.582,BID
1443574581,1538.88,0.65,BID
1443574584,1538.88,0.147,ASK
1443574586,1538.88,0.4456,ASK
1443574588,1538.21,0.09,ASK
1443574606,1538.84,0.031,ASK
1443574703,1538.6,0.001,ASK
1443574703,1538.6,0.2,BID
1443574714,1538.6,0.001,BID
1443574730,1538.39,0.0434,ASK
1443574730,1538.39,0.0495,ASK
1443574730,1538.39,0.0505,ASK
1443574730,1538.39,0.0566,ASK
1443574731,1538.39,0.0464,ASK
1443574731,1538.38,0.2,ASK
1443574731,1538.38,0.2464,ASK
1443574731,1538.38,0.2464,ASK
1443574735,1538.59,0.0434,BID
1443574735,1538.59,0.1208,BID
1443574735,1538.59,0.0325,BID
1443574735,1538.6,12.3314,BID
1443574735,1538.61,0.029,BID
1443574735,1538.87,1.23,BID
1443574736,1539.0,0.5,ASK
1443574739,1539.0,0.114,ASK
1443574740,1539.0,0.1188,ASK
1443574741,1539.12,0.01,BID
1443574741,1539.12,0.0923,BID
1443574741,1539.13,0.001,BID
1443574741,1539.2,0.001,BID
1443574741,1539.2,0.001,BID
1443574741,1539.24,0.001,BID
1443574741,1539.32,0.001,BID
1443574741,1539.44,0.002,BID
1443574741,1539.73,0.001,BID
1443574741,1539.9,1.9897,BID
1443574741,1539.0,0.121,ASK
1443574744,1539.13,0.012,ASK
1443574746,1539.13,0.0903,ASK
1443574746,1539.13,0.1023,ASK
1443574746,1539.13,0.0074,ASK
1443574747,1539.88,5.0,ASK
1443574747,1539.88,7.267,ASK
1443574747,1539.14,0.04,ASK
1443574749,1539.13,0.0949,ASK
1443574749,1539.13,0.0081,ASK
1443574751,1539.13,0.0942,ASK
1443574751,1539.13,0.1018,ASK
1443574756,1539.13,0.0005,ASK
1443574756,1539.01,0.1125,ASK
1443574759,1539.01,0.0055,ASK
1443574759,1539.0,0.0045,ASK
1443574763,1539.01,0.039,ASK
1443574767,1539.01,0.0002,ASK
1443574767,1539.01,0.0098,ASK
1443574770,1539.01,0.0295,ASK
1443574770,1539.0,0.0095,ASK
1443574771,1539.0,0.0295,ASK
1443574771,1539.0,0.0295,ASK
1443574771,1539.0,0.0295,ASK
1443574771,1539.0,0.0295,ASK
1443574771,1539.0,0.0295,ASK
1443574774,1539.01,0.032,ASK
1443574778,1539.01,0.071,ASK
1443574779,1539.0,0.103,ASK
1443574779,1539.0,0.103,ASK
1443574779,1539.0,0.103,ASK
1443574781,1539.0,0.213,ASK
1443574783,1539.0,0.055,ASK
1443574784,1539.13,0.001,BID
1443574784,1539.0,0.024,ASK
1443574787,1539.0,0.299,ASK
1443574792,1539.0,0.02,ASK
1443574793,1539.0,0.5,ASK
1443574795,1539.0,0.7776,ASK
1443574795,1538.68,0.001,ASK
1443574795,1538.6,0.1967,ASK
1443574795,1538.6,0.0247,ASK
1443574802,1539.0,0.001,BID
1443574806,1539.13,0.013,ASK
1443574807,1539.75,20.455,ASK
1443574810,1539.13,0.0424,ASK
1443574810,1539.13,0.01,ASK
1443574811,1539.13,0.2584,ASK
1443574811,1538.63,0.0516,ASK
1443574815,1538.63,0.31,ASK
1443574859,1539.12,0.0031,BID
1443574866,1538.63,0.7993,ASK
1443574868,1538.63,2.0,BID
1443574869,1538.63,0.4,BID
1443574869,1538.63,0.6,BID
1443574869,1538.63,0.6,BID
1443574869,1538.63,0.4,BID
1443574870,1538.63,2.58,BID
1443574870,1538.63,0.6499,BID
1443574870,1538.63,0.6499,BID
1443574870,1538.63,0.6499,BID
1443574870,1538.63,2.0,BID
1443574871,1538.6,0.172,ASK
1443574871,1538.6,0.028,ASK
1443574871,1538.63,0.2227,BID
1443574873,1538.64,0.2214,ASK
1443574873,1538.64,0.2058,ASK
1443574873,1538.64,0.0156,ASK
1443574874,1538.64,0.2214,ASK
1443574874,1538.64,0.4129,ASK
1443574874,1538.64,0.1525,ASK
1443574881,1538.64,0.2,ASK
1443574916,1539.1,0.001,BID
1443574940,1539.12,0.0469,BID
1443574940,1539.12,0.0871,BID
1443574951,1539.12,0.0159,BID
1443574951,1539.12,0.0504,BID
1443574951,1539.13,0.5337,BID
1443574951,1539.13,0.197,BID
1443574956,1539.12,0.0139,BID
1443574956,1539.13,0.2641,BID
1443574964,1539.09,0.001,ASK
1443574968,1539.09,0.001,ASK
1443574981,1539.08,0.0028,BID
1443574986,1538.61,0.103,ASK
1443574989,1538.51,0.01,ASK
1443575016,1539.09,0.001,BID
1443575016,1539.09,0.001,BID
1443575016,1539.09,0.001,BID
1443575016,1539.13,0.0141,BID
1443575016,1539.51,0.001,BID
1443575016,1539.56,0.001,BID
1443575016,1539.81,0.001,BID
1443575016,1539.92,0.001,BID
1443575016,1539.94,0.0255,BID
1443575016,1539.94,0.0567,BID
1443575016,1539.94,0.01,BID
1443575016,1539.94,0.103,BID
1443575016,1539.95,0.1092,BID
1443575031,1539.06,0.0021,BID
1443575106,1539.04,0.004,BID
1443575106,1539.05,0.001,BID
1443575106,1539.05,0.001,BID
1443575106,1539.05,0.001,BID
1443575106,1539.05,0.001,BID
1443575106,1539.92,0.001,BID
1443575106,1539.96,0.001,BID
1443575106,1539.99,1.5,BID
1443575109,1538.86,0.032,ASK
1443575109,1538.87,7.0,BID
1443575109,1538.87,11.047,BID
1443575110,1538.86,0.0005,ASK
1443575110,1538.85,0.032,ASK
1443575110,1538.85,0.0325,ASK
1443575110,1538.85,0.0325,ASK
1443575110,1538.86,1.0,ASK
1443575110,1538.86,4.681,ASK
1443575110,1538.86,15.014,ASK
1443575111,1538.85,0.0325,ASK
1443575111,1538.85,0.0325,ASK
1443575112,1538.85,0.0325,ASK
1443575112,1538.85,0.0325,ASK
1443575112,1538.85,0.0325,ASK
1443575113,1538.85,0.3903,ASK
1443575116,1538.84,0.1625,BID
1443575116,1538.84,0.4375,BID
1443575116,1538.84,0.1153,BID
1443575116,1538.84,0.4847,BID
1443575116,1538.84,0.0681,BID
1443575116,1538.84,0.3319,BID
1443575119,1538.84,0.0014,BID
1443575124,1538.84,0.2195,BID
1443575139,1538.85,0.001,ASK
1443575170,1538.86,0.001,ASK
1443575185,1539.04,0.0017,ASK
1443575185,1538.86,0.1013,ASK
1443575201,1539.03,0.001,BID
1443575233,1539.03,0.001,BID
1443575263,1539.0,0.0028,ASK
1443575268,1539.02,0.0018,ASK
1443575268,1539.0,3.4972,ASK
1443575268,1538.86,0.0548,ASK
1443575268,1538.85,0.2185,ASK
1443575268,1538.85,0.2195,ASK
1443575268,1538.85,0.2195,ASK
1443575268,1538.85,0.1565,ASK
1443575289,1539.01,0.001,BID
1443575301,1539.05,0.001,BID
1443575301,1539.05,0.001,BID
1443575301,1539.05,0.001,BID
1443575301,1539.05,0.001,BID
1443575301,1539.05,0.001,BID
1443575301,1539.05,0.001,BID
1443575301,1539.83,0.0388,BID
1443575301,1539.83,0.0325,BID
1443575301,1539.83,0.016,BID
1443575301,1539.84,5.0867,BID
1443575309,1539.06,0.001,ASK
1443575327,1539.06,0.045,ASK
1443575327,1539.06,0.0001,ASK
1443575327,1539.05,0.3289,ASK
1443575327,1539.05,0.329,ASK
1443575338,1539.06,0.018,ASK
1443575340,1539.06,0.0003,ASK
1443575340,1539.05,0.0197,ASK
1443575343,1539.05,0.244,ASK
1443575343,1539.05,0.1024,ASK
1443575343,1538.86,0.01,ASK
1443575343,1538.85,0.004,ASK
1443575343,1538.75,0.001,ASK
1443575343,1538.71,0.0046,ASK
1443575351,1538.71,0.1854,ASK
1443575351,1538.7,0.001,ASK
1443575351,1538.68,0.001,ASK
1443575351,1538.65,0.001,ASK
1443575351,1538.54,0.002,ASK
1443575351,1538.53,0.15,ASK
1443575351,1538.51,0.019,ASK
1443575351,1538.5,0.2904,ASK
1443575381,1538.53,0.06,ASK
1443575402,1538.53,0.02,ASK
1443575450,1539.67,0.04,BID
1443575450,1539.68,0.06,BID
1443575468,1539.67,0.0461,BID
1443575468,1539.67,0.0183,BID
1443575468,1539.67,0.019,BID
1443575468,1539.67,0.103,BID
1443575468,1539.68,0.2136,BID
1443575484,1539.68,1.5,BID
1443575487,1539.68,2.0,BID
1443575487,1539.68,2.0,BID
1443575487,1539.68,0.0517,BID
1443575487,1539.69,1.9693,BID
1443575487,1539.69,1.5,BID
1443575487,1539.69,1.0,BID
1443575487,1539.69,1.0,BID
1443575488,1539.69,1.3151,BID
1443575492,1539.69,0.7059,ASK
1443575508,1539.56,0.019,BID
1443575522,1538.76,0.002,ASK
1443575542,1539.01,0.001,ASK
1443575550,1539.56,0.001,BID
1443575550,1539.66,1.5,BID
1443575550,1539.68,0.65,BID
1443575550,1539.68,1.009,BID
1443575550,1539.69,0.2,BID
1443575550,1539.76,1.1609,BID
1443575550,1539.83,5.3311,BID
1443575551,1539.83,0.0194,BID
1443575551,1539.85,0.001,BID
1443575551,1539.86,0.001,BID
1443575551,1539.92,0.001,BID
1443575551,1539.96,0.1776,BID
1443575557,1539.84,0.03,ASK
1443575559,1539.83,0.4876,BID
1443575559,1539.96,0.7844,BID
1443575559,1539.69,0.02,BID
1443575559,1539.96,1.8412,BID
1443575560,1539.97,0.4058,ASK
1443575560,1539.83,0.4876,BID
1443575560,1539.83,0.1066,BID
1443575562,1539.84,0.381,ASK
1443575563,1539.85,0.0456,ASK
1443575563,1539.84,0.3354,ASK
1443575563,1539.84,0.1522,ASK
1443575563,1539.84,0.2288,ASK
1443575564,1539.85,0.0222,ASK
1443575564,1539.84,0.2588,ASK
1443575564,1539.03,0.001,ASK
1443575584,1539.82,0.0202,BID
1443575584,1539.82,0.0123,BID
1443575584,1539.83,0.5525,BID
1443575588,1539.16,0.0013,ASK
1443575611,1539.17,0.002,ASK
1443575631,1539.17,0.001,ASK
1443575648,1539.8,0.0171,BID
1443575648,1539.81,0.2859,BID
1443575649,1539.17,0.007,ASK
1443575651,1539.17,0.1,BID
1443575651,1539.17,0.383,BID
1443575651,1539.17,0.392,BID
1443575651,1539.17,0.383,BID
1443575651,1539.17,0.5,BID
1443575652,1539.17,4.547,BID
1443575652,1539.17,1.18,BID
1443575653,1539.17,1.1379,BID
1443575653,1539.82,0.0202,BID
1443575653,1539.83,0.0975,BID
1443575653,1539.83,0.7444,BID
1443575653,1539.83,0.1637,BID
1443575653,1539.84,0.019,BID
1443575653,1539.97,0.009,BID
1443575653,1540.0,0.3083,BID
1443575657,1539.29,0.0096,ASK
1443575672,1539.99,0.0013,BID
1443575672,1540.0,1.4987,BID
1443575674,1539.99,18.856,BID
1443575677,1539.25,0.091,ASK
1443575677,1539.24,0.0598,ASK
1443575677,1539.24,0.0921,ASK
1443575677,1539.23,0.038,ASK
1443575677,1539.23,0.1448,ASK
1443575681,1539.25,0.001,ASK
1443575703,1539.26,0.001,ASK
1443575709,1539.97,0.091,BID
1443575709,1539.97,0.09,BID
1443575709,1539.98,0.1191,BID
1443575709,1539.99,0.0598,BID
1443575709,1539.99,0.0921,BID
1443575709,1539.99,0.038,BID
1443575709,1540.0,6.5956,BID
1443575709,1540.0,0.3,BID
1443575709,1540.0,0.0648,BID
1443575709,1540.07,7.15,ASK
1443575711,1540.07,0.39,ASK
1443575712,1540.07,0.448,ASK
1443575713,1540.07,0.5384,ASK
1443575713,1540.07,0.022,ASK
1443575727,1540.07,0.001,ASK
1443575741,1540.07,0.873,ASK
1443575748,1540.14,0.001,ASK
1443575750,1540.07,0.001,ASK
1443575751,1540.07,0.49,ASK
1443575773,1540.08,0.09,ASK
1443575773,1540.08,0.001,ASK
1443575775,1540.08,0.012,ASK
1443575775,1540.07,125.0167,ASK
1443575777,1540.06,0.49,BID
1443575795,1539.35,0.0063,ASK
1443575796,1540.05,0.001,BID
1443575818,1540.05,0.102,BID
1443575818,1540.06,0.5472,BID
1443575820,1539.36,0.003,ASK
1443575854,1540.03,0.001,BID
1443575856,1539.49,0.0505,ASK
1443575856,1539.49,0.0585,ASK
1443575876,1540.03,0.002,BID
1443575876,1540.05,0.0658,BID
1443575876,1540.05,0.0428,BID
1443575882,1539.49,0.0005,ASK
1443575882,1539.49,0.0024,ASK
1443575893,1540.05,0.0077,BID
1443575893,1540.06,0.5923,BID
1443575893,1540.06,0.6,BID
1443575895,1540.06,0.01,BID
1443575896,1540.06,0.411,BID
1443575897,1540.06,0.6493,BID
1443575897,1540.06,0.6493,BID
1443575897,1540.06,0.6493,BID
1443575897,1540.06,0.6493,BID
1443575898,1540.06,0.6493,BID
1443575898,1540.06,0.6493,BID
1443575898,1540.06,0.6493,BID
1443575899,1540.06,0.6493,BID
1443575899,1540.06,0.6493,BID
1443575899,1540.06,0.6493,BID
1443575900,1540.06,0.6493,BID
1443575900,1540.06,0.6493,BID
1443575900,1540.06,0.6493,BID
1443575901,1540.06,0.6493,BID
1443575901,1540.06,0.6493,BID
1443575901,1540.06,0.6493,BID
1443575901,1540.06,0.6493,BID
1443575901,1540.06,0.6493,BID
1443575901,1540.06,0.01,BID
1443575902,1540.06,0.6493,BID
1443575902,1540.06,0.6493,BID
1443575902,1540.06,0.6493,BID
1443575902,1540.06,0.6493,BID
1443575903,1540.06,0.6493,BID
1443575903,1540.06,0.6493,BID
1443575903,1540.06,0.6493,BID
1443575903,1540.06,0.6493,BID
1443575904,1540.06,0.6493,BID
1443575904,1540.06,0.6493,BID
1443575904,1540.06,0.6493,BID
1443575904,1540.06,0.6493,BID
1443575904,1540.06,0.6493,BID
1443575905,1540.06,0.01,BID
1443575905,1540.06,0.6493,BID
1443575905,1540.06,0.6493,BID
1443575905,1540.06,0.6493,BID
1443575905,1540.06,0.6493,BID
1443575905,1540.06,0.6493,BID
1443575905,1540.04,0.0791,ASK
1443575905,1540.04,0.0547,ASK
1443575905,1540.04,0.0599,ASK
1443575905,1540.03,4.7031,ASK
1443575905,1540.06,0.6493,BID
1443575905,1540.06,0.6493,BID
1443575905,1540.03,0.09,ASK
1443575906,1540.06,0.6493,BID
1443575906,1540.06,0.11,BID
1443575906,1540.06,0.6493,BID
1443575907,1540.07,0.0599,ASK
1443575907,1540.07,0.082,ASK
1443575907,1540.07,0.0547,ASK
1443575916,1540.07,0.0039,ASK
1443575937,1540.07,0.0031,ASK
1443575960,1540.07,0.0314,ASK
1443575961,1540.07,0.4143,ASK
1443575965,1540.06,0.01,BID
1443575966,1540.06,0.0214,BID
1443575966,1540.06,0.4457,BID
1443575966,1540.06,0.1822,BID
1443575967,1540.06,0.01,BID
1443575967,1540.06,0.1106,BID
1443575967,1540.06,0.1429,BID
1443575967,1540.06,0.2851,BID
1443575967,1540.06,0.1606,BID
1443575967,1540.06,0.2674,BID
1443575967,1540.06,0.1783,BID
1443575967,1540.06,0.2497,BID
1443575968,1540.06,0.196,BID
1443575968,1540.06,0.4457,BID
1443575968,1540.06,0.0076,BID
1443575968,1540.06,0.4381,BID
1443575968,1540.06,0.001,BID
1443575971,1540.07,0.09,ASK
1443575973,1540.07,0.1202,ASK
1443575973,1540.07,0.6493,ASK
1443575973,1540.07,0.6493,ASK
1443575975,1540.06,0.01,BID
1443575978,1540.06,0.01,BID
1443575983,1540.03,0.001,BID
1443575984,1540.03,0.0106,BID
1443575984,1540.06,1.1894,BID
1443575988,1540.06,0.01,BID
1443575988,1540.06,0.01,BID
1443575989,1540.06,37.256,BID
1443575990,1540.06,0.1,BID
1443575990,1540.02,0.002,BID
1443575990,1540.06,0.0438,BID
1443575992,1540.06,2.0,BID
1443575995,1540.06,1.5,BID
1443575995,1540.06,0.5,BID
1443575995,1540.06,0.4,BID
1443575995,1540.06,0.6,BID
1443575996,1539.84,0.001,ASK
1443575996,1539.59,0.057,ASK
1443575997,1540.06,0.01,BID
1443575998,1540.06,0.01,BID
1443576000,1540.06,0.01,BID
1443576003,1540.06,0.11,BID
1443576007,1539.84,0.0018,BID
1443576008,1540.06,0.01,BID
1443576011,1540.06,0.01,BID
1443576016,1540.05,0.0013,ASK
1443576039,1540.04,0.354,BID
1443576039,1540.04,0.0024,BID
1443576039,1540.05,0.0557,BID
1443576039,1540.06,12.5744,BID
1443576039,1540.06,5.5952,BID
1443576042,1539.59,8.0,BID
1443576042,1539.59,3.669,BID
1443576045,1539.97,0.09,BID
1443576061,1539.58,0.0127,ASK
1443576069,1539.97,0.0024,ASK
1443576069,1539.58,0.0076,ASK
1443576071,1540.06,0.5,BID
1443576093,1539.59,0.092,ASK
1443576111,1539.96,0.092,BID
1443576111,1539.97,0.001,BID
1443576111,1539.97,0.037,BID
1443576116,1539.97,0.053,BID
1443576119,1540.05,0.02,BID
1443576119,1540.06,0.15,BID
1443576119,1540.06,0.65,BID
1443576119,1540.06,0.65,BID
1443576119,1540.06,0.63,BID
1443576122,1540.04,0.014,ASK
1443576128,1539.57,0.001,ASK
1443576129,1539.96,0.006,BID
1443576145,1540.06,0.001,BID
1443576147,1539.97,0.0056,ASK
1443576165,1539.58,0.0656,ASK
1443576165,1539.57,0.001,ASK
1443576165,1539.57,0.7344,ASK
1443576172,1539.57,0.036,ASK
1443576180,1539.58,0.0019,BID
1443576182,1539.91,0.003,BID
1443576184,1539.91,0.0014,BID
1443576184,1540.05,0.0656,BID
1443576184,1540.06,2.2718,BID
1443576200,1540.05,0.0019,BID
1443576200,1540.06,0.0081,BID
1443576206,1539.58,0.01,ASK
1443576211,1540.06,0.01,BID
1443576212,1540.0,5.0348,BID
1443576212,1540.06,0.7345,BID
1443576218,1540.06,0.01,BID
1443576218,1540.06,0.11,BID
1443576222,1540.06,0.01,BID
1443576222,1540.06,0.11,BID
1443576224,1540.06,0.01,BID
1443576226,1540.06,0.11,BID
1443576227,1540.06,0.6493,BID
1443576227,1540.06,0.6493,BID
1443576227,1540.06,0.6493,BID
1443576228,1540.06,0.01,BID
1443576230,1540.06,0.017,BID
1443576235,1540.06,0.001,ASK
1443576236,1540.14,0.087,BID
1443576236,1540.15,0.001,BID
1443576236,1540.2,0.001,BID
1443576236,1540.22,0.004,BID
1443576236,1540.31,0.007,BID
1443576241,1540.3,0.01,BID
1443576244,1540.3,0.05,BID
1443576256,1540.16,0.0042,ASK
1443576259,1540.16,0.0132,ASK
1443576259,1540.15,0.0038,ASK
1443576262,1540.16,0.013,ASK
1443576263,1540.16,0.0042,ASK
1443576265,1540.15,0.07,ASK
1443576266,1540.15,0.0058,ASK
1443576267,1540.15,0.0074,ASK
1443576267,1540.15,0.0026,ASK
1443576268,1540.15,0.0844,ASK
1443576268,1540.15,0.0156,ASK
1443576269,1540.17,7.0,ASK
1443576269,1540.17,12.904,ASK
1443576269,1540.16,0.0134,ASK
1443576269,1540.15,0.0714,ASK
1443576269,1540.15,0.087,ASK
1443576270,1540.14,0.009,BID
1443576272,1540.14,0.01,BID
1443576274,1540.14,0.01,BID
1443576276,1540.14,0.01,BID
1443576278,1540.14,0.01,BID
1443576283,1540.14,0.01,BID
1443576285,1540.14,0.01,BID
1443576286,1540.14,0.01,BID
1443576288,1540.14,0.01,BID
1443576305,1539.93,0.0034,ASK
1443576306,1540.14,0.0042,BID
1443576307,1540.14,0.0034,BID
1443576307,1540.14,0.0066,BID
1443576309,1540.14,0.01,BID
1443576312,1540.13,0.01,BID
1443576315,1540.13,0.003,BID
1443576315,1540.13,0.007,BID
1443576317,1540.12,0.0034,BID
1443576317,1540.13,0.0066,BID
1443576319,1540.13,0.01,BID
1443576332,1539.92,0.0227,ASK
1443576333,1539.91,0.0227,ASK
1443576333,1539.91,0.0227,ASK
1443576333,1539.91,0.0227,ASK
1443576333,1539.91,0.0227,ASK
1443576333,1539.91,0.0227,ASK
1443576338,1539.92,0.27,BID
1443576339,1539.92,0.3522,BID
1443576339,1540.12,0.0257,BID
1443576339,1540.12,0.0184,BID
1443576339,1540.13,0.1037,BID
1443576341,1540.02,6.0,BID
1443576341,1540.02,4.147,BID
1443576350,1540.13,0.1,BID
1443576355,1539.94,0.001,ASK
1443576357,1540.13,0.01,BID
1443576359,1540.13,0.01,BID
1443576361,1540.13,0.01,BID
1443576364,1539.94,0.028,ASK
1443576365,1539.94,0.0006,ASK
1443576365,1539.93,0.028,ASK
1443576365,1539.93,0.0286,ASK
1443576365,1539.93,0.0286,ASK
1443576365,1539.93,0.0286,ASK
1443576366,1539.93,0.0286,ASK
1443576366,1540.12,0.029,BID
1443576366,1540.13,0.9728,BID
1443576367,1540.13,0.01,BID
1443576367,1540.13,0.029,BID
1443576367,1540.13,0.029,BID
1443576367,1540.13,0.029,BID
1443576367,1540.13,0.029,BID
1443576368,1540.13,0.029,BID
1443576369,1540.13,0.01,BID
1443576369,1539.94,0.0225,ASK
1443576369,1539.93,0.4275,ASK
1443576370,1539.93,0.0225,ASK
1443576370,1539.93,0.0005,ASK
1443576371,1539.93,0.01,BID
1443576374,1539.93,0.01,BID
1443576376,1539.93,0.002,BID
1443576376,1539.93,0.008,BID
1443576383,1539.93,0.01,BID
1443576385,1539.93,0.0045,BID
1443576385,1539.93,0.0225,BID
1443576385,1539.93,0.206,BID
1443576385,1539.93,0.0225,BID
1443576386,1539.98,0.0319,ASK
1443576389,1539.98,0.222,ASK
1443576390,1540.13,0.01,BID
1443576390,1539.98,0.0006,ASK
1443576391,1539.97,0.222,BID
1443576391,1539.97,0.018,BID
1443576392,1539.97,0.01,BID
1443576392,1539.94,0.151,ASK
1443576393,1539.94,0.0007,ASK
1443576393,1539.93,0.01,BID
1443576395,1539.93,0.01,BID
1443576395,1539.93,0.131,BID
1443576395,1539.93,0.1517,BID
1443576395,1539.93,0.1517,BID
1443576395,1539.93,0.0656,BID
1443576396,1539.93,0.0861,BID
1443576396,1539.93,0.1517,BID
1443576396,1539.94,0.151,BID
1443576399,1539.96,0.01,BID
1443576400,1539.96,0.0031,BID
1443576400,1539.97,0.0069,BID
1443576400,1539.94,0.186,ASK
1443576401,1539.94,0.0008,ASK
1443576401,1539.94,0.3109,ASK
1443576403,1539.93,0.186,BID
1443576403,1539.93,0.4977,BID
1443576403,1539.93,0.1163,BID
1443576403,1539.93,0.3814,BID
1443576403,1539.93,0.1186,BID
1443576404,1539.93,0.3791,BID
1443576404,1539.93,0.1186,BID
1443576404,1539.93,0.3791,BID
1443576404,1539.93,0.1186,BID
1443576404,1539.93,0.3791,BID
1443576404,1539.93,0.1117,BID
1443576405,1539.93,0.386,BID
1443576405,1539.93,0.1117,BID
1443576405,1539.93,0.386,BID
1443576405,1539.93,0.1117,BID
1443576405,1539.93,0.386,BID
1443576405,1539.94,0.1117,BID
1443576406,1539.94,0.3853,BID
1443576406,1539.94,0.003,ASK
1443576406,1539.95,3.0,BID
1443576406,1539.95,2.0,BID
1443576406,1539.95,0.651,BID
1443576407,1539.97,0.0039,BID
1443576412,1539.94,0.1094,ASK
1443576412,1539.94,0.4977,ASK
1443576412,1539.94,0.4969,ASK
1443576413,1539.94,0.0008,ASK
1443576413,1539.93,0.015,BID
1443576414,1539.92,0.017,ASK
1443576415,1539.93,0.01,BID
1443576415,1539.93,0.2859,BID
1443576415,1539.93,0.3117,BID
1443576415,1539.93,0.2024,BID
1443576416,1539.93,0.1093,BID
1443576416,1539.96,0.017,BID
1443576416,1539.97,0.1838,BID
1443576416,1539.97,0.2226,BID
1443576416,1539.97,0.2226,BID
1443576416,1539.97,0.2226,BID
1443576416,1540.14,0.0221,BID
1443576419,1539.95,0.0498,ASK
1443576419,1539.94,0.2702,ASK
1443576419,1540.14,0.01,BID
1443576419,1540.14,0.01,BID
1443576420,1539.95,0.0324,ASK
1443576420,1539.94,0.2275,ASK
1443576420,1539.94,0.3901,ASK
1443576420,1539.94,0.1076,ASK
1443576420,1539.94,0.5424,ASK
1443576421,1539.94,0.107,ASK
1443576421,1539.93,0.543,ASK
1443576421,1539.93,0.65,ASK
1443576422,1540.14,0.01,BID
1443576422,1539.95,0.0326,ASK
1443576422,1539.93,0.307,ASK
1443576422,1539.93,0.075,BID
1443576423,1539.93,0.093,BID
1443576424,1539.93,0.01,BID
1443576425,1539.93,0.026,BID
1443576426,1539.93,0.01,BID
1443576426,1539.93,0.0964,BID
1443576426,1539.94,0.046,BID
1443576426,1539.94,0.0038,BID
1443576426,1539.94,0.0498,BID
1443576426,1539.94,0.0498,BID
1443576426,1539.94,0.039,BID
1443576426,1539.94,0.0108,BID
1443576426,1539.94,0.0498,BID
1443576426,1539.94,0.0324,BID
1443576426,1539.94,0.0324,BID
1443576426,1539.94,0.017,BID
1443576426,1539.94,0.0154,BID
1443576426,1539.94,0.0324,BID
1443576426,1539.94,0.0324,BID
1443576428,1540.13,0.01,BID
1443576430,1540.13,0.01,BID
1443576433,1539.95,0.001,ASK
1443576433,1539.95,0.0158,ASK
1443576433,1539.95,0.01,ASK
1443576433,1539.94,0.0222,ASK
1443576435,1540.13,0.01,BID
1443576437,1540.13,0.0198,BID
1443576437,1540.13,0.0324,BID
1443576437,1540.13,0.103,BID
1443576437,1540.13,0.0397,BID
1443576437,1540.14,0.1997,BID
1443576437,1540.14,0.2684,BID
1443576437,1540.14,0.2684,BID
1443576437,1540.14,0.0686,BID
1443576438,1540.14,0.1949,BID
1443576438,1540.14,0.0049,BID
1443576438,1540.14,0.19,BID
1443576438,1540.14,0.0684,BID
1443576438,1540.14,0.1265,BID
1443576438,1540.14,0.1319,BID
1443576438,1540.14,0.063,BID
1443576438,1540.14,0.1949,BID
1443576440,1540.13,0.01,BID
1443576444,1539.95,0.01,ASK
1443576444,1539.95,0.0185,ASK
1443576444,1539.94,0.04,ASK
1443576444,1539.94,0.1324,ASK
1443576444,1539.94,0.1324,ASK
1443576444,1539.94,0.1324,ASK
1443576444,1539.94,0.0157,ASK
1443576447,1540.13,0.01,BID
1443576449,1540.13,0.01,BID
1443576450,1540.13,0.01,BID
1443576452,1540.12,0.01,BID
1443576454,1540.12,0.01,BID
1443576455,1540.12,0.01,BID
1443576456,1539.94,0.001,ASK
1443576459,1540.12,0.01,BID
1443576474,1540.12,0.01,BID
1443576482,1539.95,0.0022,ASK
1443576488,1540.12,0.01,BID
1443576488,1540.12,0.01,BID
1443576501,1539.97,0.001,ASK
1443576521,1539.98,0.1147,ASK
1443576521,1539.98,0.0278,ASK
1443576521,1539.97,1.0375,ASK
1443576522,1539.97,0.1425,ASK
1443576523,1539.97,0.1425,ASK
1443576523,1539.97,0.1425,ASK
1443576523,1539.97,0.1425,ASK
1443576538,1539.97,0.01,ASK
1443576546,1539.98,0.001,ASK
1443576550,1540.12,0.0151,BID
1443576550,1540.12,0.0119,BID
1443576550,1540.12,0.0184,BID
1443576550,1540.13,0.9546,BID
1443576550,1540.13,1.1554,BID
1443576550,1540.31,0.0918,BID
1443576550,1540.35,0.001,BID
1443576550,1540.46,0.001,BID
1443576550,1540.48,0.001,BID
1443576550,1540.57,0.001,BID
1443576550,1540.57,0.001,BID
1443576550,1540.57,0.001,BID
1443576550,1540.57,0.001,BID
1443576550,1540.57,0.001,BID
1443576550,1540.61,0.001,BID
1443576550,1540.68,0.1,BID
1443576550,1540.78,0.001,BID
1443576552,1540.8,0.001,BID
1443576552,1541.0,0.3,BID
1443576552,1541.0,0.0687,BID
1443576552,1541.06,0.1,BID
1443576552,1541.13,0.0303,BID
1443576552,1540.99,0.0184,BID
1443576556,1541.13,0.0697,BID
1443576556,1541.34,0.001,BID
1443576557,1541.71,0.025,BID
1443576557,1541.72,0.02,BID
1443576557,1541.14,0.044,ASK
1443576558,1541.14,0.0257,ASK
1443576558,1541.14,0.0274,ASK
1443576561,1541.14,0.0277,ASK
1443576561,1541.14,0.01,ASK
1443576561,1541.14,0.0046,ASK
1443576561,1541.14,0.0054,ASK
1443576561,1541.14,0.005,ASK
1443576562,1541.71,13.0,ASK
1443576562,1541.71,3.59,ASK
1443576562,1541.14,0.0593,ASK
1443576562,1541.14,0.0697,ASK
1443576562,1541.14,0.0697,ASK
1443576562,1541.0,0.0353,ASK
1443576563,1541.15,0.01,ASK
1443576564,1541.15,0.0026,ASK
1443576565,1541.0,0.0093,ASK
1443576565,1540.79,0.0149,ASK
1443576565,1540.78,0.1738,ASK
1443576569,1540.78,0.124,ASK
1443576570,1540.78,0.0004,ASK
1443576572,1540.61,0.0046,ASK
1443576587,1540.77,0.124,BID
1443576587,1540.77,0.076,BID
1443576587,1540.77,0.0484,BID
1443576587,1540.77,0.1244,BID
1443576587,1540.77,0.0272,BID
1443576588,1540.77,0.0972,BID
1443576592,1540.78,0.0022,ASK
1443576605,1541.1,0.0474,BID
1443576606,1540.78,0.05,ASK
1443576616,1541.26,0.002,BID
1443576618,1541.27,0.008,ASK
1443576618,1540.78,0.148,ASK
1443576620,1540.79,0.0199,ASK
1443576620,1540.78,0.0111,ASK
1443576620,1541.7,0.02,BID
1443576627,1541.71,0.001,BID
1443576627,1541.72,0.024,BID
1443576627,1541.72,0.02,BID
1443576627,1541.73,0.48,BID
1443576627,1541.75,0.0321,BID
1443576627,1541.76,0.6421,BID
1443576627,1541.79,0.0531,BID
1443576627,1541.84,0.0642,BID
1443576627,1541.88,0.004,BID
1443576627,1541.92,0.0904,BID
1443576627,1541.93,17.4891,BID
1443576632,1540.79,0.03,ASK
1443576632,1540.79,0.02,ASK
1443576632,1540.79,0.086,ASK
1443576634,1540.8,0.01,ASK
1443576636,1541.72,0.01,ASK
1443576637,1541.72,0.893,ASK
1443576637,1541.72,1.1723,ASK
1443576638,1540.8,0.1073,ASK
1443576638,1540.8,0.3927,ASK
1443576639,1540.8,0.0054,ASK
1443576640,1540.8,0.211,ASK
1443576645,1541.22,0.1391,BID
1443576665,1540.79,0.0105,ASK
1443576672,1540.79,0.091,ASK
1443576675,1540.79,0.0005,ASK
1443576675,1540.78,0.0095,ASK
1443576677,1541.68,0.0305,BID
1443576677,1541.69,0.6092,BID
1443576677,1541.7,0.0517,BID
1443576677,1541.7,0.0783,BID
1443576677,1541.71,0.65,BID
1443576677,1541.71,0.65,BID
1443576677,1541.71,0.65,BID
1443576677,1541.71,0.65,BID
1443576677,1541.72,0.5,BID
1443576677,1541.92,0.5,BID
1443576677,1541.94,5.3121,BID
1443576677,1541.94,0.5312,BID
1443576677,1542.0,0.1798,BID
1443576677,1542.0,0.1,BID
1443576677,1542.01,0.001,BID
1443576677,1542.05,0.059,BID
1443576677,1542.21,0.0014,BID
1443576677,1542.24,0.4767,BID
1443576677,1542.39,0.1053,BID
1443576677,1542.5,2.054,BID
1443576677,1542.55,0.0014,BID
1443576677,1542.76,0.298,BID
1443576677,1543.0,0.129,BID
1443576681,1540.81,0.01,ASK
1443576685,1541.0,0.3,ASK
1443576685,1540.82,0.0122,ASK
1443576685,1540.81,0.0708,ASK
1443576685,1540.81,0.4868,ASK
1443576685,1540.81,0.0814,ASK
1443576685,1540.79,0.072,ASK
1443576685,1540.78,0.1792,ASK
1443576685,1540.78,0.3878,ASK
1443576686,1540.8,0.015,BID
1443576686,1540.78,0.1094,ASK
1443576686,1540.78,0.1906,ASK
1443576688,1540.78,0.001,ASK
1443576689,1540.78,0.01,ASK
1443576689,1540.78,0.01,ASK
1443576691,1540.78,0.01,ASK
1443576691,1540.8,0.3036,BID
1443576691,1540.8,0.6,BID
1443576691,1540.8,0.338,BID
1443576691,1540.8,7.4204,BID
1443576692,1540.78,0.2756,ASK
1443576692,1540.78,0.3244,ASK
1443576692,1540.79,0.167,BID
1443576692,1540.8,0.482,BID
1443576692,1540.79,0.0128,BID
1443576692,1540.8,0.6362,BID
1443576692,1540.8,0.649,BID
1443576693,1540.79,0.0122,BID
1443576693,1540.8,0.6368,BID
1443576693,1540.79,0.01,ASK
1443576693,1540.79,0.0727,ASK
1443576693,1540.78,0.1728,ASK
1443576693,1540.78,0.4045,ASK
1443576693,1540.78,0.0927,ASK
1443576693,1540.78,0.4972,ASK
1443576693,1540.78,0.0601,ASK
1443576693,1540.78,0.4371,ASK
1443576693,1540.78,0.2129,ASK
1443576694,1540.79,0.0192,ASK
1443576694,1540.78,0.2843,ASK
1443576696,1540.61,0.0304,ASK
1443576696,1540.58,0.1696,ASK
1443576700,1540.6,0.01,BID
1443576702,1540.6,0.01,BID
1443576702,1540.6,0.0104,BID
1443576702,1540.6,0.0304,BID
1443576702,1540.6,0.0136,BID
1443576703,1540.6,0.0168,BID
1443576706,1540.73,0.0324,BID
1443576706,1540.74,0.6166,BID
1443576707,1540.74,0.0324,BID
1443576708,1540.76,0.0503,BID
1443576708,1540.76,0.0192,BID
1443576708,1540.77,0.3465,BID
1443576708,1540.77,0.65,BID
1443576708,1540.77,0.65,BID
1443576708,1540.77,0.086,BID
1443576708,1540.77,0.5,BID
1443576709,1540.76,14.598,BID
1443576710,1540.77,0.064,BID
1443576710,1540.77,0.0055,BID
1443576710,1540.77,0.0695,BID
1443576710,1540.77,0.0695,BID
1443576710,1540.77,0.0695,BID
1443576711,1540.77,0.436,BID
1443576711,1540.77,0.213,BID
1443576711,1540.77,0.437,BID
1443576711,1540.77,0.212,BID
1443576711,1540.77,0.438,BID
1443576711,1540.77,0.211,BID
1443576711,1540.77,0.439,BID
1443576711,1540.77,0.21,BID
1443576712,1540.76,5.0,BID
1443576712,1540.76,4.98,BID
1443576712,1540.77,0.44,BID
1443576712,1540.77,0.209,BID
1443576712,1540.77,0.441,BID
1443576712,1540.77,0.008,BID
1443576718,1540.78,0.2,ASK
1443576719,1540.78,0.649,ASK
1443576719,1540.78,0.001,ASK
1443576719,1540.78,0.648,ASK
1443576719,1540.78,0.002,ASK
1443576719,1540.78,0.647,ASK
1443576719,1540.78,0.003,ASK
1443576720,1540.78,0.646,ASK
1443576720,1540.78,0.004,ASK
1443576720,1540.78,0.645,ASK
1443576720,1540.78,0.005,ASK
1443576720,1540.78,0.644,ASK
1443576720,1540.77,0.006,ASK
1443576720,1540.77,0.094,ASK
1443576720,1540.76,5.0,ASK
1443576720,1540.76,1.0,ASK
1443576720,1540.76,1.895,ASK
1443576753,1540.74,0.0054,ASK
1443576758,1540.76,0.103,BID
1443576758,1540.77,0.097,BID
1443576759,1540.77,0.103,BID
1443576759,1540.77,0.103,BID
1443576759,1540.77,0.103,BID
1443576759,1540.77,0.103,BID
1443576760,1540.77,0.047,BID
1443576760,1540.77,0.056,BID
1443576760,1540.77,0.594,BID
1443576760,1540.77,0.65,BID
1443576760,1540.77,0.296,BID
1443576761,1540.77,0.354,BID
1443576761,1540.77,0.295,BID
1443576761,1540.77,0.355,BID
1443576761,1540.77,0.294,BID
1443576761,1540.77,0.356,BID
1443576761,1540.77,0.293,BID
1443576762,1540.8,0.01,BID
1443576767,1540.8,0.01,BID
1443576768,1540.8,0.17,BID
1443576769,1540.8,0.649,BID
1443576769,1540.8,0.649,BID
1443576769,1540.8,0.649,BID
1443576770,1540.8,0.649,BID
1443576770,1540.8,0.0296,BID
1443576773,1540.81,0.17,ASK
1443576774,1540.81,0.308,ASK
1443576776,1540.81,0.01,ASK
1443576778,1540.81,0.01,ASK
1443576779,1540.81,0.1214,ASK
1443576779,1540.8,0.0186,ASK
1443576780,1540.8,0.1814,ASK
1443576780,1540.79,0.0219,ASK
1443576780,1540.79,0.0124,ASK
1443576780,1540.79,0.1053,ASK
1443576781,1540.79,0.0226,ASK
1443576782,1540.79,0.103,BID
1443576783,1540.78,0.343,ASK
1443576784,1540.78,0.01,ASK
1443576785,1540.78,0.012,ASK
1443576786,1540.78,0.01,ASK
1443576786,1540.78,0.274,ASK
1443576786,1540.78,0.386,ASK
1443576787,1540.78,0.263,ASK
1443576787,1540.78,0.387,ASK
1443576787,1540.78,0.262,ASK
1443576787,1540.78,0.388,ASK
1443576788,1540.78,0.261,ASK
1443576788,1540.78,0.389,ASK
1443576789,1540.78,0.26,ASK
1443576789,1540.77,0.0344,ASK
1443576792,1540.76,0.2,ASK
1443576792,1540.76,0.01,ASK
1443576792,1540.76,0.01,ASK
1443576793,1540.76,0.098,ASK
1443576793,1540.76,0.65,ASK
1443576793,1540.76,0.65,ASK
1443576793,1540.76,0.65,ASK
1443576793,1540.76,0.65,ASK
1443576794,1540.76,0.65,ASK
1443576794,1540.76,0.65,ASK
1443576794,1540.76,0.65,ASK
1443576794,1540.76,0.65,ASK
1443576794,1540.76,0.65,ASK
1443576794,1540.76,0.65,ASK
1443576794,1540.76,0.01,ASK
1443576795,1540.76,0.072,ASK
1443576795,1540.76,0.0054,ASK
1443576798,1540.6,0.01,ASK
1443576800,1540.6,0.01,ASK
1443576806,1540.74,0.01,BID
1443576807,1540.6,0.56,ASK
1443576808,1540.6,0.01,ASK
1443576808,1540.6,0.65,ASK
1443576808,1540.6,0.65,ASK
1443576809,1540.6,0.65,ASK
1443576809,1540.6,0.65,ASK
1443576809,1540.6,0.0554,ASK
1443576812,1540.59,0.5946,BID
1443576812,1540.59,0.5854,BID
1443576812,1540.58,0.2,ASK
1443576813,1540.59,0.0646,BID
1443576813,1540.59,0.5845,BID
1443576813,1540.59,0.0655,BID
1443576813,1540.59,0.5836,BID
1443576813,1540.59,0.0664,BID
1443576813,1540.59,0.5827,BID
1443576813,1540.59,0.0673,BID
1443576813,1540.59,0.5818,BID
1443576814,1540.59,0.0682,BID
1443576814,1540.59,0.5809,BID
1443576814,1540.59,0.0691,BID
1443576814,1540.59,0.58,BID
1443576814,1540.59,0.07,BID
1443576819,1540.74,0.001,BID
1443576823,1540.6,0.01,ASK
1443576824,1540.74,0.0014,BID
1443576824,1540.74,0.0219,BID
1443576824,1540.74,0.1623,BID
1443576824,1540.75,0.0994,BID
1443576825,1540.75,0.1856,BID
1443576825,1540.75,0.1856,BID
1443576825,1540.75,0.102,BID
1443576825,1540.75,0.0836,BID
1443576827,1540.75,0.1856,BID
1443576827,1540.75,0.1856,BID
1443576828,1540.75,0.1952,BID
1443576828,1540.75,0.4538,BID
1443576828,1540.75,0.1962,BID
1443576828,1540.75,0.4528,BID
1443576828,1540.75,0.1972,BID
1443576828,1540.75,0.4518,BID
1443576828,1540.75,0.1982,BID
1443576828,1540.75,0.4508,BID
1443576829,1540.61,0.0243,ASK
1443576829,1540.61,0.1623,ASK
1443576829,1540.6,0.0134,ASK
1443576829,1540.74,0.103,BID
1443576829,1540.75,0.1992,BID
1443576829,1540.75,0.3468,BID
1443576829,1540.75,0.3032,BID
1443576829,1540.75,0.3458,BID
1443576829,1540.75,0.3042,BID
1443576829,1540.75,0.3448,BID
1443576830,1540.6,0.1866,ASK
1443576830,1540.6,0.1866,ASK
1443576830,1540.6,0.1825,ASK
1443576830,1540.6,0.0041,ASK
1443576831,1540.6,0.1866,ASK
1443576832,1540.6,0.1866,ASK
1443576832,1540.6,0.2718,ASK
1443576832,1540.6,0.3782,ASK
1443576832,1540.6,0.2709,ASK
1443576832,1540.6,0.3791,ASK
1443576832,1540.6,0.27,ASK
1443576832,1540.6,0.38,ASK
1443576832,1540.6,0.2691,ASK
1443576832,1540.6,0.3809,ASK
1443576833,1540.6,0.2682,ASK
1443576833,1540.6,0.3818,ASK
1443576833,1540.6,0.2673,ASK
1443576835,1540.59,0.01,BID
1443576837,1540.59,0.171,BID
1443576838,1540.59,0.01,BID
1443576838,1540.59,0.1917,BID
1443576838,1540.59,0.4574,BID
1443576838,1540.59,0.1926,BID
1443576838,1540.59,0.4565,BID
1443576838,1540.59,0.1935,BID
1443576838,1540.59,0.4556,BID
1443576838,1540.59,0.1944,BID
1443576838,1540.59,0.4547,BID
1443576839,1540.59,0.1953,BID
1443576839,1540.59,0.4538,BID
1443576839,1540.59,0.1962,BID
1443576841,1540.6,0.01,ASK
1443576844,1540.6,0.0015,ASK
1443576844,1540.6,0.01,ASK
1443576844,1540.74,0.008,BID
1443576859,1540.6,0.2,ASK
1443576860,1540.6,0.2314,ASK
1443576860,1540.6,0.4186,ASK
1443576860,1540.6,0.2305,ASK
1443576860,1540.6,0.4195,ASK
1443576861,1540.6,0.2296,ASK
1443576861,1540.6,0.4204,ASK
1443576861,1540.6,0.2287,ASK
1443576861,1540.6,0.4213,ASK
1443576861,1540.74,0.0073,BID
1443576861,1540.75,0.3052,BID
1443576861,1540.75,0.65,ASK
1443576861,1540.75,0.65,ASK
1443576861,1540.75,0.65,ASK
1443576861,1540.75,0.65,ASK
1443576861,1540.75,0.65,ASK
1443576862,1540.75,0.65,ASK
1443576862,1540.75,0.65,ASK
1443576862,1540.75,0.65,ASK
1443576862,1540.75,0.332,ASK
1443576863,1540.75,0.65,ASK
1443576863,1540.75,0.65,ASK
1443576863,1540.75,0.65,ASK
1443576863,1540.75,0.65,ASK
1443576863,1540.75,0.65,ASK
1443576864,1540.75,0.65,ASK
1443576864,1540.75,0.65,ASK
1443576864,1540.75,0.01,ASK
1443576866,1540.75,0.01,ASK
1443576866,1540.75,0.063,ASK
1443576868,1540.75,0.0048,ASK
1443576872,1540.75,0.1,ASK
1443576873,1540.75,0.2,ASK
1443576874,1540.75,0.01,ASK
1443576877,1540.75,0.01,ASK
1443576881,1540.75,2.5029,ASK
1443576881,1540.74,0.0105,ASK
1443576881,1540.61,0.0153,ASK
1443576881,1540.61,0.01,ASK
1443576881,1540.6,0.0413,ASK
1443576888,1540.6,0.1865,ASK
1443576888,1540.6,0.0135,ASK
1443576892,1540.76,0.103,BID
1443576892,1540.76,0.044,BID
1443576892,1540.77,0.3556,BID
1443576892,1540.77,0.65,BID
1443576892,1540.77,0.1304,BID
1443576893,1540.77,0.147,BID
1443576893,1540.77,0.147,BID
1443576893,1540.77,0.147,BID
1443576893,1540.77,0.0786,BID
1443576893,1540.77,0.0684,BID
1443576893,1540.77,0.147,BID
1443576893,1540.76,3.0,BID
1443576893,1540.76,1.098,BID
1443576894,1540.61,0.01,ASK
1443576894,1540.76,0.0153,BID
1443576894,1540.77,0.0287,BID
1443576894,1540.77,0.044,BID
1443576894,1540.77,0.044,BID
1443576895,1540.77,0.044,BID
1443576895,1540.77,0.2739,BID
1443576895,1540.77,0.65,BID
1443576895,1540.77,0.2561,BID
1443576895,1540.77,0.044,BID
1443576895,1540.77,0.3499,BID
1443576897,1540.78,0.01,ASK
1443576898,1540.78,0.103,ASK
1443576899,1540.78,0.01,ASK
1443576900,1540.78,0.01,ASK
1443576902,1540.78,0.01,ASK
1443576904,1540.78,0.0811,ASK
1443576904,1540.78,0.1189,ASK
1443576904,1540.78,0.0046,ASK
1443576906,1540.78,0.01,ASK
1443576908,1540.78,0.01,ASK
1443576920,1540.79,0.103,ASK
1443576920,1540.78,0.147,ASK
1443576923,1540.78,0.1019,ASK
1443576925,1540.78,0.04,ASK
1443576926,1540.78,0.1416,ASK
1443576926,1540.78,0.5084,ASK
1443576926,1540.78,0.0656,ASK
1443576926,1540.78,0.574,ASK
1443576926,1540.78,0.0104,ASK
1443576927,1540.78,0.5636,ASK
1443576927,1540.77,0.0864,ASK
1443576927,1540.77,0.0136,ASK
1443576931,1540.77,0.6364,BID
1443576931,1540.77,0.65,BID
1443576931,1540.77,0.65,BID
1443576931,1540.77,0.65,BID
1443576931,1541.16,0.001,BID
1443576932,1541.16,0.01,ASK
1443576933,1541.16,0.8,ASK
1443576933,1541.16,4.74,ASK
1443576933,1541.16,0.35,ASK
1443576933,1541.16,0.4,ASK
1443576933,1541.16,0.4,ASK
1443576933,1541.16,0.6,ASK
1443576934,1541.16,0.1126,ASK
1443576934,1540.78,0.137,ASK
1443576936,1541.15,0.4874,BID
1443576936,1541.16,0.03,BID
1443576936,1541.16,0.01,ASK
1443576936,1541.16,0.0144,ASK
1443576937,1541.16,0.101,ASK
1443576938,1541.16,0.001,ASK
1443576938,1541.16,0.01,ASK
1443576939,1541.16,0.1,ASK
1443576940,1541.16,0.1019,ASK
1443576940,1541.16,0.4,ASK
1443576943,1541.16,0.4,ASK
1443576944,1541.16,0.01,ASK
1443576944,1541.16,0.07,ASK
1443576947,1541.16,0.2,ASK
1443576948,1541.16,0.06,ASK
1443576952,1541.16,0.1019,ASK
1443576956,1541.16,0.014,ASK
1443576957,1541.16,0.2,ASK
1443576961,1541.16,0.01,ASK
1443576961,1541.16,0.4,ASK
1443576964,1541.16,0.0032,ASK
1443576965,1541.16,0.01,ASK
1443576967,1541.16,0.01,ASK
1443576971,1541.16,0.01,ASK
1443576972,1541.16,0.01,ASK
1443576973,1541.16,0.01,ASK
1443576974,1541.16,9.0,ASK
1443576976,1541.16,0.01,ASK
1443576977,1541.16,0.7152,ASK
1443576980,1540.79,0.0152,ASK
1443576980,1540.79,0.0018,ASK
1443576986,1540.79,0.105,ASK
1443576987,1540.94,0.1,ASK
1443576987,1540.79,0.0009,ASK
1443576987,1540.78,0.005,ASK
1443577016,1540.81,0.0294,ASK
1443577016,1540.81,0.0236,ASK
1443577017,1540.81,0.0008,ASK
1443577017,1540.8,0.001,ASK
1443577025,1541.1,0.0032,ASK
1443577025,1540.8,0.1808,ASK
1443577041,1540.8,0.2,ASK
1443577045,1540.8,0.083,ASK
1443577047,1540.8,0.0126,ASK
1443577056,1540.9,0.0785,ASK
1443577067,1540.9,0.0014,ASK
1443577074,1540.9,0.7092,ASK
1443577075,1540.9,0.1011,ASK
1443577077,1540.9,0.01,ASK
1443577091,1540.9,0.0024,ASK
1443577093,1541.11,0.0848,BID
1443577100,1541.43,0.001,BID
1443577100,1541.44,0.001,BID
1443577103,1541.12,0.0848,ASK
1443577103,1541.12,0.0132,ASK
1443577105,1541.18,0.1019,BID
1443577106,1541.12,0.01,ASK
1443577107,1541.19,0.01,ASK
1443577110,1541.19,0.01,ASK
1443577111,1541.51,0.001,BID
1443577113,1541.51,0.001,ASK
1443577114,1541.51,0.01,ASK
1443577114,1541.51,0.0151,ASK
1443577114,1541.51,0.1729,ASK
1443577115,1541.19,0.0819,ASK
1443577115,1541.19,0.0571,ASK
1443577118,1541.19,0.0448,ASK
1443577118,1541.19,0.1019,ASK
1443577118,1541.19,0.0524,ASK
1443577120,1541.19,0.026,ASK
1443577121,1541.19,0.01,ASK
1443577121,1541.19,0.0135,ASK
1443577121,1541.12,0.0616,ASK
1443577121,1541.12,0.0848,ASK
1443577121,1541.12,0.0401,ASK
1443577121,1541.12,0.004,ASK
1443577122,1541.18,0.1019,BID
1443577123,1541.18,0.0261,BID
1443577123,1541.18,0.1019,BID
1443577123,1541.18,0.0261,BID
1443577123,1541.18,0.1019,BID
1443577123,1541.17,0.0192,BID
1443577123,1541.18,0.0261,BID
1443577123,1541.19,0.01,ASK
1443577125,1541.19,0.01,ASK
1443577128,1541.19,0.02,ASK
1443577133,1541.19,0.001,ASK
1443577138,1541.19,0.01,ASK
1443577140,1541.19,0.01,ASK
1443577145,1541.76,0.01,BID
1443577145,1541.77,0.1,BID
1443577145,1541.77,0.1,BID
1443577145,1541.91,0.027,BID
1443577148,1541.91,0.076,BID
1443577148,1541.91,0.166,BID
1443577148,1541.92,3.32,BID
1443577148,1542.0,0.3,BID
1443577148,1542.11,0.001,BID
1443577148,1542.12,0.001,BID
1443577148,1542.16,0.001,BID
1443577148,1542.28,0.001,BID
1443577148,1542.7,1.0,BID
1443577148,1543.0,0.171,BID
1443577148,1543.07,0.008,BID
1443577148,1543.3,1.51,BID
1443577148,1543.5,0.6537,BID
1443577148,1543.87,0.0011,BID
1443577148,1543.94,0.005,BID
1443577148,1543.99,0.0968,BID
1443577148,1544.0,0.3,BID
1443577148,1544.3,0.2,BID
1443577148,1544.5,0.0323,BID
1443577148,1544.79,5.0374,BID
1443577148,1545.0,0.3,BID
1443577148,1545.0,0.0162,BID
1443577148,1545.0,4.2,BID
1443577148,1545.17,0.1448,BID
1443577148,1545.44,0.002,BID
1443577148,1545.54,0.017,BID
1443577148,1545.55,3.1687,BID
1443577148,1546.0,0.3,BID
1443577148,1546.0,0.0162,BID
1443577148,1546.33,5.4912,BID
1443577148,1546.84,0.001,BID
1443577148,1546.88,0.002,BID
1443577148,1546.88,0.002,BID
1443577148,1546.91,0.002,BID
1443577148,1546.91,0.005,BID
1443577148,1546.91,0.001,BID
1443577148,1546.91,0.002,BID
1443577148,1546.98,0.1,BID
1443577148,1547.0,0.3,BID
1443577148,1547.51,0.5,BID
1443577148,1547.98,0.1,BID
1443577148,1548.0,0.3,BID
1443577148,1548.0,0.1174,BID
1443577148,1548.98,0.1,BID
1443577148,1549.0,0.3,BID
1443577148,1549.77,0.5,BID
1443577148,1549.98,0.1,BID
1443577148,1549.99,8.1,BID
1443577148,1549.99,3.78,BID
1443577148,1549.99,2.16,BID
1443577148,1550.0,0.3,BID
1443577148,1550.0,0.2,BID
1443577148,1550.0,0.2582,BID
1443577148,1550.0,0.1273,BID
1443577148,1550.0,33.619,BID
1443577150,1541.2,0.0292,ASK
1443577150,1541.2,0.0615,ASK
1443577150,1541.19,0.0217,ASK
1443577150,1541.19,0.128,ASK
1443577150,1541.19,0.128,ASK
1443577150,1541.19,0.384,ASK
1443577150,1541.19,0.384,ASK
1443577150,1541.19,0.384,ASK
1443577150,1541.19,0.384,ASK
1443577150,1541.12,0.0407,ASK
1443577150,1541.1,0.3244,ASK
1443577150,1541.09,4.764,ASK
1443577152,1541.58,0.01,ASK
1443577153,1542.7,0.3,BID
1443577154,1541.58,0.4,ASK
1443577154,1542.7,0.3,BID
1443577155,1541.6,0.002,ASK
1443577155,1541.58,0.008,ASK
1443577156,1541.58,1.673,ASK
1443577156,1541.58,0.1019,ASK
1443577156,1542.99,0.01,BID
1443577156,1546.0,0.002,ASK
1443577156,1546.0,0.288,ASK
1443577157,1543.0,0.3,BID
1443577157,1541.6,0.002,ASK
1443577157,1541.6,0.001,ASK
1443577157,1541.6,0.002,ASK
1443577157,1541.59,0.395,ASK
1443577158,1541.6,0.002,ASK
1443577158,1541.6,0.002,ASK
1443577158,1541.59,0.006,ASK
1443577159,1541.63,0.816,ASK
1443577159,1541.59,3.727,ASK
1443577159,1542.69,0.02,BID
1443577159,1542.7,0.28,BID
1443577159,1541.59,0.0017,ASK
1443577160,1542.7,0.3,BID
1443577163,1542.0,0.1019,ASK
1443577164,1542.0,0.01,ASK
1443577164,1542.64,0.0408,BID
1443577164,1542.65,0.816,BID
1443577164,1542.69,2.9592,BID
1443577164,1542.01,0.0922,ASK
1443577164,1542.0,0.1881,ASK
1443577164,1541.62,0.005,ASK
1443577164,1541.59,0.295,ASK
1443577167,1541.85,0.05,BID
1443577167,1541.99,0.0197,BID
1443577167,1541.99,0.1,BID
1443577167,1541.99,0.3,BID
1443577167,1541.99,0.3,BID
1443577167,1541.99,0.3,BID
1443577167,1541.99,0.3,BID
1443577167,1541.99,0.3,BID
1443577169,1542.64,0.2164,BID
1443577170,1541.85,0.083,ASK
1443577171,1541.85,0.017,ASK
1443577171,1541.61,0.183,ASK
1443577171,1541.87,0.002,ASK
1443577171,1541.61,0.0999,ASK
1443577173,1541.61,0.017,ASK
1443577174,1541.61,0.01,ASK
1443577175,1542.61,0.002,BID
1443577175,1542.69,0.05,BID
1443577175,1542.7,0.248,BID
1443577176,1541.62,0.1019,ASK
1443577178,1542.69,0.3,BID
1443577178,1541.62,0.0391,ASK
1443577178,1541.62,0.0499,ASK
1443577178,1541.61,0.011,ASK
1443577179,1542.0,0.001,BID
1443577179,1542.6,0.01,BID
1443577179,1542.68,0.15,BID
1443577179,1542.69,0.139,BID
1443577179,1541.61,0.039,ASK
1443577181,1541.61,0.022,ASK
1443577182,1541.61,0.013,ASK
1443577197,1541.63,0.002,ASK
1443577197,1541.62,0.358,ASK
1443577201,1541.64,0.42,ASK
1443577204,1541.64,0.001,ASK
1443577207,1541.64,0.01,ASK
1443577221,1541.65,0.103,ASK
1443577221,1541.64,0.097,ASK
1443577226,1541.65,0.001,ASK
1443577229,1541.66,0.28,ASK
1443577235,1541.66,0.1,ASK
1443577247,1541.66,0.01,ASK
1443577248,1541.66,0.2,ASK
1443577252,1541.66,0.001,ASK
1443577256,1542.61,0.001,BID
1443577257,1541.66,0.2,ASK
1443577258,1541.66,0.0197,ASK
1443577261,1541.66,0.6,ASK
1443577264,1541.66,0.085,ASK
1443577264,1542.61,0.009,BID
1443577264,1542.66,0.002,BID
1443577264,1542.69,0.103,BID
1443577264,1542.9,0.001,BID
1443577264,1542.96,0.1504,BID
1443577264,1542.97,0.001,BID
1443577264,1542.97,0.002,BID
1443577264,1542.97,0.002,BID
1443577264,1542.97,0.002,BID
1443577264,1542.97,3.0,BID
1443577264,1542.98,0.005,BID
1443577264,1542.99,0.015,BID
1443577264,1543.0,0.3,BID
1443577265,1543.0,4.9302,ASK
1443577265,1541.66,1.7495,ASK
1443577265,1541.66,0.5,ASK
1443577269,1541.71,0.5,ASK
1443577270,1541.71,0.015,ASK
1443577272,1541.72,0.0143,ASK
1443577272,1541.65,0.1857,ASK
1443577272,1541.88,13.306,ASK
1443577273,1541.65,0.023,ASK
1443577273,1541.65,1.68,ASK
1443577274,1541.65,0.014,ASK
1443577275,1541.89,0.3,BID
1443577276,1541.66,0.0021,BID
1443577276,1541.88,0.0258,BID
1443577276,1541.89,0.215,BID
1443577277,1541.9,0.218,ASK
1443577278,1541.9,0.0541,ASK
1443577278,1541.9,0.3459,ASK
1443577278,1541.9,0.1691,ASK
1443577278,1541.9,0.2309,ASK
1443577278,1541.9,0.2841,ASK
1443577278,1541.9,0.2159,ASK
1443577278,1541.9,0.2991,ASK
1443577278,1541.9,0.4879,ASK
1443577278,1541.9,0.0271,ASK
1443577278,1541.9,0.3989,ASK
1443577278,1541.9,0.086,ASK
1443577279,1541.9,0.01,ASK
1443577281,1541.9,0.0201,ASK
1443577281,1541.9,0.3799,ASK
1443577281,1541.93,0.0359,BID
1443577281,1541.94,0.3042,BID
1443577281,1541.9,0.1351,ASK
1443577281,1541.9,0.0519,ASK
1443577281,1541.9,0.187,ASK
1443577281,1541.9,0.2761,ASK
1443577282,1541.66,0.01,ASK
1443577282,1541.66,0.017,ASK
1443577282,1541.65,0.483,ASK
1443577287,1541.62,0.175,ASK
1443577288,1541.62,0.035,ASK
1443577290,1541.62,0.2,ASK
1443577293,1541.62,0.4033,ASK
1443577296,1541.62,0.015,ASK
1443577296,1541.62,0.401,ASK
1443577297,1541.87,4.0,ASK
1443577297,1541.87,5.772,ASK
1443577300,1541.88,0.001,BID
1443577301,1541.63,0.103,ASK
1443577301,1541.62,0.097,ASK
1443577302,1541.62,0.2,ASK
1443577306,1541.88,0.0995,BID
1443577306,1541.89,0.402,BID
1443577306,1541.89,0.402,BID
1443577306,1541.89,0.402,BID
1443577306,1541.89,0.402,BID
1443577306,1541.9,0.001,BID
1443577307,1542.65,0.011,ASK
1443577308,1542.65,0.0005,ASK
1443577313,1541.8,0.011,BID
1443577315,1541.8,0.037,ASK
1443577316,1541.82,0.002,ASK
1443577316,1541.8,0.052,ASK
1443577316,1541.64,0.035,ASK
1443577317,1541.82,0.001,ASK
1443577317,1541.82,0.002,ASK
1443577317,1541.64,0.002,ASK
1443577317,1541.64,0.084,ASK
1443577326,1541.82,0.002,ASK
1443577352,1541.89,0.01,ASK
1443577361,1541.88,0.0064,BID
1443577361,1542.51,0.001,BID
1443577364,1542.51,0.144,ASK
1443577364,1542.51,0.8,ASK
1443577365,1542.51,4.744,ASK
1443577365,1542.51,0.65,ASK
1443577365,1542.51,0.796,ASK
1443577365,1542.51,0.65,ASK
1443577365,1542.51,0.6364,ASK
1443577368,1541.82,0.003,ASK
1443577368,1541.77,0.01,ASK
1443577368,1541.7,0.0153,ASK
1443577368,1541.69,0.7477,ASK
1443577372,1542.01,0.2,BID
1443577377,1541.81,0.001,BID
1443577377,1541.81,0.001,BID
1443577387,1541.81,0.0008,BID
1443577387,1541.99,0.016,BID
1443577387,1542.48,0.002,BID
1443577387,1542.62,0.002,BID
1443577387,1542.62,0.005,BID
1443577387,1542.63,0.002,BID
1443577387,1542.63,0.001,BID
1443577387,1542.68,0.0765,BID
1443577387,1542.69,1.4047,BID
1443577388,1541.72,0.01,ASK
1443577394,1541.76,0.002,ASK
1443577394,1541.74,0.002,ASK
1443577394,1541.73,0.072,ASK
1443577395,1541.77,17.604,ASK
1443577399,1542.0,0.4,BID
1443577399,1542.0,2.58,BID
1443577401,1542.0,0.6485,BID
1443577401,1542.0,0.6485,BID
1443577401,1542.0,0.6485,BID
1443577401,1542.0,0.6485,BID
1443577402,1542.0,0.6485,BID
1443577402,1542.0,0.6485,BID
1443577402,1542.0,0.6485,BID
1443577402,1542.0,0.6485,BID
1443577402,1542.0,0.232,BID
1443577408,1542.01,0.001,ASK
1443577412,1542.01,0.103,ASK
1443577434,1542.02,0.001,ASK
1443577440,1542.51,0.001,ASK
1443577440,1542.02,0.009,ASK
1443577488,1542.03,0.0031,ASK
1443577505,1542.51,0.001,ASK
1443577505,1542.02,0.009,ASK
1443577506,1542.02,0.01,ASK
1443577512,1542.02,0.0013,ASK
1443577515,1542.02,0.2,ASK
1443577518,1542.03,0.09,ASK
1443577518,1542.02,0.11,ASK
1443577523,1542.63,0.001,BID
1443577536,1542.01,0.001,ASK
1443577540,1542.63,0.0912,BID
1443577540,1542.64,0.002,BID
1443577540,1542.64,0.001,BID
1443577540,1542.66,0.002,BID
1443577540,1542.69,0.1253,BID
1443577540,1542.99,0.015,BID
1443577540,1543.0,0.3,BID
1443577540,1543.3,0.17,BID
1443577540,1543.59,0.001,BID
1443577540,1543.6,0.4968,BID
1443577540,1543.79,0.0248,BID
1443577540,1543.8,0.4968,BID
1443577540,1543.98,0.013,BID
1443577540,1543.99,0.1275,BID
1443577540,1544.0,0.3,BID
1443577540,1544.01,0.001,BID
1443577540,1544.01,0.001,BID
1443577540,1544.15,0.001,BID
1443577540,1544.5,1.1806,BID
1443577550,1543.48,0.002,BID
1443577550,1543.48,0.002,BID
1443577554,1543.0,0.3,ASK
1443577555,1542.5,0.212,BID
1443577555,1542.45,0.01,BID
1443577555,1542.5,0.005,BID
1443577561,1542.51,0.001,ASK
1443577561,1542.09,0.002,ASK
1443577561,1542.09,0.002,ASK
1443577561,1542.08,0.005,ASK
1443577562,1542.09,0.0037,ASK
1443577564,1542.52,0.01,ASK
1443577565,1542.09,0.0922,ASK
1443577566,1542.99,0.015,BID
1443577566,1543.0,0.115,BID
1443577567,1542.09,0.0211,ASK
1443577567,1542.09,0.0398,ASK
1443577567,1542.09,0.0211,ASK
1443577576,1542.68,0.0023,BID
1443577581,1542.11,0.002,ASK
1443577581,1542.11,0.002,ASK
1443577581,1542.09,0.012,ASK
1443577582,1542.09,0.0017,ASK
1443577597,1542.03,0.005,ASK
1443577597,1542.03,0.002,ASK
1443577597,1542.02,0.006,ASK
1443577598,1542.1,8.171,ASK
1443577607,1542.09,0.0024,ASK
1443577617,1542.65,0.01,BID
1443577617,1542.66,0.09,BID
1443577630,1542.16,0.001,ASK
1443577630,1542.09,0.0045,ASK
1443577631,1542.1,0.015,ASK
1443577631,1542.09,0.077,ASK
1443577635,1542.09,0.01,ASK
1443577636,1542.09,0.0023,ASK
1443577650,1542.09,0.2,ASK
1443577655,1542.09,0.0029,ASK
1443577665,1542.66,0.095,BID
1443577665,1542.98,0.002,BID
1443577665,1542.98,0.002,BID
1443577665,1543.39,0.05,BID
1443577665,1543.39,0.0049,BID
1443577665,1543.4,0.4261,BID
1443577669,1542.1,0.01,ASK
1443577672,1542.11,0.023,ASK
1443577678,1542.15,0.002,ASK
1443577678,1542.13,0.002,ASK
1443577678,1542.13,0.067,ASK
1443577678,1542.13,0.0015,ASK
1443577680,1543.34,5.0,ASK
1443577680,1543.34,3.933,ASK
1443577684,1542.16,0.001,ASK
1443577684,1542.14,0.026,ASK
1443577687,1543.32,0.068,BID
1443577690,1542.16,0.013,ASK
1443577695,1543.34,0.023,BID
1443577698,1542.16,0.001,ASK
1443577698,1542.15,0.009,ASK
1443577700,1542.15,0.07,ASK
1443577700,1542.15,0.04,ASK
1443577700,1542.15,0.5,ASK
1443577700,1542.16,0.03,BID
1443577701,1542.2,0.65,ASK
1443577701,1542.2,0.0051,ASK
1443577701,1542.15,0.6449,ASK
1443577701,1542.15,0.65,ASK
1443577702,1542.1,0.037,ASK
1443577703,1542.1,0.121,ASK
1443577704,1542.11,0.0848,ASK
1443577704,1542.14,0.1252,BID
1443577706,1542.14,0.5248,BID
1443577706,1542.14,0.1236,BID
1443577706,1542.14,0.5264,BID
1443577706,1542.14,0.122,BID
1443577706,1542.14,0.528,BID
1443577706,1542.14,0.1204,BID
1443577706,1542.1,0.02,ASK
1443577706,1542.14,0.5296,BID
1443577706,1542.14,0.1188,BID
1443577706,1542.1,0.127,ASK
1443577706,1542.1,0.127,ASK
1443577706,1542.1,0.127,ASK
1443577707,1542.14,0.5312,BID
1443577707,1542.14,0.1172,BID
1443577707,1542.14,0.5328,BID
1443577707,1542.14,0.1156,BID
1443577707,1542.14,0.5344,BID
1443577707,1542.15,0.114,ASK
1443577707,1542.09,0.4624,ASK
1443577707,1542.0,0.3,ASK
1443577707,1541.87,0.024,ASK
1443577707,1541.85,0.2796,ASK
1443577707,1542.01,0.551,ASK
1443577710,1542.15,0.0647,ASK
