timestamp,price,amount,side
1445558334,1775.45,0.0368,BID
1445558334,1775.46,0.537,BID
1445558334,1775.46,0.0092,BID
1445558337,1775.45,0.112,BID
1445558342,1775.45,0.0828,BID
1445558342,1775.45,0.0342,BID
1445558347,1775.45,0.0006,BID
1445558347,1775.46,0.0294,BID
1445558359,1775.36,0.01,BID
1445558361,1775.43,0.01,BID
1445558371,1775.43,0.181,BID
1445558377,1775.43,0.037,BID
1445558383,1775.43,0.153,BID
1445558387,1775.43,0.0006,BID
1445558387,1775.44,0.2324,BID
1445558393,1775.44,0.0006,BID
1445558393,1775.46,0.0414,BID
1445558396,1775.46,0.041,BID
1445558400,1775.45,0.0037,BID
1445558400,1775.46,0.0003,BID
1445558400,1775.47,0.149,BID
1445558403,1775.45,0.063,BID
1445558403,1775.47,0.0044,BID
1445558403,1775.49,0.024,BID
1445558403,1775.49,0.014,BID
1445558403,1775.49,0.0596,BID
1445558410,1775.49,0.063,BID
1445558414,1775.48,0.0016,BID
1445558414,1775.49,0.0006,BID
1445558414,1775.5,0.0608,BID
1445558417,1775.5,1.395,BID
1445558423,1775.49,0.0738,BID
1445558423,1775.5,0.0542,BID
1445558428,1775.49,0.229,BID
1445558429,1775.09,0.0133,ASK
1445558429,1775.08,0.2292,ASK
1445558429,1775.07,0.06,ASK
1445558429,1775.06,0.0016,ASK
1445558430,1775.06,0.0115,BID
1445558432,1775.06,1.713,BID
1445558435,1775.06,0.135,BID
1445558439,1775.06,0.01,BID
1445558443,1775.06,0.01,BID
1445558445,1775.06,0.9532,BID
1445558445,1775.35,0.0098,BID
1445558448,1775.49,0.0002,BID
1445558448,1775.49,0.0115,BID
1445558448,1775.49,0.0133,BID
1445558448,1775.5,0.025,BID
1445558451,1775.5,0.025,BID
1445558451,1775.06,0.01,ASK
1445558451,1775.06,0.3056,BID
1445558452,1775.06,0.0368,BID
1445558456,1775.06,0.031,BID
1445558459,1775.05,0.063,ASK
1445558461,1775.06,0.0006,BID
1445558461,1775.49,0.0494,BID
1445558461,1775.04,0.0037,ASK
1445558467,1775.04,0.01,BID
1445558469,1775.04,0.049,BID
1445558470,1775.04,0.0003,BID
1445558474,1775.38,0.06,BID
1445558482,1775.05,0.059,ASK
1445558482,1775.01,0.002,ASK
1445558482,1775.0,0.06,BID
1445558487,1775.0,0.648,BID
1445558490,1775.0,0.018,BID
1445558494,1775.0,0.01,BID
1445558498,1775.0,0.33,BID
1445558499,1775.0,0.0037,BID
1445558502,1775.0,4.421,BID
1445558506,1775.0,0.1127,BID
1445558506,1775.23,0.06,BID
1445558506,1775.38,0.04,BID
1445558506,1775.49,0.2562,BID
1445558506,1775.5,1.6631,BID
1445558506,1775.71,0.1,BID
1445558506,1775.89,1.0,BID
1445558506,1775.89,1.301,BID
1445558521,1775.5,0.012,BID
1445558525,1775.5,0.0002,BID
1445558525,1775.51,0.002,BID
1445558525,1775.89,0.0098,BID
1445558530,1775.82,0.036,BID
1445558548,1775.79,0.0368,BID
1445558548,1775.8,0.0758,BID
1445558556,1775.78,0.021,BID
1445558559,1775.78,0.0001,BID
1445558559,1775.8,0.0469,BID
1445558563,1775.8,0.0001,BID
1445558563,1775.81,0.0389,BID
1445558568,1775.81,0.0001,BID
1445558568,1775.82,0.0639,BID
1445558569,1775.8,0.0267,BID
1445558569,1775.82,0.0001,BID
1445558569,1775.88,0.0014,BID
1445558569,1775.9,0.002,BID
1445558569,1775.91,0.5316,BID
1445558569,1776.0,4.3454,BID
1445558571,1776.0,2.895,ASK
1445558572,1776.0,2.58,ASK
1445558572,1776.0,0.65,ASK
1445558573,1776.0,0.65,ASK
1445558574,1776.15,0.023,BID
1445558575,1776.0,2.0,ASK
1445558575,1776.01,0.65,ASK
1445558576,1776.01,0.05,ASK
1445558576,1776.0,0.6,ASK
1445558577,1776.01,0.0901,ASK
1445558577,1776.0,0.5599,ASK
1445558578,1776.02,0.0278,ASK
1445558578,1776.01,0.0222,ASK
1445558608,1776.12,0.1,BID
1445558609,1776.12,0.0482,BID
1445558609,1776.13,0.048,BID
1445558610,1776.13,0.052,ASK
1445558610,1776.05,0.8,ASK
1445558610,1776.04,0.1482,ASK
1445558610,1776.03,0.048,ASK
1445558610,1776.01,0.0434,ASK
1445558610,1776.01,0.0901,ASK
1445558610,1776.01,0.058,ASK
1445558610,1776.0,3.4867,ASK
1445558612,1776.13,0.1482,ASK
1445558613,1776.04,0.048,BID
1445558614,1776.01,5.0,BID
1445558614,1776.01,13.184,BID
1445558616,1776.04,0.011,BID
1445558619,1776.04,0.01,BID
1445558622,1776.04,0.01,BID
1445558623,1776.01,0.058,ASK
1445558623,1776.01,0.0956,ASK
1445558623,1776.01,0.0434,ASK
1445558623,1776.0,2.803,ASK
1445558624,1776.0,0.197,ASK
1445558625,1776.03,0.01,BID
1445558629,1776.03,0.011,BID
1445558634,1776.03,0.0006,BID
1445558634,1776.04,0.1014,BID
1445558637,1776.04,0.045,BID
1445558638,1776.03,0.0161,BID
1445558638,1776.04,0.2764,BID
1445558642,1776.12,0.01,BID
1445558646,1776.12,0.042,BID
1445558651,1776.14,0.01,BID
1445558656,1776.14,0.0178,BID
1445558656,1776.14,0.0032,BID
1445558669,1776.14,0.0004,BID
1445558669,1776.2,0.0015,BID
1445558669,1776.47,0.0081,BID
1445558673,1776.47,0.091,BID
1445558676,1776.47,0.0009,BID
1445558676,1776.61,0.004,BID
1445558676,1776.8,0.0061,BID
1445558680,1776.46,0.1417,BID
1445558687,1776.61,0.0368,ASK
1445558687,1776.6,1.9632,ASK
1445558688,1776.6,0.65,ASK
1445558689,1776.6,2.0,ASK
1445558689,1776.78,19.0,ASK
1445558689,1776.78,2.046,ASK
1445558690,1776.6,0.5,ASK
1445558691,1776.6,0.65,ASK
1445558692,1776.61,0.1687,ASK
1445558692,1776.61,0.0175,ASK
1445558692,1776.6,0.4638,ASK
1445558692,1776.6,0.65,ASK
1445558692,1776.79,0.01,BID
1445558693,1776.6,0.65,ASK
1445558693,1776.61,6.0,ASK
1445558693,1776.61,8.24,ASK
1445558694,1776.6,0.65,ASK
1445558695,1776.78,0.035,BID
1445558695,1776.61,0.0175,ASK
1445558695,1776.61,0.0108,ASK
1445558695,1776.6,0.6217,ASK
1445558696,1776.61,0.0175,ASK
1445558696,1776.6,0.4825,ASK
1445558697,1776.79,0.0018,ASK
1445558697,1776.79,0.035,ASK
1445558697,1776.6,0.5771,ASK
1445558699,1776.59,0.01,BID
1445558702,1776.58,0.027,BID
1445558707,1776.58,0.0164,BID
1445558707,1776.59,0.0106,BID
1445558709,1776.49,0.0434,ASK
1445558712,1776.48,0.017,BID
1445558715,1776.3,0.1,ASK
1445558717,1776.47,0.199,BID
1445558718,1776.47,0.0007,BID
1445558718,1776.48,0.0264,BID
1445558720,1776.59,0.0173,BID
1445558720,1776.76,0.1817,BID
1445558721,1776.48,0.1726,ASK
1445558721,1776.3,0.0997,ASK
1445558721,1776.17,0.06,ASK
1445558721,1776.15,0.1417,ASK
1445558721,1776.13,0.052,ASK
1445558721,1776.13,0.0175,ASK
1445558721,1776.13,0.0108,ASK
1445558721,1776.13,0.1513,ASK
1445558721,1776.12,3.403,ASK
1445558722,1776.49,0.0806,ASK
1445558722,1776.49,0.0368,ASK
1445558724,1776.47,0.055,BID
1445558731,1776.46,0.06,BID
1445558734,1776.47,0.0002,BID
1445558734,1776.47,0.0098,BID
1445558736,1776.47,0.0152,BID
1445558737,1776.48,0.025,BID
1445558742,1776.48,0.02,BID
1445558743,1776.47,0.025,ASK
1445558744,1776.47,0.5,ASK
1445558745,1776.47,3.0,ASK
1445558745,1776.48,0.015,BID
1445558745,1776.47,0.65,ASK
1445558745,1776.47,0.044,ASK
1445558746,1776.47,0.65,ASK
1445558747,1776.47,0.65,ASK
1445558748,1776.47,0.65,ASK
1445558749,1776.48,0.01,BID
1445558749,1776.47,0.65,ASK
1445558749,1776.47,0.06,ASK
1445558750,1776.47,0.65,ASK
1445558751,1776.47,0.0387,ASK
1445558753,1776.46,0.01,BID
1445558757,1776.46,0.6013,BID
1445558757,1776.46,0.6497,BID
1445558760,1776.14,0.06,ASK
1445558760,1776.13,0.1419,ASK
1445558760,1776.13,0.04,ASK
1445558760,1776.13,0.0152,ASK
1445558760,1776.12,3.7921,ASK
1445558760,1776.45,0.119,BID
1445558764,1776.45,0.01,BID
1445558767,1776.13,0.1984,ASK
1445558767,1776.13,4.0708,ASK
1445558767,1776.44,0.01,BID
1445558772,1776.44,0.01,BID
1445558779,1776.42,0.025,BID
1445558779,1776.43,0.295,BID
1445558784,1776.43,0.025,BID
1445558789,1776.42,0.0237,BID
1445558789,1776.43,0.18,BID
1445558789,1776.43,0.1173,BID
1445558794,1776.43,0.1777,BID
1445558794,1776.43,0.0243,BID
1445558798,1776.15,0.0457,ASK
1445558798,1776.14,0.1563,ASK
1445558802,1776.13,0.202,ASK
1445558805,1776.13,0.202,ASK
1445558807,1776.42,0.045,BID
1445558809,1776.13,3.0742,ASK
1445558809,1776.12,0.9707,ASK
1445558809,1776.12,1.18,ASK
1445558814,1776.13,0.14,BID
1445558816,1776.13,0.062,BID
1445558817,1776.14,0.14,ASK
1445558817,1776.12,1.04,ASK
1445558818,1776.14,0.202,ASK
1445558818,1776.12,0.298,ASK
1445558818,1776.12,0.65,ASK
1445558821,1776.12,0.434,ASK
1445558824,1776.12,3.0,ASK
1445558825,1776.12,0.65,ASK
1445558826,1776.12,4.3521,ASK
1445558826,1776.12,0.65,ASK
1445558826,1776.12,2.0,ASK
1445558827,1776.12,0.046,ASK
1445558827,1776.12,0.65,ASK
1445558828,1776.12,0.65,ASK
1445558829,1776.12,1.18,ASK
1445558829,1776.12,0.65,ASK
1445558830,1776.12,0.65,ASK
1445558831,1776.12,0.65,ASK
1445558832,1776.12,0.65,ASK
1445558833,1776.12,0.65,ASK
1445558834,1776.12,0.65,ASK
1445558835,1776.12,0.65,ASK
1445558836,1776.12,0.65,ASK
1445558838,1776.12,0.65,ASK
1445558839,1776.12,0.65,ASK
1445558840,1776.12,0.65,ASK
1445558841,1776.12,0.65,ASK
1445558842,1776.12,0.01,ASK
1445558842,1776.12,0.65,ASK
1445558843,1776.12,0.65,ASK
1445558849,1776.12,0.161,ASK
1445558857,1776.13,0.025,BID
1445558857,1776.14,0.33,BID
1445558858,1776.14,0.025,BID
1445558860,1776.12,0.355,ASK
1445558864,1776.12,0.355,ASK
1445558867,1776.12,0.355,ASK
1445558869,1776.12,0.355,ASK
1445558873,1776.12,0.355,ASK
1445558875,1776.12,0.355,ASK
1445558878,1776.12,0.355,ASK
1445558880,1776.12,0.355,ASK
1445558882,1776.13,0.01,BID
1445558882,1776.14,0.145,BID
1445558882,1776.42,0.0007,BID
1445558882,1776.42,0.02,BID
1445558882,1776.42,0.06,BID
1445558883,1776.42,0.355,ASK
1445558887,1776.42,0.5,ASK
1445558892,1776.42,0.5,ASK
1445558892,1776.42,0.01,ASK
1445558895,1776.42,0.124,ASK
1445558896,1776.42,0.5,ASK
1445558899,1776.42,0.01,ASK
1445558900,1776.42,0.5,ASK
1445558904,1776.43,0.4,BID
1445558904,1776.42,0.5,ASK
1445558905,1776.44,0.1784,BID
1445558907,1776.46,0.0003,BID
1445558907,1776.58,0.0806,BID
1445558907,1776.79,0.0971,BID
1445558908,1776.44,0.2216,ASK
1445558908,1776.42,0.2784,ASK
1445558912,1776.43,0.221,BID
1445558913,1776.43,0.0006,BID
1445558913,1776.44,0.221,BID
1445558918,1776.42,0.5,ASK
1445558920,1776.42,0.65,ASK
1445558921,1776.42,1.9852,ASK
1445558922,1776.42,0.5,ASK
1445558923,1776.45,0.01,BID
1445558923,1776.42,0.2404,ASK
1445558925,1776.42,0.5,ASK
1445558929,1776.43,0.0151,ASK
1445558929,1776.42,0.4849,ASK
1445558934,1776.5,0.5,ASK
1445558935,1776.5,0.8853,ASK
1445558935,1776.5,0.5,ASK
1445558938,1776.5,0.5,ASK
1445558940,1776.5,0.5,ASK
1445558943,1776.51,0.0359,ASK
1445558943,1776.5,0.4641,ASK
1445558945,1776.5,0.5,ASK
1445558945,1776.61,0.01,BID
1445558945,1776.61,0.0151,BID
1445558945,1776.61,0.0969,BID
1445558946,1776.61,0.0004,BID
1445558946,1776.62,0.016,BID
1445558947,1776.76,0.01,BID
1445558947,1776.63,8.425,BID
1445558949,1776.62,0.106,ASK
1445558952,1776.6,0.0524,BID
1445558952,1776.61,0.106,BID
1445558952,1776.62,0.296,BID
1445558952,1776.62,0.052,BID
1445558955,1776.61,0.0524,ASK
1445558955,1776.51,0.1584,ASK
1445558955,1776.51,0.0374,ASK
1445558955,1776.51,0.0289,BID
1445558956,1776.51,0.0537,BID
1445558959,1776.5,0.33,ASK
1445558959,1776.51,0.01,BID
1445558961,1776.5,0.0164,ASK
1445558963,1776.5,0.231,ASK
1445558964,1776.5,0.032,ASK
1445558965,1776.51,0.01,BID
1445558969,1776.51,0.07,BID
1445558970,1776.51,0.0792,BID
1445558974,1776.59,0.0368,BID
1445558974,1776.6,0.0152,BID
1445558975,1776.59,13.819,BID
1445558976,1776.6,0.0368,BID
1445558981,1776.6,0.0004,BID
1445558981,1776.75,0.0286,BID
1445558984,1776.75,0.0003,BID
1445558984,1776.79,0.0097,BID
1445558992,1776.56,0.0368,ASK
1445558992,1776.55,0.1505,ASK
1445558992,1776.54,0.0444,ASK
1445558992,1776.52,0.08,ASK
1445558992,1776.52,0.1492,ASK
1445558992,1776.5,0.3156,ASK
1445558993,1776.74,0.01,BID
1445558995,1776.51,2.0,BID
1445558995,1776.51,7.624,BID
1445558996,1776.54,0.01,BID
1445558999,1776.53,0.0368,BID
1445558999,1776.54,0.106,BID
1445558999,1776.73,0.0352,BID
1445558999,1776.74,0.0344,BID
1445558999,1776.74,0.1505,BID
1445558999,1776.79,0.0256,BID
1445558999,1776.79,0.0374,BID
1445558999,1776.79,0.0537,BID
1445558999,1776.79,0.1589,BID
1445558999,1776.8,1.9415,BID
1445558999,1776.8,0.01,BID
1445559000,1776.8,2.0,BID
1445559002,1776.79,0.0524,BID
1445559002,1776.8,1.0485,BID
1445559002,1776.92,0.0791,BID
1445559004,1776.92,0.0209,BID
1445559004,1776.97,0.002,BID
1445559004,1776.99,0.5463,BID
1445559004,1777.0,0.6108,BID
1445559005,1777.0,1.2124,BID
1445559006,1776.56,0.026,ASK
1445559006,1777.0,0.01,BID
1445559013,1776.79,0.0864,BID
1445559013,1776.99,0.4839,BID
1445559013,1777.0,1.4297,BID
1445559014,1776.78,0.0864,BID
1445559015,1776.78,0.0115,BID
1445559015,1777.0,0.0185,BID
1445559016,1777.0,2.0,BID
1445559020,1776.88,0.01,BID
1445559023,1776.6,0.046,ASK
1445559030,1776.6,0.1798,ASK
1445559030,1776.58,0.0979,ASK
1445559030,1776.56,0.0864,ASK
1445559030,1776.55,0.106,ASK
1445559030,1776.51,0.0352,ASK
1445559030,1776.48,0.035,ASK
1445559030,1776.47,0.7,ASK
1445559030,1776.44,0.0973,ASK
1445559030,1776.43,0.0867,ASK
1445559030,1776.43,0.0246,ASK
1445559030,1776.42,2.5452,ASK
1445559030,1776.98,0.0113,BID
1445559030,1776.99,0.1417,BID
1445559033,1776.62,0.01,ASK
1445559033,1776.61,0.0368,ASK
1445559033,1776.61,0.06,ASK
1445559033,1776.61,0.1644,ASK
1445559034,1776.55,0.0131,BID
1445559034,1776.55,0.1,BID
1445559035,1776.55,0.0858,BID
1445559036,1776.63,0.086,ASK
1445559037,1776.97,0.198,BID
1445559042,1776.97,0.01,BID
1445559043,1776.64,0.0121,ASK
1445559043,1776.64,0.0437,ASK
1445559043,1776.63,0.2422,ASK
1445559043,1776.57,0.0156,ASK
1445559043,1776.56,0.1131,ASK
1445559043,1776.56,0.1989,ASK
1445559043,1776.43,0.0346,ASK
1445559043,1776.42,3.7118,ASK
1445559046,1776.96,0.0437,BID
1445559046,1776.96,0.0563,BID
1445559046,1776.44,1.0,BID
1445559046,1776.44,2.0,BID
1445559046,1776.44,2.263,BID
1445559049,1776.96,0.013,BID
1445559053,1776.95,0.052,BID
1445559055,1776.45,0.019,ASK
1445559055,1776.46,9.0,ASK
1445559055,1776.46,2.808,ASK
1445559056,1776.95,0.05,BID
1445559060,1776.95,0.026,BID
1445559060,1776.96,0.05,BID
1445559067,1776.92,0.0368,BID
1445559067,1776.93,0.0192,BID
1445559072,1776.93,0.037,BID
1445559077,1776.92,0.0161,BID
1445559077,1776.93,0.0001,BID
1445559077,1776.95,0.0397,BID
1445559077,1776.95,0.1761,BID
1445559077,1776.49,0.0161,ASK
1445559077,1776.49,0.0368,ASK
1445559077,1776.48,0.01,ASK
1445559077,1776.46,0.0563,ASK
1445559077,1776.46,0.1924,ASK
1445559077,1776.45,0.0219,ASK
1445559081,1776.5,0.06,ASK
1445559082,1776.94,0.016,BID
1445559085,1776.94,0.016,BID
1445559088,1776.94,0.2328,BID
1445559088,1776.94,0.0042,BID
1445559093,1776.93,0.01,BID
1445559097,1776.92,0.0048,BID
1445559097,1776.93,0.0452,BID
1445559100,1776.94,0.0082,BID
1445559100,1776.95,0.0158,BID
1445559106,1776.93,0.01,BID
1445559107,1776.56,11.0,BID
1445559107,1776.56,2.0,BID
1445559107,1776.56,2.221,BID
1445559111,1776.92,0.052,BID
1445559121,1776.92,0.0008,BID
1445559121,1776.92,0.0942,BID
1445559126,1776.92,0.0006,BID
1445559129,1776.95,0.0005,BID
1445559129,1776.95,0.0095,BID
1445559132,1776.95,0.01,BID
1445559135,1776.96,0.0438,BID
1445559135,1776.97,0.1202,BID
1445559135,1776.98,0.1644,BID
1445559135,1776.99,0.0841,BID
1445559135,1776.99,0.3115,BID
1445559135,1777.0,4.276,BID
1445559136,1776.93,6.118,BID
1445559137,1777.0,0.043,BID
1445559141,1777.0,0.838,BID
1445559142,1777.0,0.5627,BID
1445559143,1777.0,0.5106,BID
1445559144,1777.28,0.1,BID
1445559144,1777.61,0.1,BID
1445559144,1777.68,0.004,BID
1445559144,1777.94,0.1,BID
1445559147,1778.0,0.072,ASK
1445559149,1778.0,0.028,BID
1445559174,1778.04,0.0368,ASK
1445559174,1778.03,0.0973,ASK
1445559174,1778.01,0.0104,ASK
1445559174,1778.01,0.0107,ASK
1445559176,1777.99,0.06,BID
1445559178,1777.81,0.04,ASK
1445559178,1777.99,0.011,BID
1445559179,1777.98,0.04,BID
1445559179,1777.98,0.0368,BID
1445559179,1777.99,2.708,BID
1445559180,1777.99,0.0658,BID
1445559181,1778.0,0.4966,ASK
1445559181,1777.81,0.0361,ASK
1445559181,1777.81,0.0525,ASK
1445559181,1777.81,0.0649,ASK
1445559181,1777.8,0.5299,ASK
1445559181,1778.32,0.06,BID
1445559182,1778.0,0.01,ASK
1445559182,1778.0,0.1535,ASK
1445559185,1778.0,0.3989,ASK
1445559187,1778.0,0.0368,BID
1445559187,1778.0,0.0289,BID
1445559189,1778.0,0.0208,BID
1445559194,1778.01,0.0208,ASK
1445559194,1777.81,0.0435,ASK
1445559194,1777.81,0.0357,ASK
1445559195,1778.31,0.06,BID
1445559195,1778.31,0.0289,BID
1445559195,1778.32,0.04,BID
1445559195,1777.81,0.0043,ASK
1445559195,1777.81,0.0129,ASK
1445559195,1777.81,0.01,ASK
1445559199,1778.0,0.0855,BID
1445559212,1777.99,0.01,BID
1445559212,1778.28,0.0868,BID
1445559214,1778.32,0.01,ASK
1445559215,1778.32,0.1857,ASK
1445559215,1778.32,2.2737,ASK
1445559216,1778.33,0.0356,ASK
1445559216,1778.32,0.6144,ASK
1445559217,1778.32,0.65,ASK
1445559218,1778.32,0.01,ASK
1445559218,1778.32,0.0268,ASK
1445559219,1778.32,0.536,ASK
1445559220,1778.32,0.2094,ASK
1445559222,1777.82,0.0868,ASK
1445559222,1777.05,0.0171,ASK
1445559222,1777.05,0.0513,ASK
1445559222,1777.04,1.3688,ASK
1445559222,1777.04,0.0655,ASK
1445559222,1777.03,0.3963,ASK
1445559225,1777.83,0.06,ASK
1445559225,1776.99,0.0457,BID
1445559226,1776.94,0.001,ASK
1445559226,1776.93,0.0183,ASK
1445559226,1776.92,1.1607,ASK
1445559227,1776.93,19.372,ASK
1445559227,1776.99,1.4543,BID
1445559230,1777.99,0.01,ASK
1445559233,1777.0,0.4859,ASK
1445559233,1777.53,0.01,BID
1445559235,1777.66,0.06,ASK
1445559235,1777.66,0.03,ASK
1445559235,1777.33,0.01,ASK
1445559238,1777.52,0.1474,BID
1445559241,1778.27,0.1044,BID
1445559241,1778.29,0.0096,BID
1445559242,1777.8,0.01,ASK
1445559243,1777.8,2.0,ASK
1445559244,1777.8,1.7917,ASK
1445559245,1777.53,0.1474,ASK
1445559245,1777.34,0.1044,ASK
1445559245,1777.33,0.09,ASK
1445559245,1777.02,0.053,ASK
1445559245,1777.01,0.1474,ASK
1445559245,1777.01,0.9136,ASK
1445559245,1777.0,0.0768,ASK
1445559245,1777.0,0.1,ASK
1445559245,1776.93,0.023,ASK
1445559245,1776.93,0.121,ASK
1445559245,1776.92,0.2234,ASK
1445559246,1776.92,0.15,ASK
1445559251,1777.5,0.06,ASK
1445559287,1777.76,0.057,BID
1445559290,1777.76,0.003,BID
1445559290,1777.77,0.01,BID
1445559290,1777.77,0.047,BID
1445559290,1777.76,9.0,BID
1445559290,1777.76,1.0,BID
1445559290,1777.76,1.879,BID
1445559294,1777.77,0.0005,BID
1445559294,1777.78,0.0145,BID
1445559295,1776.94,0.01,ASK
1445559300,1777.76,0.019,BID
1445559303,1777.76,0.034,BID
1445559307,1777.76,0.0126,BID
1445559307,1777.78,0.0193,BID
1445559307,1778.1,0.0141,BID
1445559312,1778.09,0.0368,BID
1445559312,1778.1,0.0482,BID
1445559328,1778.1,0.037,BID
1445559332,1778.1,0.0007,BID
1445559332,1778.12,0.0233,BID
1445559335,1778.12,0.676,BID
1445559339,1778.11,0.085,BID
1445559342,1778.11,0.2,BID
1445559347,1778.11,0.842,BID
1445559348,1777.0,0.06,ASK
1445559348,1776.99,0.01,ASK
1445559348,1776.95,0.0656,ASK
1445559348,1776.94,0.0375,ASK
1445559348,1776.93,0.0338,ASK
1445559348,1776.93,0.0792,ASK
1445559354,1778.1,0.8,BID
1445559354,1778.11,0.025,BID
1445559360,1778.08,0.069,BID
1445559363,1776.96,0.01,ASK
1445559367,1778.08,0.0019,BID
1445559367,1778.08,0.0591,BID
1445559375,1778.07,0.074,BID
1445559379,1778.06,0.0504,BID
1445559379,1778.07,0.1316,BID
1445559382,1778.05,0.0423,BID
1445559382,1778.06,0.06,BID
1445559382,1778.07,0.1837,BID
1445559385,1778.07,0.1,BID
1445559388,1778.07,0.0029,BID
1445559388,1778.08,0.5871,BID
1445559403,1777.04,0.7,ASK
1445559403,1777.03,0.8,ASK
1445559403,1777.02,0.5874,ASK
1445559403,1777.01,0.0592,ASK
1445559403,1777.0,0.0423,ASK
1445559403,1776.99,0.0504,ASK
1445559403,1776.95,0.0709,ASK
1445559403,1776.94,0.0094,ASK
1445559403,1776.93,0.1184,ASK
1445559403,1776.93,0.0379,ASK
1445559403,1776.93,0.0408,ASK
1445559403,1776.92,0.0633,ASK
1445559406,1777.07,1.0,ASK
1445559406,1777.07,5.192,ASK
1445559430,1777.08,0.06,ASK
1445559430,1777.06,0.0087,ASK
1445559430,1777.01,0.01,ASK
1445559432,1776.93,0.8,ASK
1445559432,1776.92,1.1862,ASK
1445559433,1776.96,0.7,BID
1445559436,1776.96,0.017,BID
1445559437,1776.93,0.053,ASK
1445559439,1776.96,0.011,BID
1445559443,1776.96,3.888,BID
1445559444,1776.96,0.0003,BID
1445559464,1777.28,0.01,BID
1445559467,1777.28,0.06,BID
1445559471,1777.29,0.1,BID
1445559475,1776.99,0.01,ASK
1445559476,1777.28,0.01,BID
1445559480,1777.28,0.1086,BID
1445559481,1777.97,0.01,BID
1445559487,1777.28,2.0,BID
1445559488,1777.28,2.58,BID
1445559490,1777.28,0.01,BID
1445559490,1777.28,0.5627,BID
1445559491,1777.28,0.5627,BID
1445559492,1777.28,2.0,BID
1445559492,1777.28,0.7,BID
1445559492,1777.28,0.5627,BID
1445559493,1777.28,1.18,BID
1445559493,1777.28,0.5627,BID
1445559493,1777.12,15.0,BID
1445559493,1777.12,4.092,BID
1445559494,1777.27,0.5627,BID
1445559495,1777.27,0.103,BID
1445559495,1777.28,1.077,BID
1445559496,1777.28,4.192,BID
1445559496,1777.28,0.5627,BID
1445559496,1777.28,0.05,BID
1445559497,1777.28,0.5627,BID
1445559498,1777.28,0.5627,BID
1445559499,1777.28,0.5627,BID
1445559499,1777.27,17.0,BID
1445559499,1777.27,4.0,BID
1445559499,1777.27,1.074,BID
1445559500,1777.28,0.5627,BID
1445559500,1777.27,0.05,BID
1445559501,1777.27,0.1302,BID
1445559501,1777.28,0.4325,BID
1445559502,1777.28,0.5627,BID
1445559503,1777.28,0.13,BID
1445559503,1777.28,0.5627,BID
1445559504,1777.28,0.5627,BID
1445559505,1777.28,0.5627,BID
1445559506,1777.28,0.5627,BID
1445559507,1777.28,0.033,BID
1445559507,1777.28,0.0307,BID
1445559510,1777.6,0.063,BID
1445559513,1777.3,0.0547,ASK
1445559513,1777.29,0.532,ASK
1445559513,1777.29,0.5627,ASK
1445559513,1777.11,0.3165,ASK
1445559513,1777.1,8.3,ASK
1445559514,1777.0,0.0158,BID
1445559514,1777.0,0.0547,BID
1445559516,1777.0,2.202,BID
1445559517,1777.0,0.5627,BID
1445559518,1777.0,0.5627,BID
1445559519,1777.0,0.5627,BID
1445559520,1777.0,0.5627,BID
1445559521,1777.0,0.5627,BID
1445559522,1777.0,0.5627,BID
1445559523,1777.0,0.5627,BID
1445559524,1776.99,0.01,ASK
1445559524,1777.0,0.5627,BID
1445559525,1777.0,0.5627,BID
1445559527,1777.0,0.5627,BID
1445559528,1777.0,0.5627,BID
1445559529,1777.0,0.015,BID
1445559529,1777.0,0.5627,BID
1445559530,1777.0,0.5627,BID
1445559531,1777.0,0.5627,BID
1445559532,1777.0,0.983,BID
1445559532,1777.0,2.8119,BID
1445559532,1777.0,0.5627,BID
1445559533,1777.0,0.5627,BID
1445559535,1777.0,0.5627,BID
1445559536,1777.0,0.5627,BID
1445559537,1777.0,0.5627,BID
1445559538,1777.0,0.5627,BID
1445559539,1777.0,5.0,BID
1445559540,1777.0,0.5627,BID
1445559540,1777.0,0.5627,BID
1445559541,1777.0,0.5627,BID
1445559542,1777.0,0.5627,BID
1445559543,1777.0,0.5627,BID
1445559545,1777.0,0.0842,BID
1445559545,1777.84,0.04,BID
1445559545,1777.85,0.8,BID
1445559548,1778.0,0.01,ASK
1445559549,1778.0,0.1863,ASK
1445559550,1778.0,0.0885,ASK
1445559565,1776.99,0.01,ASK
1445559611,1777.04,0.01,ASK
1445559612,1777.91,10.0,ASK
1445559612,1777.91,6.295,ASK
1445559639,1777.86,0.01,BID
1445559639,1777.87,0.035,BID
1445559639,1777.87,0.002,BID
1445559658,1777.84,0.039,BID
1445559661,1777.83,0.217,BID
1445559669,1777.82,0.029,BID
1445559669,1777.82,0.622,BID
1445559681,1777.83,0.579,BID
1445559688,1777.17,0.06,ASK
1445559688,1777.17,0.04,ASK
1445559688,1777.16,0.035,ASK
1445559688,1777.16,0.8,ASK
1445559688,1777.15,0.7,ASK
1445559688,1777.14,0.4508,ASK
1445559689,1777.13,0.0225,BID
1445559689,1777.13,0.0418,BID
1445559689,1777.13,0.0339,BID
1445559689,1777.13,0.0368,BID
1445559690,1777.13,0.5627,BID
1445559693,1777.13,2.294,BID
1445559693,1777.12,0.404,ASK
1445559693,1777.08,0.0604,ASK
1445559693,1777.03,0.0676,ASK
1445559693,1776.99,0.0886,ASK
1445559693,1776.98,0.0239,ASK
1445559693,1776.97,0.5355,ASK
1445559698,1777.12,0.046,BID
1445559701,1777.12,0.076,BID
1445559704,1777.11,0.076,BID
1445559708,1777.11,0.026,BID
1445559711,1777.11,0.0008,BID
1445559711,1777.12,0.0001,BID
1445559711,1777.12,0.0251,BID
1445559716,1777.12,0.128,BID
1445559719,1777.1,0.064,BID
1445559722,1777.1,0.278,BID
1445559725,1777.1,0.0003,BID
1445559725,1777.12,0.0006,BID
1445559725,1777.12,0.1532,BID
1445559725,1777.13,0.1239,BID
1445559728,1777.13,2.951,BID
1445559737,1777.13,0.0005,BID
1445559737,1777.3,0.0095,BID
1445559741,1777.29,0.0368,BID
1445559741,1777.87,0.0132,BID
1445559744,1777.02,0.0194,ASK
1445559744,1777.01,0.3887,ASK
1445559744,1777.01,0.0759,ASK
1445559744,1777.0,0.0171,ASK
1445559748,1777.0,0.01,BID
1445559750,1777.0,0.665,BID
1445559751,1777.0,0.303,BID
1445559755,1777.0,0.116,BID
1445559755,1777.0,0.8783,BID
1445559755,1777.0,0.4646,BID
1445559762,1777.11,0.0232,BID
1445559762,1777.12,0.3887,BID
1445559762,1777.12,0.0521,BID
1445559771,1777.12,0.023,BID
1445559772,1777.12,0.0008,BID
1445559775,1777.33,0.01,BID
1445559781,1777.33,0.09,BID
1445559781,1777.33,0.05,BID
1445559783,1777.34,0.0647,ASK
1445559784,1777.66,0.1,BID
1445559784,1777.8,0.8,BID
1445559784,1777.81,0.28,BID
1445559797,1777.36,0.04,ASK
1445559801,1777.37,0.06,ASK
1445559809,1777.78,0.1334,BID
1445559809,1777.79,0.049,BID
1445559810,1777.79,0.0801,ASK
1445559811,1777.79,0.06,ASK
1445559812,1777.79,0.65,ASK
1445559812,1777.79,0.02,ASK
1445559814,1777.79,0.02,ASK
1445559817,1777.78,0.01,BID
1445559820,1777.77,0.0084,BID
1445559820,1777.78,0.0046,BID
1445559823,1777.78,0.179,BID
1445559828,1777.78,0.074,BID
1445559833,1777.77,0.01,BID
1445559834,1777.77,0.13,BID
1445559834,1777.77,0.1189,BID
1445559834,1777.78,0.3624,BID
1445559834,1777.81,0.1191,BID
1445559834,1777.82,2.9196,BID
1445559835,1777.82,0.118,BID
1445559840,1777.82,0.05,BID
1445559843,1777.82,0.896,BID
1445559847,1777.81,0.021,BID
1445559848,1777.81,0.0697,BID
1445559848,1777.81,0.3197,BID
1445559848,1777.81,0.0755,BID
1445559848,1777.82,0.6292,BID
1445559848,1777.87,0.0472,BID
1445559848,1777.96,0.0676,BID
1445559848,1777.96,0.002,BID
1445559848,1778.0,2.499,BID
1445559849,1777.46,3.0,BID
1445559849,1777.46,3.673,BID
1445559851,1778.0,0.01,BID
1445559858,1778.0,0.05,BID
1445559862,1778.0,0.032,BID
1445559865,1778.0,0.01,BID
1445559871,1778.0,0.01,BID
1445559876,1778.0,0.7,BID
1445559877,1778.0,0.5624,BID
1445559878,1778.0,0.5624,BID
1445559879,1777.99,0.0932,BID
1445559879,1778.0,0.4692,BID
1445559880,1778.0,0.0978,BID
1445559880,1778.06,0.0087,BID
1445559880,1778.31,0.002,BID
1445559880,1778.42,0.0095,BID
1445559885,1778.33,0.01,BID
1445559888,1778.33,0.01,BID
1445559891,1778.33,0.08,BID
1445559894,1778.42,0.02,BID
1445559895,1778.42,0.0678,BID
1445559895,1778.44,0.0384,BID
1445559895,1778.54,0.2198,BID
1445559899,1778.54,0.3941,BID
1445559900,1778.54,0.02,BID
1445559902,1778.54,3.3611,BID
1445559904,1778.66,0.04,BID
1445559905,1778.66,0.06,BID
1445559908,1778.99,0.1,BID
1445559911,1779.03,0.004,BID
1445559911,1779.58,0.096,BID
1445559925,1779.57,0.0374,BID
1445559925,1779.58,0.0126,BID
1445559929,1779.6,0.037,BID
1445559931,1779.6,0.845,BID
1445559940,1779.6,0.55,BID
1445559941,1778.72,0.0368,ASK
1445559941,1778.72,0.06,ASK
1445559941,1778.71,0.01,ASK
1445559941,1778.7,0.0108,ASK
1445559945,1779.59,0.0368,BID
1445559945,1779.6,2.7128,BID
1445559947,1779.6,0.036,BID
1445559951,1779.6,0.332,BID
1445559954,1779.59,0.05,BID
1445559958,1779.59,0.01,BID
1445559962,1779.6,0.487,BID
1445559966,1779.6,0.0002,BID
1445559966,1779.77,2.512,BID
1445559966,1779.77,2.4878,BID
1445559971,1779.77,0.1,BID
1445559981,1779.77,0.026,BID
1445559988,1778.83,0.036,ASK
1445559989,1779.77,1.88,BID
1445559994,1779.77,0.73,BID
1445560002,1779.77,0.33,BID
1445560004,1779.77,0.983,BID
1445560007,1779.77,2.775,BID
1445560021,1779.76,0.023,BID
1445560039,1779.75,0.01,BID
1445560039,1779.76,0.007,BID
1445560059,1779.75,0.01,BID
1445560064,1779.76,0.5,BID
1445560064,1778.94,0.001,ASK
1445560068,1779.76,0.01,BID
1445560074,1779.76,0.54,BID
1445560076,1778.96,0.0368,ASK
1445560076,1778.96,0.8,ASK
1445560076,1778.95,0.7,ASK
1445560076,1778.95,0.06,ASK
1445560076,1778.84,3.4032,ASK
1445560077,1779.76,0.575,BID
1445560080,1779.75,0.016,BID
1445560083,1779.74,0.049,BID
1445560089,1779.74,0.06,BID
1445560093,1779.74,0.64,BID
1445560096,1779.73,0.01,BID
1445560105,1779.73,0.01,BID
1445560113,1779.73,0.021,BID
1445560116,1778.99,0.0368,ASK
1445560116,1778.99,0.01,ASK
1445560116,1778.98,0.0168,ASK
1445560116,1778.81,0.002,ASK
1445560116,1778.7,0.0266,ASK
1445560116,1778.67,0.0334,ASK
1445560116,1778.62,0.0274,ASK
1445560117,1778.83,0.06,BID
1445560118,1778.83,0.47,BID
1445560118,1778.63,0.5,ASK
1445560118,1778.62,0.0726,ASK
1445560118,1778.29,0.1,ASK
1445560118,1778.02,0.0667,ASK
1445560118,1778.02,0.052,ASK
1445560118,1778.02,0.7,ASK
1445560118,1778.02,0.0784,ASK
1445560118,1778.01,5.8718,ASK
1445560120,1778.83,0.14,BID
1445560121,1778.82,0.0784,BID
1445560121,1778.82,0.052,BID
1445560121,1778.82,0.0667,BID
1445560121,1778.83,1.8959,BID
1445560121,1778.83,0.5,BID
1445560123,1778.83,0.745,BID
1445560124,1778.83,0.21,BID
1445560125,1778.83,0.961,BID
1445560126,1778.82,0.0378,ASK
1445560127,1778.83,0.01,BID
1445560128,1778.83,0.037,BID
1445560129,1778.83,0.961,BID
1445560129,1778.83,0.01,BID
1445560132,1778.83,0.037,BID
1445560132,1778.83,0.04,BID
1445560135,1778.83,0.01,BID
1445560136,1778.83,0.01,BID
1445560136,1778.83,0.037,BID
1445560138,1778.83,0.08,BID
1445560140,1778.83,0.037,BID
1445560142,1778.83,0.2823,BID
1445560142,1779.01,0.0367,BID
1445560150,1779.01,0.016,BID
1445560155,1779.01,0.01,BID
1445560156,1778.87,0.002,ASK
1445560156,1778.85,0.0171,ASK
1445560156,1778.84,0.01,ASK
1445560156,1778.84,0.3329,ASK
1445560156,1778.83,0.0231,ASK
1445560156,1778.83,0.037,ASK
1445560156,1778.82,0.4622,ASK
1445560157,1778.82,0.0016,BID
1445560157,1778.82,0.0171,BID
1445560157,1778.99,9.0,ASK
1445560157,1778.99,5.765,ASK
1445560159,1778.99,11.201,ASK
1445560160,1779.0,0.0171,BID
1445560160,1779.0,0.0231,BID
1445560160,1779.0,0.0016,BID
1445560160,1779.0,0.0171,BID
1445560160,1779.01,0.4411,BID
1445560161,1778.99,0.01,BID
1445560164,1778.5,0.0838,ASK
1445560164,1778.49,0.1,ASK
1445560164,1778.37,0.002,ASK
1445560165,1778.37,0.5,BID
1445560166,1778.37,5.05,BID
1445560169,1778.37,0.5,BID
1445560174,1778.37,0.5,BID
1445560178,1778.36,0.0452,BID
1445560178,1778.37,0.4548,BID
1445560179,1778.37,0.045,BID
1445560182,1778.35,0.1329,BID
1445560182,1778.37,0.3671,BID
1445560184,1778.37,0.01,BID
1445560190,1778.37,0.01,BID
1445560195,1778.37,0.02,BID
1445560198,1778.37,0.01,BID
1445560199,1778.37,0.57,BID
1445560201,1778.37,0.055,BID
1445560204,1778.37,0.049,BID
1445560210,1778.37,0.018,BID
1445560214,1778.36,0.01,ASK
1445560214,1778.35,0.5,ASK
1445560214,1778.26,0.002,ASK
1445560214,1778.18,0.1329,ASK
1445560214,1778.17,0.0452,ASK
1445560214,1778.03,0.1,ASK
1445560214,1778.01,0.1123,ASK
1445560214,1777.91,0.2776,ASK
1445560215,1778.37,0.201,BID
1445560215,1777.91,0.01,ASK
1445560219,1778.36,0.012,BID
1445560223,1778.35,0.021,BID
1445560224,1777.93,19.157,BID
1445560226,1778.35,0.017,BID
1445560229,1778.35,0.018,BID
1445560232,1777.94,0.01,ASK
1445560232,1778.36,0.01,BID
1445560237,1778.35,0.01,BID
1445560246,1778.36,0.408,BID
1445560248,1777.97,0.01,ASK
1445560248,1777.97,0.0167,ASK
1445560248,1777.97,0.06,ASK
1445560248,1777.96,0.0285,ASK
1445560248,1777.96,0.3347,ASK
1445560248,1777.95,0.5,ASK
1445560248,1777.95,0.0199,ASK
1445560248,1777.94,0.3977,ASK
1445560248,1777.92,0.4308,ASK
1445560248,1777.91,0.7817,ASK
1445560249,1777.91,1.18,ASK
1445560249,1777.91,2.0,ASK
1445560249,1777.98,8.0,ASK
1445560249,1777.98,2.602,ASK
1445560250,1778.36,0.0008,BID
1445560250,1778.36,0.0167,BID
1445560250,1778.37,0.0065,BID
1445560256,1778.35,0.025,BID
1445560259,1778.34,0.01,BID
1445560268,1777.96,4.5023,BID
1445560270,1777.96,0.01,BID
1445560271,1777.95,0.5,BID
1445560273,1777.95,0.2,BID
1445560274,1777.96,0.7,BID
1445560274,1777.96,4.2805,BID
1445560275,1777.95,0.3,ASK
1445560275,1777.95,0.2,ASK
1445560276,1777.95,0.01,BID
1445560276,1777.94,0.1982,ASK
1445560278,1777.94,0.3018,BID
1445560278,1777.95,0.1982,BID
1445560279,1777.95,0.01,BID
1445560280,1777.95,0.0818,BID
1445560280,1777.96,0.2182,BID
1445560281,1777.96,0.5,BID
1445560282,1777.96,0.01,BID
1445560284,1777.96,0.5,BID
1445560285,1777.96,0.2,BID
1445560285,1777.96,0.5,BID
1445560286,1777.96,0.154,BID
1445560286,1777.96,0.5,BID
1445560289,1777.96,0.5,BID
1445560289,1777.96,4.0693,BID
1445560289,1777.96,1.008,BID
1445560291,1777.96,0.5,BID
1445560293,1777.96,0.904,BID
1445560295,1777.96,0.5,BID
1445560296,1777.96,0.01,BID
1445560297,1777.96,0.5,BID
1445560300,1777.96,3.145,BID
1445560300,1777.96,0.5,BID
1445560303,1777.96,0.5,BID
1445560303,1777.93,0.0119,ASK
1445560303,1777.93,0.0442,ASK
1445560303,1777.92,0.2384,ASK
1445560303,1777.92,0.7,ASK
1445560303,1777.92,0.1688,ASK
1445560304,1777.92,0.0383,BID
1445560305,1777.92,1.692,BID
1445560306,1777.92,0.5,BID
1445560307,1777.92,0.25,BID
1445560310,1777.92,0.5,BID
1445560310,1777.92,2.7424,BID
1445560310,1777.92,0.0119,BID
1445560311,1777.95,0.1688,BID
1445560311,1777.95,0.0383,BID
1445560311,1777.96,1.2989,BID
1445560313,1777.96,2.58,BID
1445560317,1777.96,1.89,BID
1445560320,1777.96,1.769,BID
1445560321,1777.96,0.0119,BID
1445560321,1777.96,1.18,BID
1445560324,1777.95,0.01,BID
1445560324,1777.95,0.0845,BID
1445560324,1777.96,1.0955,BID
1445560332,1777.96,0.031,BID
1445560334,1777.96,0.01,BID
1445560338,1777.96,0.02,BID
1445560341,1777.93,0.0161,ASK
1445560341,1777.93,0.0497,ASK
1445560341,1777.92,0.2457,ASK
1445560341,1777.92,0.8,ASK
1445560341,1777.92,0.1745,ASK
1445560341,1777.91,1.3821,ASK
1445560342,1777.96,0.02,BID
1445560349,1777.92,0.01,BID
1445560350,1777.91,4.0896,ASK
1445560351,1777.91,0.65,ASK
1445560353,1777.92,0.02,BID
1445560353,1777.91,0.65,ASK
1445560354,1777.91,0.65,ASK
1445560355,1777.91,0.65,ASK
1445560356,1777.91,0.65,ASK
1445560357,1777.92,0.0358,BID
1445560357,1777.94,0.075,BID
1445560357,1777.95,0.3892,BID
1445560357,1777.91,0.65,ASK
1445560357,1777.95,0.015,BID
1445560360,1777.95,0.01,BID
1445560364,1777.95,0.02,BID
1445560367,1777.94,0.01,BID
1445560375,1777.94,0.02,BID
1445560378,1777.93,0.0358,ASK
1445560378,1777.92,0.0318,ASK
1445560378,1777.92,0.03,ASK
1445560378,1777.92,0.111,ASK
1445560378,1777.91,4.0018,ASK
1445560383,1777.92,0.035,BID
1445560386,1777.92,0.0008,BID
1445560386,1777.94,0.0243,BID
1445560386,1777.94,0.0107,BID
1445560393,1777.93,0.035,ASK
1445560393,1777.92,0.5,ASK
1445560393,1777.91,0.1336,ASK
1445560394,1777.91,0.65,ASK
1445560397,1777.94,0.0183,BID
1445560397,1777.94,0.0017,BID
1445560401,1777.94,0.02,BID
1445560404,1777.94,0.0042,BID
1445560404,1777.94,0.0168,BID
1445560406,1777.94,0.012,BID
1445560409,1777.94,0.0074,BID
1445560409,1777.94,0.0026,BID
1445560411,1777.94,0.0302,BID
1445560411,1777.95,0.2658,BID
1445560411,1777.95,0.204,BID
1445560411,1777.94,5.809,BID
1445560412,1777.95,0.0402,BID
1445560418,1777.95,0.01,BID
1445560422,1777.95,0.01,BID
1445560426,1777.93,0.5,BID
1445560427,1777.93,0.5625,BID
1445560427,1777.92,0.1,ASK
1445560428,1777.92,0.1716,BID
1445560428,1777.93,0.6944,BID
1445560428,1777.93,0.5625,BID
1445560429,1777.93,0.5625,BID
1445560434,1777.93,0.312,BID
1445560435,1777.93,0.5625,BID
1445560436,1777.93,0.5625,BID
1445560437,1777.93,0.01,BID
1445560437,1777.93,0.5625,BID
1445560438,1777.92,0.2227,ASK
1445560438,1777.93,0.5625,BID
1445560440,1777.92,0.2773,ASK
1445560440,1777.91,0.3198,ASK
1445560441,1777.91,0.5971,ASK
1445560442,1777.93,1.689,BID
1445560442,1777.93,0.0571,BID
1445560446,1777.95,0.3122,BID
1445560446,1777.95,0.0228,BID
1445560448,1777.95,0.2733,BID
1445560448,1777.96,0.0389,BID
1445560449,1777.96,0.05,BID
1445560449,1777.96,0.5624,BID
1445560452,1777.96,0.165,BID
1445560455,1777.96,0.165,BID
1445560457,1777.96,0.01,BID
1445560457,1777.96,2.0,BID
1445560457,1777.96,0.165,BID
1445560457,1777.96,8.5931,BID
1445560458,1777.96,2.0,BID
1445560460,1777.96,3.373,BID
1445560462,1777.96,0.0007,BID
1445560464,1778.0,0.0182,BID
1445560464,1778.25,0.06,BID
1445560464,1778.29,0.1,BID
1445560464,1778.33,0.1982,BID
1445560464,1778.35,0.2134,BID
1445560464,1778.37,2.7832,BID
1445560475,1778.35,0.038,BID
1445560480,1778.35,0.329,BID
1445560485,1778.35,0.01,BID
1445560488,1778.34,0.1416,BID
1445560488,1778.35,0.0758,BID
1445560488,1778.35,0.2796,BID
1445560493,1778.35,0.113,BID
1445560495,1778.35,0.0291,BID
1445560495,1778.36,0.02,BID
1445560500,1778.36,0.0186,BID
1445560500,1778.37,0.0104,BID
1445560504,1778.37,5.0,BID
1445560504,1778.35,0.4709,ASK
1445560504,1778.35,0.029,ASK
1445560504,1778.07,0.06,ASK
1445560504,1778.01,0.1416,ASK
1445560504,1777.99,0.0437,ASK
1445560504,1777.98,0.4528,ASK
1445560504,1777.98,0.4217,ASK
1445560504,1777.97,0.0386,ASK
1445560504,1777.95,0.0281,ASK
1445560504,1777.94,0.5625,ASK
1445560504,1777.92,0.0541,ASK
1445560504,1777.91,1.0821,ASK
1445560504,1777.81,0.7,ASK
1445560504,1777.8,4.5025,ASK
1445560504,1777.78,0.1125,ASK
1445560504,1777.62,0.1,ASK
1445560504,1777.43,0.0755,ASK
1445560504,1777.36,0.8,ASK
1445560504,1777.29,0.1,ASK
1445560504,1777.23,0.001,ASK
1445560504,1777.13,1.656,ASK
1445560504,1777.03,0.0445,ASK
1445560504,1777.02,1.4345,ASK
1445560504,1777.01,1.175,ASK
1445560504,1777.0,5.0,ASK
1445560504,1776.96,0.1,ASK
1445560504,1776.92,1.8144,ASK
1445560505,1778.36,12.665,ASK
1445560508,1778.34,0.032,BID
1445560512,1778.33,0.099,BID
1445560513,1778.33,0.5,BID
1445560515,1778.32,0.02,BID
1445560516,1778.32,0.04,BID
1445560516,1778.32,0.0961,BID
1445560516,1778.33,0.101,BID
1445560516,1778.33,0.1842,BID
1445560516,1778.33,0.0139,BID
1445560521,1778.34,0.242,BID
1445560522,1778.34,0.1969,BID
1445560524,1778.36,0.01,BID
1445560527,1778.36,0.79,BID
1445560528,1778.37,5.016,BID
1445560530,1778.37,0.06,BID
1445560531,1778.37,0.065,BID
1445560533,1778.37,0.611,BID
1445560534,1778.37,0.065,BID
1445560536,1778.37,0.611,BID
1445560537,1778.37,0.065,BID
1445560539,1778.37,0.065,BID
1445560540,1778.37,0.3894,BID
1445560540,1778.67,0.1,BID
1445560540,1778.99,0.0296,BID
1445560542,1778.37,0.7,ASK
1445560542,1778.37,0.065,ASK
1445560542,1778.36,0.435,ASK
1445560542,1778.36,0.8,ASK
1445560542,1778.35,0.1944,ASK
1445560542,1778.35,0.3913,ASK
1445560542,1778.35,21.3,ASK
1445560542,1778.07,0.06,ASK
1445560542,1778.02,0.0311,BID
1445560542,1778.02,0.0342,BID
1445560545,1778.02,0.167,BID
1445560546,1778.02,0.5,BID
1445560550,1778.02,0.059,BID
1445560551,1778.02,0.097,BID
1445560554,1778.02,0.01,BID
1445560555,1778.02,0.156,BID
1445560558,1778.3,0.01,BID
1445560570,1778.05,0.001,ASK
1445560574,1778.29,0.02,BID
1445560576,1778.28,0.0922,BID
1445560576,1778.29,0.3267,BID
1445560579,1778.35,0.01,BID
1445560587,1778.3,0.02,ASK
1445560591,1778.29,0.01,BID
1445560593,1778.29,0.126,BID
1445560594,1778.29,0.3535,ASK
1445560607,1778.85,0.7,BID
1445560607,1778.86,0.0444,BID
1445560607,1778.86,0.0106,BID
1445560607,1778.87,0.212,BID
1445560607,1778.88,0.01,BID
1445560607,1778.99,0.0542,BID
1445560607,1779.0,0.9555,BID
1445560620,1778.83,0.043,BID
1445560620,1778.84,0.8,BID
1445560620,1778.99,0.1386,BID
1445560620,1779.0,1.0052,BID
1445560633,1778.99,0.01,BID
1445560637,1778.99,0.05,BID
1445560637,1779.0,1.9369,BID
1445560644,1778.39,0.06,ASK
1445560644,1778.38,0.002,ASK
1445560644,1778.3,0.0444,ASK
1445560644,1778.1,0.0177,ASK
1445560644,1778.09,0.3535,ASK
1445560644,1778.08,0.0106,ASK
1445560644,1778.07,0.1665,ASK
1445560650,1778.07,0.006,ASK
1445560707,1778.94,0.0267,BID
1445560707,1778.94,0.06,BID
1445560707,1778.95,0.2268,BID
1445560707,1778.97,0.1646,BID
1445560707,1778.98,0.1156,BID
1445560707,1779.0,3.0663,BID
1445560722,1778.99,0.016,BID
1445560723,1778.99,0.0123,BID
1445560723,1779.0,2.4747,BID
1445560725,1779.0,0.011,BID
1445560737,1778.98,0.0421,BID
1445560737,1778.99,2.445,BID
1445560741,1778.99,0.01,BID
1445560756,1778.98,0.0085,BID
1445560756,1778.99,0.0015,BID
1445560759,1778.99,0.01,BID
1445560762,1778.99,0.12,BID
1445560763,1778.99,0.01,BID
1445560768,1778.99,17.8556,BID
1445560774,1778.99,0.01,BID
1445560776,1778.99,0.0469,BID
1445560778,1778.99,0.01,BID
1445560782,1778.99,0.02,BID
1445560785,1778.99,0.199,BID
1445560786,1778.99,3.8582,BID
1445560790,1778.99,0.015,BID
1445560795,1778.99,0.769,BID
1445560799,1778.98,0.0061,BID
1445560799,1778.99,0.0829,BID
1445560804,1778.99,0.01,BID
1445560808,1778.99,2.4872,BID
1445560809,1778.96,0.01,BID
1445560810,1778.96,0.048,BID
1445560810,1778.99,0.5294,BID
1445560810,1779.0,3.535,BID
1445560812,1779.0,0.01,BID
1445560814,1778.99,0.0268,BID
1445560814,1779.0,0.5622,BID
1445560817,1779.0,0.7,BID
1445560821,1779.0,0.683,BID
1445560824,1778.99,0.0145,BID
1445560824,1779.0,0.3575,BID
1445560829,1779.0,0.188,BID
1445560832,1779.0,0.035,BID
1445560836,1779.0,0.01,BID
1445560839,1779.0,0.01,BID
1445560845,1779.0,0.03,BID
1445560848,1778.43,0.0368,ASK
1445560848,1778.42,0.0368,ASK
1445560848,1778.41,0.043,ASK
1445560848,1778.41,0.0194,ASK
1445560850,1779.0,0.012,BID
1445560854,1779.0,0.012,BID
1445560858,1778.99,0.0368,BID
1445560858,1779.0,0.0032,BID
1445560861,1779.0,0.299,BID
1445560882,1778.33,0.0145,ASK
1445560882,1778.28,0.0331,ASK
1445560882,1778.28,0.8,ASK
1445560882,1778.27,0.6612,ASK
1445560882,1778.26,0.0061,ASK
1445560882,1778.24,0.0085,ASK
1445560882,1778.22,0.0421,ASK
1445560882,1778.2,0.0267,ASK
1445560882,1778.18,0.2268,ASK
1445560882,1778.17,0.002,ASK
1445560882,1778.09,0.1646,ASK
1445560882,1778.09,0.2079,ASK
1445560882,1778.08,0.1156,ASK
1445560882,1778.07,0.0395,ASK
1445560882,1778.06,0.0922,ASK
1445560882,1778.05,0.004,ASK
1445560882,1778.05,0.1,ASK
1445560882,1778.04,0.0352,ASK
1445560884,1778.99,0.0331,BID
1445560884,1779.0,0.0069,BID
1445560884,1778.48,0.06,ASK
1445560884,1778.34,0.0368,ASK
1445560884,1778.04,0.3115,ASK
1445560884,1777.97,0.0961,ASK
1445560884,1777.96,0.1842,ASK
1445560884,1777.87,0.002,ASK
1445560884,1777.82,0.0139,ASK
1445560884,1777.72,0.1,ASK
1445560884,1777.7,0.002,ASK
1445560884,1777.39,0.1,ASK
1445560884,1777.0,1.0935,ASK
1445560896,1778.98,0.0368,BID
1445560896,1778.98,0.6806,BID
1445560896,1778.98,0.3703,BID
1445560896,1778.99,0.0563,BID
1445560896,1778.99,0.8,BID
1445560896,1779.0,2.5213,BID
1445560900,1778.89,0.014,BID
1445560900,1778.95,0.221,BID
1445560901,1778.97,0.3061,BID
1445560901,1778.97,0.0803,BID
1445560901,1778.98,0.06,BID
1445560902,1778.98,0.4197,ASK
1445560902,1778.44,0.002,ASK
1445560902,1778.37,0.0368,ASK
1445560902,1778.36,0.0185,ASK
1445560902,1778.36,0.0803,ASK
1445560902,1778.36,0.0153,ASK
1445560902,1778.35,0.3703,ASK
1445560902,1778.35,0.2371,ASK
1445560902,1778.99,0.01,BID
1445560903,1778.38,0.2338,ASK
1445560903,1778.35,0.069,ASK
1445560903,1778.34,0.0563,ASK
1445560903,1778.03,0.1,ASK
1445560903,1777.81,0.1634,ASK
1445560903,1777.8,1.3775,ASK
1445560903,1778.95,1.0,ASK
1445560903,1778.95,3.025,ASK
1445560904,1777.8,1.18,ASK
1445560905,1778.95,0.02,BID
1445560908,1777.82,0.01,ASK
1445560909,1777.83,0.06,ASK
1445560909,1777.82,0.79,ASK
1445560909,1777.81,0.4308,ASK
1445560909,1777.8,0.7192,ASK
1445560910,1778.94,0.01,BID
1445560915,1778.94,0.0068,BID
1445560915,1778.94,0.267,BID
1445560915,1778.95,0.1752,BID
1445560916,1778.94,0.8,BID
1445560916,1778.95,0.2556,BID
1445560916,1778.95,3.1393,BID
1445560926,1778.93,0.05,BID
1445560931,1777.86,0.036,ASK
1445560931,1778.94,2.6037,BID
1445560931,1778.94,0.1626,BID
1445560937,1778.93,0.01,BID
1445560937,1778.93,0.0881,BID
1445560937,1778.94,0.036,BID
1445560937,1778.95,1.1359,BID
1445560941,1778.94,0.011,BID
1445560943,1777.89,0.013,ASK
1445560946,1778.93,0.013,BID
1445560946,1778.93,0.1672,BID
1445560946,1778.94,0.0798,BID
1445560946,1777.91,0.0369,ASK
1445560946,1777.9,0.0991,ASK
1445560953,1778.94,0.09,BID
1445560954,1778.93,14.0,BID
1445560954,1778.93,5.305,BID
1445560956,1778.92,0.018,BID
1445560960,1778.91,0.0369,BID
1445560960,1778.92,0.0007,BID
1445560960,1778.94,0.0554,BID
1445560965,1778.94,0.01,BID
1445560969,1778.93,0.01,BID
1445560972,1778.93,0.01,BID
1445560976,1778.93,0.01,BID
1445560979,1778.93,0.01,BID
1445560984,1778.92,0.01,BID
1445560988,1778.91,0.87,BID
1445560992,1778.91,0.2235,BID
1445560992,1778.92,0.1695,BID
1445560994,1778.92,16.8079,BID
1445560994,1778.92,5.9586,BID
1445560996,1778.92,0.223,BID
1445561003,1778.06,0.06,ASK
1445561003,1778.03,0.035,ASK
1445561003,1778.03,0.8,ASK
1445561003,1778.02,0.7,ASK
1445561003,1778.0,0.0103,ASK
1445561003,1777.99,0.0721,ASK
1445561003,1777.99,0.133,ASK
1445561003,1777.98,0.0187,ASK
1445561003,1777.98,2.6047,ASK
1445561003,1777.98,0.3916,ASK
1445561003,1777.97,0.002,ASK
1445561003,1777.97,4.5426,ASK
1445561003,1778.92,0.032,BID
1445561007,1778.91,0.018,BID
1445561013,1778.9,0.042,BID
1445561015,1778.9,0.07,BID
1445561018,1778.06,0.221,BID
1445561019,1778.06,0.1214,BID
1445561019,1778.29,0.04,BID
1445561019,1778.89,0.1806,BID
1445561023,1778.88,0.121,BID
1445561025,1778.88,0.455,BID
1445561030,1778.87,0.034,BID
1445561033,1778.8,0.223,BID
1445561033,1778.0,0.015,ASK
1445561033,1778.0,0.022,ASK
1445561033,1778.0,0.06,ASK
1445561033,1778.0,0.083,ASK
1445561034,1778.78,11.0,ASK
1445561034,1778.78,3.581,ASK
1445561038,1778.8,0.22,BID
1445561042,1778.72,0.004,BID
1445561042,1778.8,0.0002,BID
1445561042,1778.86,0.0158,BID
1445561043,1778.02,0.7,ASK
1445561043,1778.01,0.8,ASK
1445561043,1778.01,0.0209,ASK
1445561043,1778.0,0.094,ASK
1445561043,1777.97,3.6335,ASK
1445561048,1778.79,0.06,BID
1445561050,1778.04,0.0369,ASK
1445561050,1778.03,0.0063,ASK
1445561050,1777.98,0.1368,ASK
1445561052,1778.79,0.0063,BID
1445561052,1778.84,0.0797,BID
1445561056,1778.82,0.086,BID
1445561059,1778.77,0.02,BID
1445561065,1778.76,0.0369,BID
1445561065,1778.77,0.0041,BID
1445561068,1778.77,0.01,BID
1445561072,1778.77,0.01,BID
1445561073,1778.77,0.0178,BID
1445561073,1778.78,0.1,BID
1445561073,1778.8,0.0135,BID
1445561073,1778.81,0.2708,BID
1445561073,1778.86,0.177,BID
1445561073,1778.86,0.0209,BID
1445561073,1778.88,0.1303,BID
1445561073,1778.89,2.606,BID
1445561073,1778.91,0.3026,BID
1445561073,1778.92,0.2074,BID
1445561078,1778.79,0.2708,BID
1445561078,1778.92,0.6442,BID
1445561082,1778.78,0.1496,BID
1445561082,1778.9,0.0275,BID
1445561082,1778.91,0.1729,BID
1445561083,1778.9,5.0,BID
1445561083,1778.9,8.0,BID
1445561083,1778.9,1.165,BID
1445561083,1778.02,0.1496,ASK
1445561083,1778.01,0.0369,ASK
1445561083,1778.0,0.06,ASK
1445561083,1777.99,0.0619,ASK
1445561083,1777.98,0.164,ASK
1445561083,1777.98,0.0331,ASK
1445561083,1777.97,4.3731,ASK
1445561086,1778.89,0.0322,BID
1445561086,1778.9,0.0018,BID
1445561088,1777.97,0.168,ASK
1445561089,1778.03,1.18,BID
1445561089,1778.03,3.9479,BID
1445561090,1778.03,1.4363,BID
1445561090,1778.27,0.06,BID
1445561090,1778.89,0.0331,BID
1445561090,1778.9,0.4706,BID
1445561090,1778.9,2.58,BID
1445561090,1778.9,1.9944,BID
1445561090,1778.92,1.4997,BID
1445561090,1778.93,0.0321,BID
1445561090,1778.93,0.133,BID
1445561090,1778.94,0.0249,BID
1445561090,1778.94,0.2079,BID
1445561090,1778.96,0.127,BID
1445561094,1778.88,0.01,BID
1445561117,1778.84,0.036,BID
1445561119,1778.84,0.0144,BID
1445561119,1778.84,0.4316,BID
1445561122,1778.85,0.212,BID
1445561125,1778.85,0.2222,BID
1445561125,1778.86,0.2118,BID
1445561129,1778.84,0.0955,BID
1445561129,1778.86,0.0408,BID
1445561129,1778.96,0.0857,BID
1445561134,1778.85,0.04,BID
1445561138,1778.85,0.217,BID
1445561142,1778.85,0.0007,BID
1445561142,1778.95,0.0153,BID
1445561147,1778.94,0.068,BID
1445561150,1778.94,0.144,BID
1445561150,1778.85,0.9,ASK
1445561154,1778.94,0.0002,BID
1445561154,1778.94,0.1001,BID
1445561154,1778.96,0.0211,BID
1445561154,1778.96,0.0226,BID
1445561158,1778.96,0.7,BID
1445561162,1778.95,0.13,BID
1445561162,1778.96,0.04,BID
1445561164,1778.86,0.1173,ASK
1445561164,1778.86,0.0448,ASK
1445561164,1778.86,0.035,ASK
1445561164,1778.85,1.8029,ASK
1445561165,1778.85,0.1971,ASK
1445561166,1778.95,0.0448,BID
1445561166,1778.95,0.035,BID
1445561166,1778.96,3.5732,BID
1445561167,1778.85,1.18,ASK
1445561167,1778.95,0.0476,BID
1445561168,1778.86,0.035,ASK
1445561168,1778.86,0.0448,ASK
1445561168,1778.85,2.5002,ASK
1445561168,1778.86,0.1009,ASK
1445561168,1778.85,1.8991,ASK
1445561169,1778.85,0.65,ASK
1445561169,1778.86,4.0,ASK
1445561169,1778.86,16.988,ASK
1445561170,1778.86,0.0164,ASK
1445561170,1778.85,0.0186,ASK
1445561171,1778.85,0.035,ASK
1445561172,1778.85,1.18,ASK
1445561172,1778.85,0.65,ASK
1445561172,1778.96,0.0403,BID
1445561172,1778.98,0.011,BID
1445561172,1778.99,0.0487,BID
1445561173,1778.85,0.65,ASK
1445561174,1778.86,0.011,ASK
1445561174,1778.86,0.024,ASK
1445561174,1778.85,0.615,ASK
1445561175,1778.86,0.0448,ASK
1445561175,1778.85,0.6052,ASK
1445561176,1778.98,0.0144,BID
1445561176,1778.99,0.0256,BID
1445561176,1778.85,0.65,ASK
1445561176,1778.85,0.4205,ASK
1445561176,1778.8,0.7276,ASK
1445561177,1778.98,12.0,ASK
1445561177,1778.98,2.273,ASK
1445561177,1778.86,0.0144,ASK
1445561178,1778.81,0.036,ASK
1445561178,1778.8,0.8125,ASK
1445561178,1778.53,0.1,ASK
1445561178,1778.53,0.06,BID
1445561179,1778.53,0.01,BID
1445561184,1778.79,0.255,BID
1445561188,1778.54,0.65,BID
1445561193,1778.53,0.06,BID
1445561195,1778.2,0.1,ASK
1445561195,1778.16,0.04,ASK
1445561195,1778.15,0.8,ASK
1445561195,1778.1,0.1001,ASK
1445561195,1778.05,0.0411,ASK
1445561195,1778.04,0.0955,ASK
1445561195,1778.04,0.7,ASK
1445561195,1778.04,0.027,ASK
1445561195,1778.03,0.2577,ASK
1445561195,1778.03,0.283,ASK
1445561195,1778.01,0.0144,ASK
1445561201,1778.53,0.108,BID
1445561207,1778.52,0.01,BID
1445561212,1778.51,0.016,BID
1445561216,1778.02,0.069,ASK
1445561217,1778.51,0.01,BID
1445561227,1778.5,0.3966,BID
1445561230,1778.04,0.0198,ASK
1445561230,1778.04,0.06,ASK
1445561230,1778.03,0.1092,ASK
1445561231,1778.5,0.02,BID
1445561233,1778.49,0.0198,BID
1445561233,1778.5,1.5935,BID
1445561233,1778.51,0.0002,BID
1445561234,1778.51,0.0859,BID
1445561234,1778.53,0.0001,BID
1445561239,1778.5,0.06,BID
1445561239,1778.77,0.146,BID
1445561244,1778.76,0.01,BID
1445561249,1778.75,0.01,BID
1445561255,1778.54,0.022,BID
1445561260,1778.53,0.69,BID
1445561260,1778.54,3.291,BID
1445561263,1778.75,0.094,BID
1445561263,1778.76,0.0028,BID
1445561263,1778.78,0.4032,BID
1445561271,1778.78,0.047,BID
1445561274,1778.1,0.04,ASK
1445561276,1778.11,0.0406,ASK
1445561276,1778.1,0.0514,ASK
1445561276,1778.1,0.7,ASK
1445561276,1778.1,0.06,ASK
1445561276,1778.1,0.04,ASK
1445561276,1778.09,0.8,ASK
1445561277,1778.06,0.084,ASK
1445561279,1778.08,0.02,BID
1445561284,1778.08,0.028,BID
1445561285,1778.08,0.56,BID
1445561286,1778.08,0.5624,BID
1445561287,1778.08,0.057,BID
1445561287,1778.08,0.5624,BID
1445561288,1778.08,0.0482,BID
1445561288,1778.08,0.5142,BID
1445561289,1778.08,0.5624,BID
1445561290,1778.08,0.5624,BID
1445561291,1778.08,0.5624,BID
1445561292,1778.08,0.05,BID
1445561293,1778.06,0.02,ASK
1445561293,1778.05,0.0028,ASK
1445561293,1778.03,0.2874,ASK
1445561293,1778.02,0.0271,ASK
1445561296,1778.0,0.02,ASK
1445561298,1778.01,0.062,BID
1445561299,1778.0,0.109,ASK
1445561300,1778.0,0.65,ASK
1445561301,1778.0,0.65,ASK
1445561302,1778.0,0.65,ASK
1445561303,1778.01,0.738,BID
1445561303,1778.0,0.65,ASK
1445561304,1778.01,0.5624,BID
1445561305,1778.01,0.1376,BID
1445561305,1778.02,0.4248,BID
1445561306,1778.02,0.5624,BID
1445561308,1778.01,0.4402,BID
1445561308,1778.02,0.2958,BID
1445561310,1778.02,0.5624,BID
1445561313,1778.01,0.1971,ASK
1445561314,1778.01,0.1573,BID
1445561314,1778.02,0.3627,BID
1445561314,1778.0,0.1971,ASK
1445561315,1778.02,0.5624,BID
1445561317,1778.02,0.095,BID
1445561318,1778.02,0.489,BID
1445561320,1778.0,0.13,ASK
1445561321,1778.02,0.07,BID
1445561321,1778.0,0.65,ASK
1445561322,1778.0,0.65,ASK
1445561323,1778.0,0.65,ASK
1445561324,1778.0,0.65,ASK
1445561325,1778.0,0.65,ASK
1445561326,1778.0,0.208,ASK
1445561326,1777.99,0.2526,ASK
1445561337,1777.99,0.1894,BID
1445561337,1777.99,0.0106,BID
1445561338,1777.99,0.5624,BID
1445561339,1777.99,0.077,BID
1445561345,1778.01,0.1971,BID
1445561345,1778.02,2.3829,BID
1445561346,1778.02,0.1971,BID
1445561349,1778.02,0.073,BID
1445561349,1778.02,2.0,BID
1445561350,1778.02,0.5624,BID
1445561351,1778.02,0.5624,BID
1445561352,1778.02,2.0,BID
1445561352,1778.02,0.5624,BID
1445561353,1778.02,0.5624,BID
1445561353,1778.01,0.001,ASK
1445561354,1778.02,2.0,BID
1445561354,1778.02,1.18,BID
1445561354,1778.02,0.158,BID
1445561358,1778.02,1.18,BID
1445561359,1778.02,0.06,BID
1445561360,1778.02,1.18,BID
1445561360,1778.01,0.051,ASK
1445561361,1778.0,0.001,ASK
1445561362,1778.02,0.025,BID
1445561365,1778.02,0.07,BID
1445561366,1778.0,0.027,ASK
1445561367,1778.0,0.4574,ASK
1445561367,1778.0,0.0826,ASK
1445561368,1778.0,0.4798,ASK
1445561371,1777.99,0.01,BID
1445561374,1777.99,0.01,BID
1445561375,1777.97,0.19,ASK
1445561376,1777.97,0.65,ASK
1445561377,1777.97,0.65,ASK
1445561378,1777.99,0.1502,BID
1445561378,1777.99,0.5878,BID
1445561378,1777.97,0.65,ASK
1445561379,1777.99,0.0622,BID
1445561381,1778.0,0.001,ASK
1445561383,1778.01,0.699,BID
1445561384,1778.01,0.5624,BID
1445561385,1778.01,0.5624,BID
1445561386,1778.01,0.5624,BID
1445561387,1778.01,1.078,BID
1445561388,1778.01,0.5624,BID
1445561388,1778.01,0.5624,BID
1445561391,1778.01,0.785,BID
1445561392,1778.0,0.4992,ASK
1445561392,1778.0,0.5624,ASK
1445561392,1778.0,0.2059,BID
1445561399,1777.99,0.01,BID
1445561400,1777.98,0.01,ASK
1445561403,1777.99,0.64,BID
1445561404,1778.0,0.0634,BID
1445561408,1778.0,0.032,BID
1445561412,1778.0,5.0,BID
1445561413,1778.0,0.5624,BID
1445561416,1778.0,0.02,BID
1445561422,1778.0,0.374,BID
1445561427,1778.0,5.0,BID
1445561430,1778.0,0.042,BID
1445561434,1778.0,0.171,BID
1445561437,1777.98,0.1351,ASK
1445561437,1777.97,0.0429,ASK
1445561438,1777.97,0.65,ASK
1445561439,1778.0,0.603,BID
1445561440,1778.0,0.0876,BID
1445561441,1778.0,0.5624,BID
1445561442,1778.0,1.0,BID
1445561443,1777.97,2.58,ASK
1445561444,1777.97,0.3053,ASK
1445561453,1777.9,0.068,ASK
1445561454,1777.9,0.0001,ASK
1445561458,1777.88,0.033,ASK
1445561461,1777.89,0.068,BID
1445561461,1777.96,0.3447,BID
1445561461,1777.96,0.65,BID
1445561465,1777.9,0.068,ASK
1445561465,1777.88,0.021,ASK
1445561466,1777.88,0.2171,ASK
1445561477,1777.87,0.021,BID
1445561477,1777.99,0.1971,BID
1445561477,1778.0,3.8237,BID
1445561480,1777.88,0.021,ASK
1445561480,1777.85,0.1626,ASK
1445561480,1777.85,0.0881,ASK
1445561480,1777.8,1.7283,ASK
1445561481,1777.8,1.18,ASK
1445561482,1777.84,0.0317,BID
1445561482,1776.99,0.004,ASK
1445561482,1776.9,0.0016,ASK
1445561482,1776.86,0.0337,ASK
1445561482,1776.74,0.5352,ASK
1445561482,1776.63,0.7,ASK
1445561482,1776.63,0.7255,ASK
1445561497,1776.65,0.119,ASK
1445561498,1777.82,0.022,BID
1445561501,1776.66,0.049,ASK
1445561501,1777.81,0.243,BID
1445561518,1776.68,0.0726,ASK
1445561525,1777.77,0.06,BID
1445561525,1777.78,0.214,BID
1445561525,1777.79,0.2349,BID
1445561525,1777.8,0.4911,BID
1445561534,1777.76,0.01,BID
1445561537,1777.76,0.06,BID
1445561541,1776.73,0.06,ASK
1445561541,1776.73,0.0327,ASK
1445561541,1776.72,0.035,ASK
1445561541,1776.72,0.2463,ASK
1445561541,1776.73,0.092,ASK
1445561542,1777.75,0.01,BID
1445561546,1776.75,0.028,ASK
1445561549,1777.74,0.01,BID
1445561549,1777.74,0.0778,BID
1445561549,1777.74,0.3122,BID
1445561550,1777.73,20.0,BID
1445561550,1777.73,1.751,BID
1445561553,1777.7,0.02,BID
1445561557,1777.7,0.045,BID
1445561560,1777.69,0.017,BID
1445561563,1777.69,0.043,BID
1445561563,1777.7,0.115,BID
1445561568,1777.7,0.043,BID
1445561569,1776.99,11.562,BID
1445561573,1777.0,0.011,BID
1445561576,1777.0,0.03,BID
1445561577,1777.0,0.5627,BID
1445561578,1777.0,0.5627,BID
1445561578,1776.99,9.0,BID
1445561578,1776.99,2.645,BID
1445561579,1777.0,0.016,BID
1445561582,1777.0,0.03,BID
1445561583,1777.0,0.5119,BID
1445561585,1777.0,0.01,BID
1445561590,1777.0,0.04,BID
1445561595,1777.0,0.6,BID
1445561600,1777.0,0.595,BID
1445561605,1777.0,0.561,BID
1445561608,1777.0,0.032,BID
1445561609,1776.76,0.04,ASK
1445561610,1776.76,0.0009,ASK
1445561611,1776.75,0.01,BID
1445561614,1777.0,0.01,BID
1445561618,1777.0,0.01,BID
1445561622,1776.99,0.01,BID
1445561624,1776.73,0.086,ASK
1445561628,1776.99,0.026,BID
1445561632,1776.99,0.01,BID
1445561636,1776.98,0.0269,BID
1445561636,1776.99,0.0421,BID
1445561641,1776.99,0.017,BID
1445561648,1776.99,0.0006,BID
1445561648,1777.0,0.0134,BID
1445561652,1777.0,0.464,BID
1445561657,1777.0,0.01,BID
1445561657,1776.73,0.155,ASK
1445561661,1777.0,0.01,BID
1445561662,1776.73,0.0006,ASK
1445561662,1776.71,0.0094,ASK
1445561663,1777.0,0.084,BID
1445561666,1777.0,0.01,BID
1445561674,1777.0,1.041,BID
1445561681,1777.0,5.0,BID
1445561683,1777.0,0.669,BID
1445561686,1777.0,5.0,BID
1445561691,1777.0,0.05,BID
1445561694,1776.99,0.0278,BID
1445561694,1777.0,0.4222,BID
1445561700,1777.0,1.461,BID
1445561704,1777.0,0.192,BID
1445561704,1776.72,0.0278,ASK
1445561704,1776.71,0.0128,ASK
1445561704,1776.7,0.0853,ASK
1445561704,1776.7,0.1708,ASK
1445561704,1776.7,0.06,ASK
1445561704,1776.68,0.0118,ASK
1445561704,1776.67,0.2349,ASK
1445561704,1776.67,0.001,ASK
1445561704,1776.66,0.0002,ASK
1445561704,1776.66,0.1632,ASK
1445561704,1776.65,0.0009,ASK
1445561704,1776.65,3.572,ASK
1445561708,1776.73,0.027,ASK
1445561710,1776.99,0.0212,BID
1445561710,1776.99,0.1088,BID
1445561712,1776.73,0.0112,ASK
1445561712,1776.66,0.0218,ASK
1445561713,1776.99,0.0544,BID
1445561713,1776.99,0.0128,BID
1445561713,1776.99,0.0038,BID
1445561716,1776.98,0.0218,BID
1445561716,1776.99,0.0122,BID
1445561720,1776.97,0.06,BID
1445561723,1776.66,0.1087,ASK
1445561723,1776.66,0.0212,ASK
1445561723,1776.66,0.0544,ASK
1445561723,1776.65,13.4551,ASK
1445561723,1776.64,0.4268,ASK
1445561723,1776.64,0.1313,ASK
1445561723,1776.56,0.0948,ASK
1445561723,1776.53,0.002,ASK
1445561723,1776.52,0.0124,ASK
1445561723,1776.45,0.7,ASK
1445561723,1776.44,0.128,ASK
1445561723,1776.42,3.9553,ASK
1445561723,1776.42,0.184,ASK
1445561723,1776.99,0.01,BID
1445561728,1776.99,0.0122,BID
1445561728,1776.99,0.0098,BID
1445561732,1776.99,0.0446,BID
1445561732,1776.99,0.1087,BID
1445561732,1776.99,0.0207,BID
1445561737,1776.99,0.0005,BID
1445561737,1776.99,0.0095,BID
1445561737,1776.45,0.0369,ASK
1445561737,1776.44,0.0231,ASK
1445561741,1776.98,0.0369,BID
1445561741,1776.98,0.02,BID
1445561741,1776.99,0.6331,BID
1445561745,1776.66,0.056,BID
1445561746,1776.66,0.0109,BID
1445561747,1776.66,0.335,BID
1445561750,1776.66,0.031,BID
1445561754,1776.66,0.024,BID
1445561755,1776.43,0.0369,ASK
1445561755,1776.42,4.8261,ASK
1445561755,1776.36,0.07,ASK
1445561755,1776.18,0.002,ASK
1445561755,1776.11,0.1,ASK
1445561757,1776.0,0.0244,BID
1445561758,1776.0,0.058,BID
1445561763,1776.0,0.016,BID
1445561766,1775.99,0.0369,BID
1445561766,1776.0,0.0471,BID
1445561768,1775.79,0.0881,ASK
1445561768,1775.78,0.0119,ASK
1445561770,1776.0,0.362,BID
1445561774,1775.98,0.0881,BID
1445561774,1775.98,0.0309,BID
1445561775,1775.97,15.0,BID
1445561775,1775.97,1.0,BID
1445561775,1775.97,1.72,BID
1445561779,1775.98,0.0001,BID
1445561779,1776.0,0.4609,BID
1445561780,1775.97,0.0096,BID
1445561780,1775.8,0.0583,ASK
1445561780,1775.79,0.031,ASK
1445561780,1775.78,0.0881,ASK
1445561780,1775.47,0.004,ASK
1445561780,1775.45,0.1,ASK
1445561780,1775.22,0.8,ASK
1445561780,1775.21,0.7,ASK
1445561780,1775.13,0.002,ASK
1445561780,1775.06,0.0267,ASK
1445561780,1775.01,0.0211,ASK
1445561780,1775.0,12.28,ASK
1445561784,1775.78,0.031,BID
1445561784,1775.97,0.046,BID
1445561789,1775.96,0.01,BID
1445561792,1775.96,0.01,BID
1445561793,1775.02,5.0,BID
1445561793,1775.02,8.422,BID
1445561795,1775.0,0.19,ASK
1445561796,1775.96,0.038,BID
1445561801,1775.88,0.002,BID
1445561801,1775.97,0.0027,BID
1445561801,1775.98,0.0053,BID
1445561804,1775.87,0.02,BID
1445561804,1775.97,0.05,BID
1445561807,1775.97,0.01,BID
1445561812,1775.95,0.013,BID
1445561820,1775.94,0.58,BID
1445561820,1775.95,0.07,BID
1445561826,1775.95,0.01,BID
1445561829,1775.05,0.0369,ASK
1445561829,1775.04,0.0541,ASK
1445561832,1775.96,0.038,BID
1445561834,1775.03,0.036,ASK
1445561837,1775.95,0.0369,BID
1445561837,1775.96,0.0531,BID
1445561837,1775.99,0.001,BID
1445561841,1775.04,0.0369,ASK
1445561841,1775.04,0.1088,ASK
1445561841,1775.03,0.0551,ASK
1445561841,1775.01,0.0099,ASK
1445561841,1775.01,0.7,ASK
1445561841,1775.0,6.1096,ASK
1445561841,1775.0,6.9797,ASK
1445561841,1775.98,0.02,BID
1445561843,1775.03,0.05,BID
1445561846,1775.03,0.8,BID
1445561847,1775.03,0.031,BID
1445561848,1775.03,1.0,BID
1445561848,1775.03,0.01,BID
1445561854,1775.03,0.7,BID
1445561857,1775.03,0.5,BID
1445561862,1775.0,0.84,BID
1445561863,1774.99,0.039,ASK
1445561864,1774.98,0.0014,ASK
1445561866,1774.98,0.0376,BID
1445561866,1774.99,0.0164,BID
1445561870,1774.98,0.125,BID
1445561871,1774.98,0.0004,BID
1445561871,1774.99,0.0386,BID
1445561875,1774.99,0.256,BID
1445561878,1774.99,0.062,BID
1445561882,1774.99,0.01,BID
1445561890,1774.99,0.01,BID
1445561891,1774.97,3.0,BID
1445561891,1774.97,5.335,BID
1445561895,1774.99,0.2864,BID
1445561895,1774.99,0.3426,BID
1445561901,1774.99,0.02,BID
1445561904,1774.99,0.07,BID
1445561912,1774.99,0.013,BID
1445561918,1774.99,0.027,BID
1445561921,1774.99,0.035,BID
1445561921,1774.96,0.0122,ASK
1445561923,1774.96,1.4428,BID
1445561923,1774.99,0.1924,BID
1445561923,1774.99,0.8,BID
1445561923,1774.99,2.1043,BID
1445561924,1774.99,1.442,BID
1445561929,1774.99,0.026,BID
1445561935,1774.99,0.67,BID
1445561938,1774.99,0.027,BID
1445561943,1774.99,0.212,BID
1445561946,1774.99,0.452,BID
1445561952,1774.99,0.086,BID
1445561956,1774.99,0.074,BID
1445561957,1774.93,0.0117,ASK
1445561957,1774.92,0.233,ASK
1445561957,1774.89,0.1213,ASK
1445561957,1774.07,0.0959,ASK
1445561957,1774.07,0.0105,ASK
1445561957,1774.06,2.128,ASK
1445561957,1774.05,0.008,ASK
1445561957,1772.89,1.374,ASK
1445561957,1772.84,4.0465,ASK
1445561957,1771.65,0.8,ASK
1445561957,1771.64,0.7,ASK
1445561957,1771.6,0.394,ASK
1445561961,1774.69,0.01,ASK
1445561963,1774.98,0.0105,BID
1445561963,1774.98,0.0959,BID
1445561963,1774.98,0.0117,BID
1445561963,1774.99,0.0589,BID
1445561969,1774.97,0.013,BID
1445561971,1774.96,1.374,BID
1445561971,1774.96,0.288,BID
1445561976,1774.96,0.027,BID
1445561981,1774.95,0.032,BID
1445561985,1774.93,0.06,BID
1445561985,1774.94,0.01,BID
1445561993,1774.93,0.01,BID
1445562002,1774.91,0.101,BID
1445562002,1773.05,0.0282,ASK
1445562002,1773.05,0.01,ASK
1445562002,1773.04,0.564,ASK
1445562004,1773.04,0.0282,BID
1445562005,1773.04,1.0056,BID
1445562009,1774.5,0.5,BID
1445562012,1774.5,0.01,BID
1445562015,1774.47,0.062,BID
1445562022,1774.46,0.028,BID
1445562027,1774.43,0.028,BID
1445562032,1774.42,0.02,BID
1445562037,1774.42,0.036,BID
1445562040,1774.41,0.6,BID
1445562045,1774.41,0.136,BID
1445562048,1774.91,0.092,BID
1445562048,1774.92,0.044,BID
1445562052,1774.0,0.07,BID
1445562059,1774.0,0.117,BID
1445562063,1774.0,0.3948,BID
1445562063,1774.0,0.696,BID
1445562067,1773.99,0.025,BID
1445562071,1773.99,0.1404,BID
1445562071,1774.0,4.9807,BID
1445562071,1774.33,0.1,BID
1445562071,1774.66,0.1,BID
1445562071,1774.9,0.147,BID
1445562071,1774.91,5.2749,BID
1445562074,1774.91,0.14,BID
1445562078,1774.9,0.151,BID
1445562086,1774.89,0.018,BID
1445562086,1774.9,0.084,BID
1445562086,1774.9,0.0186,BID
1445562086,1774.91,1.1082,BID
1445562096,1774.92,0.05,BID
1445562103,1774.92,0.0077,BID
1445562103,1774.92,0.0423,BID
1445562106,1774.92,0.0007,BID
1445562106,1774.95,0.7093,BID
1445562109,1774.95,1.068,BID
1445562111,1774.37,0.06,ASK
1445562111,1774.36,0.0208,ASK
1445562111,1774.35,0.4153,ASK
1445562113,1774.0,0.2631,BID
1445562113,1774.0,0.01,BID
1445562113,1773.89,5.0,ASK
1445562113,1773.89,4.742,ASK
1445562116,1774.0,3.983,BID
1445562120,1773.99,0.03,BID
1445562123,1773.99,0.0285,BID
1445562123,1774.0,0.3885,BID
1445562126,1774.0,0.01,BID
1445562127,1774.0,0.2485,BID
1445562127,1774.2,0.06,BID
1445562127,1774.37,0.001,BID
1445562127,1774.88,0.0237,BID
1445562127,1774.92,0.1,ASK
1445562128,1774.92,0.1,ASK
1445562129,1774.92,0.474,ASK
1445562129,1774.92,2.0,ASK
1445562130,1774.94,0.018,BID
1445562130,1774.92,0.65,ASK
1445562131,1774.93,0.1316,ASK
1445562131,1774.92,0.5184,ASK
1445562132,1774.92,0.1316,ASK
1445562133,1774.94,0.127,BID
1445562134,1774.94,0.1181,BID
1445562134,1774.95,0.127,BID
1445562136,1774.95,0.2451,BID
1445562138,1774.95,0.039,BID
1445562139,1774.95,0.5634,BID
1445562143,1774.95,0.402,BID
1445562147,1774.95,2.726,BID
1445562151,1774.95,0.0002,BID
1445562151,1774.97,0.0004,BID
1445562151,1774.98,0.1,BID
1445562151,1774.99,0.1718,BID
1445562151,1775.0,2.4536,BID
1445562160,1775.0,0.157,BID
1445562161,1775.0,0.378,BID
1445562164,1774.93,0.0425,ASK
1445562164,1774.93,0.035,ASK
1445562164,1774.93,0.0871,ASK
1445562164,1774.92,3.2928,ASK
1445562164,1774.7,0.06,ASK
1445562164,1773.9,0.0585,ASK
1445562164,1773.85,0.7,ASK
1445562164,1773.84,6.527,ASK
1445562164,1773.8,0.018,ASK
1445562164,1773.57,0.1,ASK
1445562164,1773.24,0.1,ASK
1445562164,1773.12,1.3754,ASK
1445562164,1773.11,2.6191,ASK
1445562164,1773.03,0.043,ASK
1445562164,1773.02,0.1017,ASK
1445562164,1773.01,0.38,ASK
1445562164,1773.01,1.184,ASK
1445562164,1773.01,0.502,ASK
1445562164,1773.01,5.427,ASK
1445562164,1773.01,1.45,ASK
1445562164,1773.01,0.709,ASK
1445562164,1772.99,9.5545,ASK
1445562165,1775.0,0.036,BID
1445562165,1774.91,6.0,ASK
1445562165,1774.91,13.44,ASK
1445562166,1774.91,8.622,ASK
1445562168,1774.92,0.1,BID
1445562175,1774.91,0.064,BID
1445562192,1774.89,0.0154,BID
1445562192,1774.89,0.078,BID
1445562192,1774.9,0.06,BID
1445562192,1774.9,0.7,BID
1445562192,1774.91,0.3067,BID
1445562192,1774.92,0.0646,BID
1445562192,1774.98,0.0688,BID
1445562192,1774.99,1.3754,BID
1445562192,1774.99,0.0663,BID
1445562192,1775.0,1.7648,BID
1445562197,1774.41,0.01,ASK
1445562207,1774.92,0.05,BID
1445562211,1774.92,0.0658,BID
1445562212,1774.92,0.0288,BID
1445562212,1774.93,0.0652,BID
1445562216,1774.92,0.035,BID
1445562216,1774.93,0.7,BID
1445562222,1774.93,0.032,BID
1445562226,1774.92,0.0805,BID
1445562226,1774.92,0.0345,BID
1445562227,1774.68,0.01,ASK
1445562231,1774.92,0.0008,BID
1445562231,1774.93,0.9612,BID
1445562234,1774.91,0.2503,BID
1445562234,1774.93,0.1897,BID
1445562238,1774.93,0.02,BID
1445562243,1774.93,0.103,BID
1445562246,1774.93,0.379,BID
1445562247,1774.92,0.1646,ASK
1445562247,1774.7,0.0125,ASK
1445562247,1774.69,0.2503,ASK
1445562247,1774.68,0.0558,ASK
1445562247,1774.63,0.06,ASK
1445562247,1774.44,0.0805,ASK
1445562247,1774.44,0.0353,ASK
1445562247,1774.42,0.1446,ASK
1445562247,1774.41,0.0054,ASK
1445562247,1774.41,0.078,ASK
1445562247,1773.89,0.0185,ASK
1445562247,1773.88,0.3707,ASK
1445562247,1773.87,0.114,ASK
1445562247,1773.86,1.2013,ASK
1445562254,1773.92,0.01,BID
1445562254,1774.91,0.154,BID
1445562255,1773.88,4.0,BID
1445562255,1773.88,14.071,BID
1445562259,1774.17,0.01,BID
1445562261,1774.17,0.05,BID
1445562261,1774.9,1.358,BID
1445562262,1774.9,0.05,BID
1445562270,1773.89,0.0226,ASK
1445562270,1773.88,0.0274,ASK
1445562270,1774.16,0.0661,BID
1445562270,1774.16,0.0439,BID
1445562271,1773.88,0.01,ASK
1445562275,1774.16,0.01,BID
1445562280,1774.15,0.013,BID
1445562284,1774.15,0.035,BID
1445562285,1774.15,0.0443,BID
1445562285,1774.16,0.048,BID
1445562289,1774.16,0.284,BID
1445562293,1774.15,0.01,BID
1445562298,1774.15,0.011,BID
1445562304,1774.15,0.012,BID
1445562305,1774.15,0.029,BID
1445562307,1774.15,0.036,BID
1445562312,1774.14,0.014,BID
1445562316,1774.14,0.014,BID
1445562319,1774.13,0.072,BID
1445562324,1774.13,0.1702,BID
1445562324,1774.13,0.0088,BID
1445562329,1774.13,0.0005,BID
1445562329,1774.14,0.0585,BID
1445562333,1774.15,0.088,BID
1445562336,1774.16,0.0002,BID
1445562336,1774.46,0.0998,BID
1445562337,1774.06,0.0126,ASK
1445562337,1774.05,0.0974,ASK
1445562338,1774.05,0.1448,ASK
1445562338,1774.05,0.0093,ASK
1445562338,1774.04,0.0974,ASK
1445562347,1774.06,0.06,ASK
1445562347,1774.06,0.188,BID
1445562351,1774.06,0.016,BID
1445562351,1774.06,0.1543,BID
1445562359,1774.06,0.01,BID
1445562363,1774.06,0.772,BID
1445562366,1774.06,8.4554,BID
1445562366,1774.06,0.01,BID
1445562374,1774.06,0.589,BID
1445562374,1774.04,0.0886,ASK
1445562374,1774.03,0.0923,ASK
1445562374,1773.88,0.0287,ASK
1445562374,1773.88,0.3861,ASK
1445562374,1773.87,0.0388,ASK
1445562374,1773.0,0.4855,ASK
1445562377,1774.05,0.1802,BID
1445562377,1774.06,2.6418,BID
1445562377,1773.53,0.0757,ASK
1445562377,1773.0,0.8914,ASK
1445562379,1773.0,2.0,BID
1445562380,1773.0,2.58,BID
1445562380,1772.99,1.18,ASK
1445562382,1772.99,1.2276,ASK
1445562382,1772.99,0.01,BID
1445562382,1772.99,0.1393,BID
1445562382,1773.0,1.8607,BID
1445562385,1772.98,0.046,BID
1445562388,1772.97,0.0369,BID
1445562388,1772.98,0.604,BID
1445562388,1772.99,0.0091,BID
1445562392,1772.97,0.016,BID
1445562395,1772.97,0.2072,BID
1445562395,1772.98,0.0258,BID
1445562400,1773.0,0.01,BID
1445562403,1772.99,0.027,BID
1445562407,1772.99,0.003,BID
1445562407,1773.0,0.027,BID
1445562410,1773.0,0.87,BID
1445562413,1772.99,0.065,BID
1445562417,1772.99,0.05,BID
1445562425,1772.99,0.01,BID
1445562429,1772.99,0.0074,BID
1445562429,1772.99,0.0056,BID
1445562432,1772.99,0.228,BID
1445562432,1773.0,0.013,BID
1445562438,1772.98,0.207,BID
1445562443,1772.98,0.0002,BID
1445562443,1772.98,0.0098,BID
1445562450,1772.97,0.016,BID
1445562453,1772.97,0.018,BID
1445562456,1772.96,0.012,BID
1445562460,1772.96,0.011,BID
1445562464,1772.96,0.2491,BID
1445562464,1772.97,0.0008,BID
1445562464,1772.98,0.0101,BID
1445562469,1772.98,0.02,BID
1445562472,1772.97,0.1857,ASK
1445562473,1772.97,0.0634,ASK
1445562473,1772.96,0.101,BID
1445562476,1772.96,0.01,BID
1445562478,1772.96,0.011,BID
1445562482,1772.96,0.026,BID
1445562483,1772.96,0.0377,BID
1445562483,1772.96,0.047,BID
1445562484,1772.96,0.0847,BID
1445562484,1772.96,0.03,BID
1445562485,1772.96,0.0847,BID
1445562486,1772.96,0.0027,BID
1445562490,1772.98,0.1014,BID
1445562490,1773.0,0.1006,BID
1445562496,1773.0,0.283,BID
1445562498,1773.0,0.564,BID
1445562500,1773.0,0.092,BID
1445562520,1772.97,0.1147,ASK
1445562520,1772.76,0.0136,ASK
1445562520,1772.75,0.2721,ASK
1445562520,1772.74,0.0348,ASK
1445562520,1772.72,0.1413,ASK
1445562520,1772.72,0.0104,ASK
1445562520,1772.71,0.2072,ASK
1445562520,1772.7,0.0117,ASK
1445562520,1772.69,0.2336,ASK
1445562520,1772.68,0.1324,ASK
1445562520,1771.87,0.0082,ASK
1445562520,1773.0,0.01,BID
1445562528,1772.96,0.114,BID
1445562531,1772.96,0.0007,BID
1445562532,1772.96,0.1133,ASK
1445562534,1772.95,0.0287,BID
1445562534,1772.99,0.0063,BID
1445562538,1772.99,0.0041,BID
1445562538,1772.99,0.0117,BID
1445562538,1772.99,0.0132,BID
1445562547,1772.99,0.0004,BID
1445562547,1773.0,0.0197,BID
1445562556,1772.96,0.028,ASK
1445562557,1773.0,0.01,BID
1445562557,1772.96,0.0007,ASK
1445562557,1772.96,0.028,ASK
1445562558,1772.97,0.0417,ASK
1445562558,1772.96,0.5183,ASK
1445562559,1772.97,0.0402,ASK
1445562559,1772.96,0.2862,ASK
1445562559,1772.72,0.142,ASK
1445562559,1772.7,0.06,ASK
1445562559,1772.39,0.1,ASK
1445562559,1772.06,0.1,ASK
1445562559,1771.94,0.7,ASK
1445562559,1771.81,0.7836,ASK
1445562559,1771.8,0.368,ASK
1445562559,1771.8,1.057,ASK
1445562559,1771.73,0.1,ASK
1445562559,1771.62,0.843,ASK
1445562560,1771.63,11.0,ASK
1445562560,1771.63,13.957,ASK
1445562561,1771.62,2.0,ASK
1445562581,1772.9,0.04,BID
1445562581,1772.91,0.8,BID
1445562581,1772.91,0.0419,BID
1445562581,1772.92,2.6085,BID
1445562581,1772.94,0.3403,BID
1445562581,1772.95,0.65,BID
1445562581,1772.95,0.65,BID
1445562581,1772.95,4.9164,ASK
1445562583,1771.68,16.64,BID
1445562616,1772.85,0.017,BID
1445562619,1772.85,0.2437,BID
1445562619,1772.86,0.4563,BID
1445562622,1772.84,0.01,BID
1445562623,1772.84,0.17,BID
1445562631,1772.8,0.068,BID
1445562655,1772.7,0.06,BID
1445562658,1772.69,0.01,BID
1445562659,1771.75,0.0687,ASK
1445562659,1771.75,0.4313,ASK
1445562662,1771.77,0.037,ASK
1445562662,1771.76,0.463,ASK
1445562663,1771.77,12.244,ASK
1445562663,1772.68,0.06,BID
1445562663,1772.69,0.27,BID
1445562664,1771.76,0.3206,ASK
1445562668,1771.75,0.2687,ASK
1445562672,1771.73,0.2607,ASK
1445562672,1771.73,0.0083,BID
1445562672,1771.74,0.0017,BID
1445562673,1771.74,0.267,BID
1445562673,1771.74,0.2607,ASK
1445562674,1771.74,0.32,ASK
1445562676,1772.67,0.01,BID
1445562678,1771.75,0.2687,ASK
1445562678,1771.74,0.2313,ASK
1445562682,1771.76,0.1447,ASK
1445562682,1771.74,0.3553,ASK
1445562685,1771.77,0.06,ASK
1445562691,1771.74,0.06,ASK
1445562692,1771.76,0.037,BID
1445562692,1771.74,0.65,ASK
1445562693,1771.76,0.403,BID
1445562693,1771.77,0.037,ASK
1445562694,1771.77,0.44,BID
1445562695,1771.74,0.096,ASK
1445562695,1771.77,0.261,BID
1445562696,1771.74,0.65,ASK
1445562697,1771.74,0.65,ASK
1445562698,1771.74,0.65,ASK
1445562699,1771.74,0.5,ASK
1445562699,1771.74,0.65,ASK
1445562700,1771.74,0.65,ASK
1445562701,1771.74,0.3409,ASK
1445562702,1771.73,0.033,BID
1445562706,1771.73,0.2761,BID
1445562706,1771.73,0.65,BID
1445562706,1771.77,1.0739,BID
1445562707,1771.73,15.123,BID
1445562710,1771.77,0.035,BID
1445562711,1771.77,0.01,BID
1445562715,1772.01,0.037,BID
1445562715,1772.06,0.023,BID
1445562718,1772.06,0.018,BID
1445562721,1772.06,0.059,BID
1445562725,1772.32,0.015,BID
1445562732,1772.38,0.05,BID
1445562732,1772.39,0.01,BID
1445562737,1772.31,0.046,BID
1445562737,1772.39,0.054,BID
1445562741,1772.39,0.036,BID
1445562741,1772.55,0.01,BID
1445562750,1772.53,0.046,BID
1445562761,1772.52,0.024,BID
1445562767,1772.5,0.466,BID
1445562772,1772.5,0.126,BID
1445562773,1772.51,0.126,BID
1445562775,1772.51,0.3408,BID
1445562775,1772.53,0.1068,BID
1445562775,1772.65,0.1447,BID
1445562775,1772.7,1.4077,BID
1445562776,1772.7,0.177,BID
1445562786,1772.69,0.021,BID
1445562787,1772.69,0.42,BID
1445562788,1772.69,0.059,BID
1445562788,1772.69,0.3306,BID
1445562788,1772.7,0.1745,BID
1445562789,1772.47,0.021,ASK
1445562789,1772.69,0.314,BID
1445562789,1772.7,0.2501,BID
1445562790,1772.7,0.313,BID
1445562790,1772.48,0.037,ASK
1445562790,1772.47,0.0465,ASK
1445562790,1772.47,0.016,ASK
1445562790,1772.46,0.484,ASK
1445562791,1772.69,0.021,BID
1445562791,1772.7,0.5431,BID
1445562792,1772.69,0.0625,BID
1445562792,1772.7,0.5016,BID
1445562792,1772.69,1.0,BID
1445562792,1772.69,18.809,BID
1445562794,1772.68,0.0291,BID
1445562794,1772.7,0.0334,BID
1445562794,1772.6,0.2624,ASK
1445562794,1772.47,0.0298,ASK
1445562794,1772.47,0.034,ASK
1445562794,1772.47,0.0291,ASK
1445562794,1772.46,0.1447,ASK
1445562795,1772.69,0.037,BID
1445562795,1772.7,2.1194,BID
1445562795,1772.8,0.0298,ASK
1445562795,1772.8,0.034,ASK
1445562796,1772.83,0.034,BID
1445562796,1772.8,1.3244,ASK
1445562796,1772.71,0.4146,ASK
1445562797,1772.83,0.0347,BID
1445562797,1772.84,0.034,BID
1445562797,1772.72,5.0,ASK
1445562797,1772.72,10.828,ASK
1445562798,1772.84,0.0347,BID
1445562802,1772.8,0.5,BID
1445562805,1772.84,0.0313,BID
1445562805,1772.87,0.0331,BID
1445562805,1772.87,0.0124,BID
1445562805,1772.88,0.1016,BID
1445562805,1772.9,0.0727,BID
1445562805,1772.97,0.8348,BID
1445562805,1773.0,0.0463,BID
1445562806,1772.81,0.5,ASK
1445562806,1773.0,0.031,BID
1445562807,1772.85,0.0313,ASK
1445562807,1772.82,0.025,ASK
1445562807,1772.8,0.037,BID
1445562809,1772.71,0.1495,ASK
1445562810,1772.7,0.037,ASK
1445562811,1772.7,0.03,BID
1445562813,1772.52,0.149,ASK
1445562815,1772.7,0.01,BID
1445562818,1772.53,0.149,ASK
1445562819,1772.53,0.1117,ASK
1445562819,1772.53,0.035,ASK
1445562819,1772.53,0.0336,ASK
1445562819,1772.52,0.149,ASK
1445562819,1772.71,0.029,BID
1445562820,1772.52,0.3293,ASK
1445562821,1772.53,0.65,ASK
1445562822,1772.7,0.015,BID
1445562823,1772.69,14.0,ASK
1445562823,1772.69,0.743,ASK
1445562825,1772.6,0.178,ASK
1445562827,1772.7,0.0011,BID
1445562827,1772.7,0.0289,BID
1445562828,1772.69,0.0119,BID
1445562828,1772.7,0.0259,BID
1445562828,1772.71,0.0181,BID
1445562829,1772.61,0.0419,ASK
1445562829,1772.61,0.0673,ASK
1445562829,1772.6,0.0688,ASK
1445562829,1772.71,0.0559,BID
1445562830,1772.71,0.011,BID
1445562830,1772.61,0.0419,ASK
1445562830,1772.6,0.0673,ASK
1445562831,1772.61,0.1058,ASK
1445562831,1772.6,0.0034,ASK
1445562832,1772.61,0.0673,ASK
1445562832,1772.6,0.1957,ASK
1445562833,1772.6,0.65,ASK
1445562834,1772.61,0.0166,ASK
1445562834,1772.6,0.6334,ASK
1445562836,1772.7,0.0152,BID
1445562836,1772.7,0.0419,BID
1445562836,1772.7,0.0359,BID
1445562836,1772.61,0.1921,ASK
1445562836,1772.6,0.4579,ASK
1445562837,1772.69,0.0935,BID
1445562837,1772.6,0.1075,ASK
1445562839,1772.59,0.1075,BID
1445562839,1772.6,0.0845,BID
1445562840,1772.6,0.071,BID
1445562841,1772.61,0.0845,ASK
1445562841,1772.55,0.0119,ASK
1445562841,1772.54,0.0548,ASK
1445562841,1772.53,0.0408,ASK
1445562844,1772.69,0.098,BID
1445562845,1772.54,0.0986,BID
1445562847,1772.54,0.01,BID
1445562847,1772.54,0.3914,BID
1445562847,1772.69,0.0006,BID
1445562847,1772.7,0.0005,BID
1445562847,1772.7,0.0839,BID
1445562847,1772.71,0.7036,BID
1445562847,1772.71,0.9307,BID
1445562847,1772.99,0.5016,BID
1445562847,1773.0,1.1477,BID
1445562848,1772.54,5.0,BID
1445562848,1772.54,1.062,BID
1445562850,1772.55,0.4014,ASK
1445562850,1772.53,0.0986,ASK
1445562853,1772.99,0.014,BID
1445562855,1772.54,0.0282,ASK
1445562855,1772.53,0.0106,ASK
1445562855,1772.53,0.4612,ASK
1445562855,1772.99,7.0,ASK
1445562855,1772.99,6.234,ASK
1445562856,1772.98,0.015,BID
1445562858,1772.55,0.0899,ASK
1445562858,1772.53,0.2388,ASK
1445562859,1772.53,0.0194,BID
1445562859,1772.53,0.0204,BID
1445562859,1772.53,0.1291,BID
1445562859,1772.53,0.0024,BID
1445562859,1772.98,0.0496,BID
1445562861,1772.7,0.328,ASK
1445562862,1772.98,0.025,BID
1445562866,1772.97,0.023,BID
1445562866,1772.98,0.0003,BID
1445562866,1772.98,0.0017,BID
1445562867,1772.71,0.0194,ASK
1445562867,1772.71,0.0339,ASK
1445562867,1772.7,0.4467,ASK
1445562871,1772.72,0.037,ASK
1445562871,1772.71,0.0299,ASK
1445562871,1772.7,0.4331,ASK
1445562872,1772.99,0.0339,BID
1445562872,1772.99,0.0194,BID
1445562872,1773.0,10.1972,BID
1445562872,1772.99,0.0299,BID
1445562872,1773.0,0.0231,BID
1445562874,1772.73,0.2049,ASK
1445562874,1772.7,0.1872,ASK
1445562875,1772.7,0.0102,BID
1445562879,1772.7,0.0977,BID
1445562879,1772.71,0.1433,BID
1445562880,1772.71,0.0977,BID
1445562883,1772.71,6.5078,BID
1445562883,1772.97,0.0102,BID
1445562883,1772.98,0.2049,BID
1445562883,1772.99,0.1954,BID
1445562883,1773.0,20.3476,BID
1445562883,1773.04,0.1,BID
1445562883,1773.37,0.1,BID
1445562883,1773.7,0.1,BID
1445562883,1774.05,3.9732,BID
1445562883,1774.06,2.2952,BID
1445562883,1774.44,0.1543,BID
1445562883,1774.45,0.188,BID
1445562883,1774.82,2.5321,BID
1445562884,1773.71,0.015,ASK
1445562884,1772.7,0.485,BID
1445562906,1772.78,0.4778,ASK
1445562906,1772.77,0.0081,ASK
1445562906,1772.77,9.3493,ASK
1445562906,1772.77,0.06,ASK
1445562906,1772.76,0.1539,ASK
1445562906,1772.73,0.2224,ASK
1445562906,1772.72,0.0791,ASK
1445562906,1772.54,0.9,ASK
1445562906,1772.53,0.1035,BID
1445562906,1772.53,0.0111,BID
1445562907,1772.53,1.3771,BID
1445562907,1772.53,0.085,BID
1445562910,1772.53,2.0,BID
1445562911,1772.53,0.5,BID
1445562911,1772.53,0.5642,BID
1445562912,1772.53,4.1085,BID
1445562913,1772.54,0.5642,ASK
1445562913,1772.54,0.5642,ASK
1445562913,1772.53,0.2487,ASK
1445562917,1772.85,0.01,BID
1445562921,1772.84,0.027,BID
1445562921,1772.85,0.033,BID
1445562926,1772.85,0.017,BID
1445562929,1772.84,0.01,BID
1445562932,1772.84,0.029,BID
1445562935,1772.83,0.01,BID
1445562938,1772.83,0.025,BID
1445562938,1772.57,0.027,ASK
1445562942,1772.56,0.0937,ASK
1445562942,1772.56,0.107,ASK
1445562942,1772.82,0.01,BID
1445562945,1772.81,0.0514,BID
1445562945,1772.82,0.0279,BID
1445562945,1772.83,0.0587,BID
1445562945,1772.83,0.029,BID
1445562946,1772.57,0.0514,ASK
1445562947,1772.56,0.029,BID
1445562947,1772.57,0.022,BID
1445562953,1772.56,0.029,BID
1445562953,1772.82,0.017,BID
1445562953,1772.83,0.471,BID
1445562953,1772.84,0.3177,BID
1445562956,1772.84,0.5,ASK
1445562959,1772.84,0.5,ASK
1445562960,1772.84,0.65,ASK
1445562961,1772.85,0.03,BID
1445562961,1773.58,4.1486,BID
1445562961,1774.01,0.1539,BID
1445562961,1774.02,0.0081,BID
1445562961,1774.03,0.2224,BID
1445562961,1774.8,0.9,BID
1445562961,1774.81,0.8895,BID
1445562961,1774.81,0.277,BID
1445562961,1772.84,0.5,ASK
1445562961,1772.84,0.65,ASK
1445562973,1772.88,0.5,ASK
1445562976,1772.89,0.2703,ASK
1445562976,1772.89,0.037,ASK
1445562976,1772.88,0.1927,ASK
1445562979,1772.88,0.2073,ASK
1445562987,1772.88,0.1,BID
1445562988,1772.88,0.1927,BID
1445562988,1772.88,0.207,BID
1445562990,1772.89,0.1,ASK
1445562993,1773.15,0.0135,BID
1445562993,1773.16,0.0235,BID
1445562994,1772.89,0.4997,ASK
1445562995,1772.89,0.0003,BID
1445562996,1773.13,0.021,BID
1445562997,1772.91,0.01,ASK
1445562997,1772.9,0.1753,ASK
1445563000,1772.88,0.1187,ASK
1445563000,1772.87,0.2327,ASK
1445563000,1772.87,2.14,ASK
1445563000,1772.87,0.002,ASK
1445563000,1772.86,0.03,ASK
1445563000,1772.85,0.0681,ASK
1445563000,1772.84,22.3653,ASK
1445563000,1772.53,2.0432,ASK
1445563001,1772.89,0.069,BID
1445563002,1772.89,0.2447,BID
1445563002,1772.89,0.2,BID
1445563002,1772.9,0.069,ASK
1445563003,1772.88,0.117,BID
1445563003,1772.88,0.0222,BID
1445563006,1773.12,0.037,BID
1445563006,1773.13,0.025,BID
1445563007,1772.9,0.3745,ASK
1445563008,1772.87,0.037,BID
1445563008,1772.87,0.0404,BID
1445563008,1772.9,0.016,BID
1445563015,1772.89,0.195,BID
1445563022,1772.89,0.165,BID
1445563029,1772.88,0.06,BID
1445563032,1772.88,0.0001,BID
1445563032,1772.89,0.0139,BID
1445563032,1772.86,12.082,BID
1445563036,1772.87,0.035,BID
1445563037,1772.87,0.0001,BID
1445563080,1772.88,0.035,ASK
1445563081,1772.87,0.035,ASK
1445563082,1772.88,0.04,BID
1445563083,1772.88,0.5641,BID
1445563084,1772.88,0.5641,BID
1445563085,1772.88,0.056,BID
1445563085,1772.88,0.4071,BID
1445563085,1772.89,0.0006,BID
1445563089,1773.11,0.025,BID
1445563090,1773.12,0.025,BID
1445563092,1773.11,0.025,BID
1445563098,1773.12,0.475,BID
1445563098,1773.12,0.025,BID
1445563099,1773.13,0.1293,BID
1445563101,1773.16,0.2468,BID
1445563101,1773.17,0.2327,BID
1445563101,1773.37,0.002,BID
1445563101,1773.44,0.0185,BID
1445563103,1773.13,0.3707,ASK
1445563103,1773.13,0.0185,BID
1445563103,1773.13,0.037,BID
1445563104,1773.13,0.0738,BID
1445563104,1773.44,0.0815,BID
1445563104,1773.56,0.0907,BID
1445563111,1773.11,0.05,BID
1445563114,1772.93,0.01,ASK
1445563116,1773.1,0.037,BID
1445563117,1773.1,0.07,BID
1445563117,1773.11,0.037,BID
1445563118,1773.11,0.107,BID
1445563119,1773.09,0.0189,BID
1445563119,1773.11,0.0511,BID
1445563124,1773.1,0.035,BID
1445563129,1773.1,0.075,BID
1445563132,1773.1,0.05,BID
1445563135,1773.1,0.033,BID
1445563139,1773.09,0.047,BID
1445563143,1773.09,0.01,BID
1445563149,1773.09,0.1568,BID
1445563149,1773.09,0.0212,BID
1445563153,1772.99,0.01,ASK
1445563154,1773.08,0.091,BID
1445563155,1773.08,0.0027,BID
1445563155,1773.09,0.0174,BID
1445563157,1773.1,0.093,BID
1445563163,1773.1,0.018,BID
1445563169,1773.1,0.0006,BID
1445563169,1773.11,0.0561,BID
1445563169,1773.11,0.5653,BID
1445563174,1773.11,0.0002,BID
1445563174,1773.11,0.6093,BID
1445563174,1773.12,0.3707,BID
1445563174,1773.12,2.6578,BID
1445563180,1773.12,0.037,BID
1445563184,1773.11,0.015,BID
1445563184,1773.11,0.026,BID
1445563185,1773.1,0.2818,ASK
1445563185,1773.09,0.0736,ASK
1445563185,1772.99,0.0837,ASK
1445563185,1772.98,0.0386,ASK
1445563185,1772.98,0.0107,ASK
1445563185,1772.97,0.2138,ASK
1445563185,1772.96,0.0152,ASK
1445563185,1773.11,0.2699,BID
1445563185,1773.12,0.041,BID
1445563186,1773.09,0.0141,BID
1445563188,1773.09,0.177,BID
1445563188,1773.09,0.018,BID
1445563190,1773.09,0.0727,BID
1445563193,1773.12,0.161,BID
1445563198,1773.11,0.04,BID
1445563198,1773.12,0.01,BID
1445563201,1773.12,0.085,BID
1445563204,1773.12,0.016,BID
1445563208,1773.12,0.196,BID
1445563212,1773.12,0.125,BID
1445563212,1773.12,0.123,BID
1445563215,1773.12,0.1694,BID
1445563218,1773.12,1.603,BID
1445563218,1773.12,0.041,BID
1445563227,1773.12,0.01,BID
1445563231,1773.12,0.177,BID
1445563231,1773.1,0.001,ASK
1445563234,1773.12,0.756,BID
1445563236,1773.12,1.18,BID
1445563237,1773.12,1.18,BID
1445563238,1773.12,0.758,BID
1445563241,1773.12,0.05,BID
1445563244,1773.12,0.016,BID
1445563248,1773.12,0.07,BID
1445563252,1773.12,1.4,BID
1445563258,1773.12,0.056,BID
1445563262,1773.12,0.02,BID
1445563266,1773.12,0.0021,BID
1445563266,1773.12,0.0079,BID
1445563269,1773.12,0.01,BID
1445563274,1773.12,0.374,BID
1445563280,1773.12,0.02,BID
1445563285,1773.12,0.012,BID
1445563292,1773.12,0.015,BID
1445563296,1773.12,0.571,BID
1445563299,1773.12,16.2421,BID
1445563302,1773.45,0.1,BID
1445563309,1773.44,0.0208,BID
1445563309,1773.77,0.037,BID
1445563309,1773.78,0.0422,BID
1445563313,1773.77,0.057,BID
1445563319,1773.77,0.145,BID
1445563323,1773.78,0.052,BID
1445563327,1773.78,0.0058,BID
1445563327,1774.1,0.0512,BID
1445563346,1773.22,0.001,ASK
1445563363,1773.25,0.06,ASK
1445563363,1773.25,0.2529,ASK
1445563363,1773.24,0.04,ASK
1445563363,1773.23,0.8,ASK
1445563363,1773.22,0.0374,ASK
1445563363,1773.22,0.0234,ASK
1445563363,1773.21,0.4073,ASK
1445563363,1773.2,0.0357,ASK
1445563364,1773.21,1.0,ASK
1445563364,1773.21,5.0,ASK
1445563364,1773.21,7.94,ASK
1445563365,1773.57,0.019,BID
1445563369,1773.2,0.0408,ASK
1445563369,1773.16,0.0101,ASK
1445563369,1773.15,0.202,ASK
1445563369,1773.13,0.0208,ASK
1445563369,1773.13,0.01,ASK
1445563369,1773.13,0.1326,ASK
1445563369,1773.12,3.4409,ASK
1445563369,1773.1,0.194,ASK
1445563369,1773.0,0.3797,ASK
1445563370,1773.56,0.001,BID
1445563370,1773.57,0.0044,BID
1445563370,1773.57,0.0396,BID
1445563373,1773.55,0.06,BID
1445563376,1773.56,0.039,BID
1445563380,1773.55,0.362,BID
1445563383,1773.24,0.06,ASK
1445563383,1773.23,0.0495,ASK
1445563383,1773.23,0.108,ASK
1445563383,1773.23,0.039,ASK
1445563383,1773.22,0.6836,ASK
1445563384,1773.55,0.0021,BID
1445563384,1774.08,0.0369,BID
1445563394,1773.54,0.01,BID
1445563397,1773.34,0.037,ASK
1445563397,1773.33,0.002,ASK
1445563397,1773.23,0.1171,ASK
1445563397,1773.23,0.0395,ASK
1445563397,1773.23,0.04,ASK
1445563397,1773.23,0.1029,BID
1445563398,1773.23,0.035,BID
1445563401,1773.23,0.1756,BID
1445563403,1773.53,0.2734,BID
1445563403,1773.54,0.1071,BID
1445563403,1774.08,0.0005,BID
1445563403,1774.09,0.0765,BID
1445563403,1774.36,0.04,BID
1445563403,1774.37,0.5025,BID
1445563404,1774.23,0.037,ASK
1445563405,1774.23,0.06,ASK
1445563406,1774.23,0.078,ASK
1445563415,1773.56,0.037,ASK
1445563415,1773.56,0.219,ASK
1445563415,1773.55,0.1071,ASK
1445563415,1773.35,0.0978,ASK
1445563415,1773.24,0.1539,ASK
1445563415,1773.23,2.6037,ASK
1445563415,1773.23,0.2773,ASK
1445563415,1773.23,0.1,ASK
1445563415,1773.22,5.2059,ASK
1445563422,1774.14,0.002,BID
1445563422,1774.2,0.0109,BID
1445563422,1774.21,0.219,BID
1445563422,1774.21,0.0117,BID
1445563422,1774.22,0.097,BID
1445563422,1774.22,0.138,BID
1445563422,1774.52,0.0149,BID
1445563422,1774.53,0.2975,BID
1445563422,1774.53,0.209,BID
1445563422,1773.58,1.0,BID
1445563422,1773.58,17.402,BID
1445563423,1774.53,0.039,BID
1445563433,1774.13,0.037,BID
1445563439,1773.6,0.001,ASK
1445563478,1774.09,0.113,BID
1445563479,1774.09,0.0003,BID
1445563479,1774.1,0.0367,BID
1445563482,1774.08,0.037,BID
1445563483,1774.1,0.0063,BID
1445563483,1774.11,0.0239,BID
1445563483,1774.12,0.0068,BID
1445563489,1774.12,0.055,BID
1445563495,1774.12,0.0007,BID
1445563495,1774.13,0.0163,BID
1445563500,1774.13,0.1114,BID
1445563500,1774.13,0.0286,BID
1445563502,1773.72,0.06,ASK
1445563502,1773.69,0.1133,ASK
1445563502,1773.68,0.002,ASK
1445563502,1773.68,0.0467,BID
1445563503,1773.68,0.037,BID
1445563506,1773.68,0.275,BID
1445563507,1773.68,0.5638,BID
1445563507,1773.65,0.48,ASK
1445563508,1773.68,0.0572,BID
1445563508,1774.12,0.0467,BID
1445563508,1774.13,0.0006,BID
1445563508,1774.4,0.1,BID
1445563508,1774.49,0.04,BID
1445563508,1774.5,0.6515,BID
1445563509,1773.73,0.1463,ASK
1445563509,1773.65,0.32,ASK
1445563509,1773.62,0.043,ASK
1445563509,1773.6,0.0229,ASK
1445563509,1773.6,0.0625,ASK
1445563509,1773.59,0.0319,ASK
1445563509,1773.58,0.1647,ASK
1445563509,1773.58,0.444,ASK
1445563509,1773.58,0.0292,ASK
1445563509,1773.54,0.8715,ASK
1445563511,1773.78,0.014,ASK
1445563512,1773.64,0.1262,BID
1445563513,1773.64,0.146,BID
1445563514,1773.64,0.0338,BID
1445563519,1774.11,0.033,BID
1445563524,1774.1,0.06,BID
1445563528,1774.09,0.037,BID
1445563528,1774.1,0.02,BID
1445563528,1774.11,0.027,BID
1445563528,1774.12,0.1463,BID
1445563528,1774.49,0.1262,BID
1445563528,1774.52,0.1511,BID
1445563528,1774.63,0.8,BID
1445563528,1774.63,2.6074,BID
1445563528,1774.63,9.3496,BID
1445563528,1774.7,5.873,BID
1445563528,1774.92,0.0388,BID
1445563528,1775.0,2.9,BID
1445563528,1775.0,10.0,BID
1445563528,1776.06,1.9126,BID
1445563528,1774.62,0.017,BID
1445563529,1774.61,11.732,BID
1445563530,1773.67,17.381,BID
1445563531,1773.68,6.0,BID
1445563531,1773.68,14.375,BID
1445563532,1774.61,0.033,BID
1445563544,1773.75,0.037,ASK
1445563544,1773.74,0.002,ASK
1445563548,1773.69,0.045,BID
1445563552,1773.69,2.8961,BID
1445563552,1774.02,0.0449,BID
1445563553,1774.02,0.005,BID
1445563555,1774.02,0.0501,BID
1445563555,1774.35,0.1,BID
1445563555,1774.53,0.002,BID
1445563555,1774.61,0.1927,BID
1445563555,1774.68,0.1,BID
1445563555,1774.69,0.037,ASK
1445563557,1774.69,2.4142,ASK
1445563557,1773.68,0.0126,ASK
1445563557,1773.67,0.1927,ASK
1445563557,1773.66,0.08,ASK
1445563557,1773.66,0.0163,ASK
1445563557,1773.65,0.146,ASK
1445563557,1773.65,0.1798,ASK
1445563557,1773.58,0.045,ASK
1445563557,1773.57,0.9,ASK
1445563557,1773.55,0.2282,ASK
1445563567,1774.71,0.002,BID
1445563567,1774.79,0.003,BID
1445563567,1775.14,0.002,BID
1445563567,1775.85,0.004,BID
1445563567,1776.01,0.0146,BID
1445563567,1776.01,0.783,BID
1445563567,1776.02,0.0124,BID
1445563567,1776.02,0.293,BID
1445563567,1776.03,0.2485,BID
1445563567,1776.05,2.022,BID
1445563647,1774.8,0.1533,BID
1445563647,1774.8,0.0755,BID
1445563651,1774.8,0.0792,ASK
1445563652,1774.8,0.65,ASK
1445563652,1774.81,0.2567,BID
1445563652,1774.81,0.2282,BID
1445563652,1774.82,3.0,ASK
1445563652,1774.82,4.0,ASK
1445563652,1774.82,12.242,ASK
1445563654,1774.81,0.3151,ASK
1445563654,1774.8,0.3349,ASK
1445563655,1774.83,17.0,ASK
1445563655,1774.83,2.284,ASK
1445563656,1774.82,0.037,ASK
1445563656,1774.81,0.0419,ASK
1445563656,1774.81,0.0236,ASK
1445563656,1774.81,0.0159,ASK
1445563656,1774.8,8.7071,ASK
1445563656,1774.47,0.1,ASK
1445563656,1774.14,0.1,ASK
1445563656,1773.83,0.0792,ASK
1445563656,1773.8,0.1,ASK
1445563657,1773.77,0.06,BID
1445563660,1773.77,0.041,BID
1445563663,1773.77,0.035,BID
1445563664,1773.77,0.5638,BID
1445563665,1773.77,0.5638,BID
1445563667,1773.77,0.5638,BID
1445563667,1773.77,0.077,BID
1445563671,1773.77,0.096,BID
1445563675,1773.77,0.653,BID
1445563676,1773.77,0.0396,BID
1445563678,1773.75,0.01,ASK
1445563683,1773.77,0.03,BID
1445563686,1773.77,0.04,BID
1445563690,1773.77,0.072,BID
1445563693,1773.77,0.01,BID
1445563700,1773.77,0.04,BID
1445563703,1773.77,0.01,BID
1445563708,1773.77,0.438,BID
1445563712,1773.77,0.185,BID
1445563714,1773.77,0.0006,BID
1445563714,1774.1,0.0894,BID
1445563717,1774.05,0.06,BID
1445563717,1774.1,0.0106,BID
1445563717,1774.43,0.1,BID
1445563717,1774.76,0.0144,BID
1445563732,1773.84,0.055,ASK
1445563749,1774.74,0.05,BID
1445563750,1773.84,15.0,BID
1445563750,1773.84,4.0,BID
1445563750,1773.84,1.618,BID
1445563757,1774.0,0.001,BID
1445563757,1774.75,0.159,BID
1445563758,1774.74,1.0,BID
1445563758,1774.74,11.243,BID
1445563769,1773.84,0.06,ASK
1445563770,1773.84,0.0023,BID
1445563773,1773.84,3.564,BID
1445563776,1773.84,0.0004,BID
1445563776,1773.84,0.0096,BID
1445563780,1773.84,1.134,BID
1445563784,1773.84,0.01,BID
1445563787,1773.84,0.01,BID
1445563791,1773.84,1.784,BID
1445563794,1774.73,0.06,BID
1445563794,1774.74,0.0023,BID
1445563794,1774.75,0.0013,BID
1445563794,1774.8,0.1504,BID
1445563795,1773.84,17.0,BID
1445563795,1773.84,3.337,BID
1445563804,1774.0,0.112,BID
1445563809,1774.0,0.0008,BID
1445563809,1774.33,0.0222,BID
1445563812,1773.83,0.002,ASK
1445563812,1773.8,0.045,ASK
1445563812,1773.79,0.9,ASK
1445563812,1773.78,0.3375,ASK
1445563812,1773.78,1.3765,ASK
1445563812,1773.77,0.674,ASK
1445563812,1773.77,5.8779,ASK
1445563812,1773.77,0.45,ASK
1445563812,1773.76,0.1603,ASK
1445563812,1773.75,0.0655,ASK
1445563812,1773.74,0.1533,ASK
1445563812,1773.7,0.2567,ASK
1445563812,1773.69,0.002,ASK
1445563812,1773.54,3.4881,ASK
1445563813,1774.33,0.0778,BID
1445563813,1774.66,0.0222,BID
1445563814,1774.65,9.376,BID
1445563824,1774.65,0.01,BID
1445563827,1774.65,0.037,BID
1445563831,1774.65,0.0601,BID
1445563831,1774.65,0.1059,BID
1445563844,1774.57,0.004,BID
1445563844,1774.65,0.0018,BID
1445563844,1774.66,0.0732,BID
1445563847,1774.66,0.0046,BID
1445563847,1774.99,0.0074,BID
1445563853,1773.92,0.0307,ASK
1445563853,1773.91,0.002,ASK
1445563853,1773.83,0.06,ASK
1445563853,1773.83,2.2234,ASK
1445563873,1773.92,0.01,ASK
1445563892,1774.0,0.002,ASK
1445563892,1773.92,0.008,ASK
1445563911,1774.75,0.004,BID
1445563911,1774.81,0.033,BID
1445563914,1774.81,0.0024,BID
1445563914,1774.83,0.0596,BID
1445563916,1774.02,7.0,BID
1445563916,1774.02,3.498,BID
1445563917,1774.82,0.025,BID
1445563922,1774.83,0.012,BID
1445563922,1774.83,0.013,BID
1445563926,1774.83,0.01,BID
1445563932,1774.83,0.02,BID
1445563937,1774.82,0.012,BID
1445563941,1774.82,0.0122,BID
1445563941,1774.83,0.0118,BID
1445563943,1774.82,10.0,BID
1445563943,1774.82,1.994,BID
1445563946,1774.83,0.015,BID
1445563949,1774.83,0.0332,BID
1445563950,1774.84,0.0255,BID
1445563950,1774.95,0.0075,BID
1445563955,1774.95,0.096,BID
1445563956,1774.84,7.0,BID
1445563956,1774.84,0.944,BID
1445563958,1774.95,0.0001,BID
1445563958,1774.96,0.0099,BID
1445563963,1774.96,0.0458,BID
1445563963,1774.97,0.0057,BID
1445563963,1774.98,0.0035,BID
1445563968,1774.98,0.01,BID
1445563972,1774.98,0.0172,BID
1445563972,1775.16,0.0098,BID
1445563976,1775.16,0.017,BID
1445563979,1775.2,0.01,BID
1445563985,1774.88,0.001,ASK
1445564007,1775.02,0.01,ASK
1445564013,1775.02,0.0484,ASK
1445564013,1775.01,0.0666,ASK
1445564013,1775.01,0.0751,ASK
1445564013,1775.01,0.0553,ASK
1445564013,1775.0,2.0456,ASK
1445564026,1775.0,2.9544,ASK
1445564026,1775.0,0.001,ASK
1445564030,1774.99,0.65,BID
1445564030,1775.0,0.001,ASK
1445564040,1775.15,0.0584,BID
1445564040,1775.15,0.04,BID
1445564040,1775.16,0.8,BID
1445564040,1775.16,0.03,BID
1445564040,1775.17,0.5992,BID
1445564040,1775.19,0.0683,BID
1445564041,1775.19,0.157,ASK
1445564041,1775.19,0.04,ASK
1445564048,1775.19,3.9788,ASK
1445564049,1775.19,0.65,ASK
1445564050,1775.19,0.65,ASK
1445564051,1775.19,0.65,ASK
1445564052,1775.19,0.65,ASK
1445564053,1775.19,0.65,ASK
1445564054,1775.19,3.8816,ASK
1445564054,1775.19,0.65,ASK
1445564055,1775.19,0.65,ASK
1445564056,1775.19,0.65,ASK
1445564057,1775.19,0.65,ASK
1445564058,1775.19,0.65,ASK
1445564059,1775.19,0.65,ASK
1445564060,1775.19,0.65,ASK
1445564061,1775.19,0.65,ASK
1445564062,1775.19,0.65,ASK
1445564063,1775.19,0.65,ASK
1445564065,1775.19,0.65,ASK
1445564066,1775.19,0.65,ASK
1445564066,1775.19,1.18,ASK
1445564067,1775.19,0.65,ASK
1445564068,1775.19,0.65,ASK
1445564069,1775.19,0.65,ASK
1445564071,1775.19,0.65,ASK
1445564072,1775.19,0.65,ASK
1445564073,1775.19,0.65,ASK
1445564075,1775.19,0.65,ASK
1445564076,1775.19,0.65,ASK
1445564077,1775.19,0.65,ASK
1445564079,1775.19,0.2667,ASK
1445564079,1775.16,0.0984,ASK
1445564079,1775.01,0.197,ASK
1445564079,1775.0,0.8846,ASK
1445564087,1775.17,0.0517,BID
1445564087,1775.18,0.3833,BID
1445564087,1775.18,0.1403,BID
1445564088,1775.18,0.5097,BID
1445564088,1775.19,0.0536,BID
1445564104,1775.18,0.002,BID
1445564106,1775.05,12.0,BID
1445564106,1775.05,5.789,BID
1445564124,1775.18,0.032,BID
1445564124,1775.18,0.0569,BID
1445564124,1775.19,0.0683,BID
1445564124,1775.2,1.3665,BID
1445564124,1775.2,0.6762,BID
1445564131,1775.2,0.01,ASK
1445564133,1775.2,1.0,ASK
1445564134,1775.2,0.65,ASK
1445564135,1775.2,0.65,ASK
1445564135,1775.2,1.18,ASK
1445564136,1775.2,0.65,ASK
1445564137,1775.2,0.65,ASK
1445564138,1775.2,0.65,ASK
1445564139,1775.2,0.65,ASK
1445564140,1775.2,0.1598,ASK
1445564140,1775.19,0.0889,ASK
1445564155,1775.04,0.01,ASK
1445564160,1775.19,0.4013,BID
1445564160,1775.19,0.65,BID
1445564160,1775.2,1.0,BID
1445564160,1775.21,11.9475,BID
1445564165,1775.21,1.91,BID
1445564167,1775.21,0.0006,BID
1445564169,1775.54,0.1,BID
1445564192,1775.87,0.1197,ASK
1445564192,1775.33,0.06,ASK
1445564192,1775.3,0.002,ASK
1445564192,1775.23,0.8,ASK
1445564192,1775.22,0.5627,ASK
1445564192,1775.21,0.0282,ASK
1445564192,1775.2,0.5633,ASK
1445564192,1775.04,0.0469,ASK
1445564192,1775.03,0.034,ASK
1445564192,1775.03,0.1087,ASK
1445564192,1775.03,0.024,ASK
1445564192,1775.02,0.2305,ASK
1445564194,1775.97,0.161,BID
1445564195,1775.96,0.0282,BID
1445564195,1775.96,0.0168,BID
1445564195,1775.97,0.5181,BID
1445564218,1775.03,0.0168,ASK
1445564218,1775.03,0.0282,ASK
1445564218,1775.03,0.0361,ASK
1445564218,1775.02,1.401,ASK
1445564219,1775.06,6.0,ASK
1445564219,1775.06,3.0,ASK
1445564219,1775.06,9.07,ASK
1445564224,1775.05,0.0409,ASK
1445564224,1775.05,0.045,ASK
1445564224,1775.04,0.9,ASK
1445564224,1775.03,0.0279,ASK
1445564224,1775.03,0.0207,ASK
1445564225,1775.03,0.037,BID
1445564225,1775.03,0.0207,BID
1445564228,1775.03,0.014,BID
1445564232,1775.03,0.017,BID
1445564237,1775.03,0.192,BID
1445564237,1775.03,0.168,BID
1445564238,1775.03,0.5634,BID
1445564240,1775.03,0.5634,BID
1445564241,1775.03,0.71,BID
1445564241,1775.03,0.5634,BID
1445564243,1775.03,0.5634,BID
1445564243,1775.0,1.999,ASK
1445564244,1775.03,0.01,BID
1445564249,1775.03,0.5634,BID
1445564249,1775.03,2.58,BID
1445564250,1775.03,0.5634,BID
1445564251,1775.03,0.5634,BID
1445564252,1775.03,0.5634,BID
1445564253,1775.03,0.5634,BID
1445564254,1775.03,0.5634,BID
1445564255,1775.03,0.5634,BID
1445564256,1775.03,0.5634,BID
1445564257,1775.03,0.5634,BID
1445564258,1775.03,0.5634,BID
1445564259,1775.03,0.357,BID
1445564260,1775.03,0.5634,BID
1445564260,1775.03,0.5634,BID
1445564262,1775.03,1.18,BID
1445564262,1775.03,0.5634,BID
1445564262,1775.03,0.04,BID
1445564263,1775.03,1.18,BID
1445564263,1775.03,0.5634,BID
1445564264,1775.03,0.5634,BID
1445564266,1775.03,0.5634,BID
1445564267,1775.03,0.5634,BID
1445564267,1775.03,0.744,BID
1445564268,1775.03,0.5634,BID
1445564270,1775.03,3.084,BID
1445564270,1775.03,0.5634,BID
1445564271,1775.03,0.5634,BID
1445564272,1775.03,0.5634,BID
1445564273,1775.03,0.3383,BID
1445564274,1775.31,0.06,BID
1445564274,1775.36,0.015,BID
1445564275,1775.35,21.386,BID
1445564306,1775.35,0.0622,BID
1445564307,1775.36,0.037,ASK
1445564308,1775.75,0.001,BID
1445564324,1775.76,0.8,BID
1445564327,1775.84,0.002,BID
1445564327,1775.93,0.04,BID
1445564331,1775.93,0.0009,BID
1445564331,1775.96,0.0091,BID
1445564337,1775.96,0.0358,BID
1445564337,1775.97,0.0642,BID
1445564338,1775.97,0.035,BID
1445564341,1775.97,0.035,BID
1445564345,1775.97,0.305,BID
1445564349,1775.97,0.443,BID
1445564352,1775.97,0.0158,BID
1445564352,1775.98,0.443,BID
1445564353,1775.78,0.037,ASK
1445564353,1775.77,0.1384,ASK
1445564353,1775.77,0.0186,ASK
1445564353,1775.77,0.04,ASK
1445564353,1775.76,2.346,ASK
1445564354,1775.97,0.0186,BID
1445564354,1775.97,0.0014,BID
1445564355,1775.85,0.002,ASK
1445564355,1775.77,0.195,ASK
1445564356,1775.78,0.0186,ASK
1445564356,1775.77,0.605,ASK
1445564356,1775.76,1.3764,ASK
1445564356,1775.76,0.65,ASK
1445564358,1775.96,0.017,BID
1445564360,1775.78,0.02,ASK
1445564360,1775.77,0.9,ASK
1445564360,1775.76,1.08,ASK
1445564361,1775.96,0.02,BID
1445564362,1775.97,0.0386,BID
1445564362,1775.97,0.1384,BID
1445564362,1775.98,2.8031,BID
1445564362,1775.76,0.65,ASK
1445564364,1775.98,0.177,BID
1445564365,1775.98,0.042,BID
1445564365,1775.98,0.5631,BID
1445564366,1775.98,0.5631,BID
1445564367,1775.97,0.0486,BID
1445564367,1775.98,0.4087,BID
1445564442,1776.13,0.06,ASK
1445564442,1776.1,0.3666,ASK
1445564442,1776.09,0.3366,ASK
1445564442,1776.08,0.06,ASK
1445564442,1776.07,0.002,ASK
1445564442,1775.99,0.1058,ASK
1445564442,1775.99,0.5631,ASK
1445564442,1775.98,0.037,BID
1445564445,1775.98,0.05,BID
1445564448,1775.98,0.381,BID
1445564449,1775.98,0.5631,BID
1445564450,1775.98,0.5631,BID
1445564451,1775.98,0.5631,BID
1445564452,1775.98,0.5631,BID
1445564454,1775.98,0.01,BID
1445564455,1775.98,0.5631,BID
1445564456,1775.98,0.5631,BID
1445564457,1775.98,0.1,BID
1445564457,1775.98,0.5631,BID
1445564459,1775.98,0.5631,BID
1445564460,1775.97,0.01,BID
1445564463,1775.96,0.0459,BID
1445564463,1775.97,0.1121,BID
1445564464,1775.97,0.0364,BID
1445564464,1775.98,0.1121,BID
1445564466,1775.98,0.045,BID
1445564470,1775.98,0.87,BID
1445564475,1775.98,2.106,BID
1445564478,1775.98,0.0009,BID
1445564478,1775.99,0.1,BID
1445564478,1776.0,2.0,BID
1445564478,1776.15,0.001,BID
1445564478,1776.16,0.0041,BID
1445564482,1776.16,0.0559,BID
1445564482,1776.3,0.0441,BID
1445564487,1775.99,0.037,BID
1445564492,1775.98,0.8,BID
1445564492,1775.99,4.2,BID
1445564498,1775.98,0.372,BID
1445564501,1775.98,0.0003,BID
1445564501,1775.98,0.9,BID
1445564501,1775.99,4.0997,BID
1445564504,1775.99,5.0,BID
1445564508,1775.99,0.9,BID
1445564508,1775.99,3.7633,BID
1445564508,1776.14,0.1913,BID
1445564508,1776.32,0.1,BID
1445564508,1776.46,0.004,BID
1445564508,1776.5,0.002,BID
1445564508,1776.53,0.06,BID
1445564508,1776.65,0.0978,BID
1445564508,1776.65,0.0586,BID
1445564508,1776.65,0.1,BID
1445564508,1776.66,0.286,BID
1445564510,1776.65,5.0,BID
1445564510,1776.65,1.879,BID
1445564510,1776.65,0.037,BID
1445564510,1776.66,0.063,BID
1445564543,1776.11,0.037,ASK
1445564543,1776.1,0.023,ASK
1445564549,1776.08,0.1013,ASK
1445564549,1776.07,0.002,ASK
1445564552,1776.07,0.06,BID
1445564558,1776.07,0.01,BID
1445564558,1776.06,0.04,ASK
1445564558,1776.05,0.3397,ASK
1445564559,1776.05,0.4603,ASK
1445564561,1776.04,0.023,BID
1445564563,1776.04,0.1667,BID
1445564564,1776.06,0.146,BID
1445564564,1776.06,0.1667,BID
1445564565,1776.07,0.3397,BID
1445564566,1776.07,0.6174,BID
1445564568,1776.07,11.1454,BID
1445564569,1776.29,0.07,BID
1445564569,1776.39,0.1,BID
1445564569,1776.63,0.9,BID
1445564569,1776.64,0.1013,BID
1445564569,1776.66,1.7397,BID
1445564570,1776.57,0.002,BID
1445564570,1776.66,5.8802,BID
1445564572,1776.65,0.01,BID
1445564573,1776.65,0.01,BID
1445564574,1776.65,0.4673,BID
1445564574,1776.65,0.037,BID
1445564574,1776.66,8.5677,BID
1445564575,1776.66,0.01,BID
1445564576,1776.65,0.063,BID
