timestamp,price,amount,side
1443222263,1521.15,0.0203,ASK
1443222263,1521.15,0.0113,ASK
1443222263,1521.14,0.0682,ASK
1443222269,1521.15,0.0012,BID
1443222284,1521.14,0.0017,ASK
1443222285,1521.47,0.0194,BID
1443222285,1521.48,0.3872,BID
1443222285,1521.14,0.01,ASK
1443222291,1521.15,0.0195,ASK
1443222291,1521.14,0.0803,ASK
1443222310,1521.14,0.0037,BID
1443222320,1521.13,0.001,ASK
1443222321,1521.51,0.1,BID
1443222321,1521.51,0.0998,BID
1443222328,1521.13,0.001,ASK
1443222328,1521.14,0.0998,BID
1443222345,1521.6,0.5,ASK
1443222347,1521.6,0.001,ASK
1443222347,1521.6,0.01,ASK
1443222348,1521.6,0.01,ASK
1443222352,1521.61,0.01,ASK
1443222360,1521.61,0.09,ASK
1443222360,1521.6,0.0098,ASK
1443222364,1521.6,0.0245,ASK
1443222364,1521.6,0.071,ASK
1443222364,1521.6,0.01,ASK
1443222364,1521.6,0.0714,ASK
1443222367,1521.6,0.001,ASK
1443222380,1521.6,0.317,ASK
1443222382,1521.6,0.5,ASK
1443222384,1521.6,0.001,ASK
1443222385,1521.6,0.5,ASK
1443222391,1521.6,0.5,ASK
1443222391,1521.6,0.5,ASK
1443222392,1521.6,0.0998,ASK
1443222399,1521.6,0.157,ASK
1443222399,1521.6,0.01,ASK
1443222400,1521.85,4.0,ASK
1443222400,1521.85,1.328,ASK
1443222401,1521.6,0.05,ASK
1443222403,1521.6,0.0013,ASK
1443222419,1521.14,0.001,ASK
1443222421,1521.14,0.02,BID
1443222421,1521.15,0.08,BID
1443222421,1521.15,0.0198,BID
1443222438,1521.16,0.0037,ASK
1443222446,1521.16,0.0961,ASK
1443222475,1521.1,0.0657,ASK
1443222476,1521.16,0.001,BID
1443222476,1521.1,0.2082,ASK
1443222477,1521.1,0.0998,ASK
1443222496,1521.1,0.015,ASK
1443222497,1521.16,0.0013,BID
1443222501,1521.16,0.0014,BID
1443222501,1521.67,0.0086,ASK
1443222501,1521.1,0.0912,ASK
1443222517,1521.67,0.0063,ASK
1443222534,1521.52,0.01,BID
1443222539,1521.51,0.01,ASK
1443222540,1521.51,0.001,ASK
1443222556,1521.51,0.0015,ASK
1443222562,1521.51,0.0998,ASK
1443222581,1521.51,0.0046,ASK
1443222587,1521.51,0.0831,ASK
1443222587,1521.51,0.001,ASK
1443222620,1521.11,0.0998,BID
1443222621,1521.46,0.0157,BID
1443222621,1521.51,0.0378,BID
1443222627,1521.1,0.0027,ASK
1443222648,1521.1,0.0998,ASK
1443222671,1521.45,0.0998,BID
1443222674,1521.51,0.0998,ASK
1443222679,1521.51,0.0002,ASK
1443222679,1521.5,0.0008,ASK
1443222689,1521.5,0.2,ASK
1443222704,1521.5,0.001,ASK
1443222709,1521.5,0.0998,ASK
1443222724,1521.5,0.0026,ASK
1443222739,1521.5,0.0998,ASK
1443222743,1521.5,0.001,ASK
1443222761,1521.5,0.003,ASK
1443222764,1521.5,0.0998,ASK
1443222781,1521.5,0.001,ASK
1443222790,1521.5,0.0998,ASK
1443222802,1521.5,0.0015,ASK
1443222817,1521.5,0.0065,ASK
1443222824,1521.5,0.0998,ASK
1443222835,1521.5,0.0155,ASK
1443222854,1521.5,0.0998,ASK
1443222855,1521.5,0.0021,ASK
1443222874,1521.5,0.001,ASK
1443222878,1521.5,0.0654,ASK
1443222878,1521.5,0.1317,ASK
1443222894,1521.35,0.0288,ASK
1443222897,1521.48,3.0,ASK
1443222897,1521.48,4.007,ASK
1443222911,1521.34,0.09,ASK
1443222915,1521.33,0.001,ASK
1443222916,1521.34,0.001,BID
1443222921,1521.33,0.09,ASK
1443222932,1521.33,0.009,ASK
1443222932,1521.32,0.001,BID
1443222937,1521.12,0.0998,BID
1443222937,1521.32,0.0348,BID
1443222942,1521.33,0.0004,ASK
1443222942,1521.33,0.135,ASK
1443222944,1521.33,0.01,BID
1443222949,1521.13,0.09,ASK
1443222950,1521.13,0.0011,ASK
1443222955,1521.13,0.0087,ASK
1443222955,1521.11,0.0013,ASK
1443222980,1521.13,0.0026,BID
1443222984,1521.13,0.01,BID
1443222987,1521.1,0.0998,ASK
1443222988,1521.1,0.0998,ASK
1443222994,1521.13,0.0872,BID
1443222994,1521.13,0.0497,BID
1443223005,1521.14,0.001,ASK
1443223012,1521.14,0.0998,ASK
1443223013,1521.14,0.001,ASK
1443223016,1521.33,7.0,ASK
1443223016,1521.33,3.775,ASK
1443223034,1521.14,0.0012,ASK
1443223037,1521.33,0.0155,ASK
1443223037,1521.14,0.0339,ASK
1443223041,1521.11,0.01,BID
1443223056,1521.1,0.0657,ASK
1443223057,1521.1,0.1359,ASK
1443223063,1521.1,0.01,ASK
1443223068,1521.11,0.038,BID
1443223069,1521.1,0.0355,ASK
1443223069,1521.1,0.0643,ASK
1443223069,1521.11,0.0024,BID
1443223084,1521.12,0.001,ASK
1443223099,1521.12,0.037,ASK
1443223109,1521.11,0.001,BID
1443223128,1521.1,0.0998,ASK
1443223136,1521.1,0.0011,ASK
1443223154,1521.1,0.0998,ASK
1443223158,1521.11,0.0618,BID
1443223158,1521.11,0.0034,BID
1443223165,1521.12,0.0077,ASK
1443223184,1521.12,0.0575,ASK
1443223185,1521.11,0.0348,ASK
1443223190,1521.11,0.0099,BID
1443223190,1521.11,0.1,BID
1443223190,1521.11,0.001,BID
1443223190,1521.12,0.0061,BID
1443223190,1521.12,0.001,BID
1443223191,1521.12,0.0352,BID
1443223193,1521.13,12.366,BID
1443223206,1521.13,0.0021,ASK
1443223210,1521.33,0.0015,ASK
1443223210,1521.13,0.0979,ASK
1443223212,1521.12,0.0747,ASK
1443223226,1521.11,0.001,BID
1443223226,1521.12,0.0005,BID
1443223226,1521.12,0.0175,BID
1443223226,1521.13,0.0004,BID
1443223226,1521.13,0.1,BID
1443223239,1521.15,0.0998,ASK
1443223245,1521.15,0.0002,ASK
1443223246,1521.14,0.001,BID
1443223251,1521.14,0.0088,BID
1443223251,1521.15,0.0092,BID
1443223254,1521.15,0.0908,BID
1443223263,1521.17,0.001,ASK
1443223264,1521.34,0.0088,BID
1443223264,1521.49,0.0759,BID
1443223264,1521.49,0.001,BID
1443223264,1521.5,0.0233,BID
1443223266,1521.17,0.099,ASK
1443223269,1521.16,0.0008,BID
1443223269,1521.16,0.0172,BID
1443223271,1521.16,0.0575,BID
1443223271,1521.17,0.1,BID
1443223276,1521.48,0.018,BID
1443223292,1521.17,0.0013,ASK
1443223295,1521.17,0.0742,ASK
1443223295,1521.16,0.0065,ASK
1443223314,1521.16,0.0046,BID
1443223315,1521.12,0.1,ASK
1443223315,1521.11,0.0592,ASK
1443223315,1521.11,0.0167,ASK
1443223315,1521.16,0.0145,BID
1443223316,1521.2,0.0046,ASK
1443223316,1521.1,0.7373,ASK
1443223317,1521.1,2.5353,ASK
1443223318,1521.1,0.1962,BID
1443223318,1521.11,0.0755,BID
1443223320,1521.23,0.1,ASK
1443223322,1521.12,0.0755,ASK
1443223325,1521.12,0.0243,BID
1443223331,1521.23,0.0015,BID
1443223331,1521.48,0.0015,BID
1443223348,1521.36,0.0013,ASK
1443223348,1521.48,0.001,ASK
1443223352,1521.36,0.0087,ASK
1443223352,1521.13,0.0243,ASK
1443223357,1521.11,0.0668,BID
1443223378,1521.1,0.0013,ASK
1443223378,1521.07,0.08,ASK
1443223380,1521.06,0.011,BID
1443223381,1521.06,0.0075,BID
1443223381,1521.07,15.0,BID
1443223381,1521.07,5.929,BID
1443223392,1521.49,0.0748,BID
1443223392,1521.5,0.3842,BID
1443223394,1521.05,7.0,BID
1443223394,1521.05,0.782,BID
1443223404,1521.04,0.0998,ASK
1443223406,1521.48,0.0083,BID
1443223406,1521.49,0.0556,BID
1443223406,1521.5,0.3221,BID
1443223406,1521.5,0.386,BID
1443223406,1521.5,0.3036,BID
1443223406,1521.5,0.0824,BID
1443223410,1521.5,0.01,BID
1443223418,1521.49,0.011,ASK
1443223422,1521.07,0.1041,BID
1443223423,1521.07,0.8959,BID
1443223427,1521.31,0.01,BID
1443223428,1521.49,20.901,BID
1443223436,1521.17,0.05,BID
1443223437,1521.16,0.0941,BID
1443223437,1521.17,0.0057,BID
1443223437,1521.17,0.0142,BID
1443223438,1521.17,0.0299,BID
1443223448,1521.23,0.0013,ASK
1443223461,1521.17,0.001,ASK
1443223461,1521.14,0.0988,ASK
1443223473,1521.17,0.001,ASK
1443223489,1521.2,0.0065,ASK
1443223489,1521.2,0.0998,ASK
1443223507,1521.2,0.01,ASK
1443223508,1521.2,0.0046,ASK
1443223509,1521.49,19.281,ASK
1443223516,1521.21,0.0334,ASK
1443223518,1521.2,0.0664,BID
1443223524,1521.23,0.001,ASK
1443223538,1521.23,0.04,ASK
1443223545,1521.23,0.0998,ASK
1443223546,1521.23,0.0014,ASK
1443223561,1521.26,0.001,ASK
1443223568,1521.26,0.04,ASK
1443223569,1521.26,0.1996,ASK
1443223571,1521.26,0.0998,ASK
1443223592,1521.39,0.0097,ASK
1443223598,1521.39,0.0003,ASK
1443223605,1521.26,0.0013,ASK
1443223617,1521.27,0.0995,BID
1443223623,1521.28,0.0995,ASK
1443223624,1521.26,0.0003,BID
1443223651,1521.27,0.01,ASK
1443223651,1521.27,0.0941,ASK
1443223651,1521.26,0.0057,ASK
1443223678,1521.4,0.0017,ASK
1443223679,1521.4,0.0998,ASK
1443223680,1521.4,0.0145,ASK
1443223685,1521.38,0.1041,ASK
1443223697,1521.38,0.0842,ASK
1443223700,1521.38,0.0117,ASK
1443223700,1521.08,0.1,ASK
1443223700,1521.08,0.0202,ASK
1443223700,1521.07,0.214,ASK
1443223700,1521.07,0.191,ASK
1443223700,1521.03,0.016,ASK
1443223700,1521.02,0.19,ASK
1443223700,1521.02,0.13,ASK
1443223700,1521.01,0.0608,ASK
1443223700,1521.0,1.9363,ASK
1443223704,1521.37,0.01,BID
1443223719,1521.36,0.004,BID
1443223730,1521.01,0.0998,ASK
1443223734,1521.35,0.0017,BID
1443223741,1521.34,0.096,BID
1443223741,1521.36,0.0981,BID
1443223741,1521.37,0.0898,BID
1443223741,1521.37,0.0565,BID
1443223741,1521.38,0.6001,BID
1443223746,1521.37,0.01,BID
1443223758,1521.36,0.0842,ASK
1443223759,1521.33,0.0156,BID
1443223759,1521.37,0.0092,BID
1443223759,1521.37,0.0123,BID
1443223759,1521.38,0.4129,BID
1443223763,1521.38,0.01,BID
1443223785,1521.14,0.01,BID
1443223786,1521.14,0.01,BID
1443223787,1521.14,0.01,BID
1443223787,1521.14,0.01,BID
1443223788,1521.14,0.01,BID
1443223789,1521.14,0.011,BID
1443223789,1521.14,0.0388,BID
1443223814,1521.24,0.049,ASK
1443223818,1521.19,0.0508,BID
1443223841,1521.16,0.0998,ASK
1443223865,1521.15,0.0598,ASK
1443223865,1521.14,0.012,ASK
1443223867,1521.14,0.01,BID
1443223869,1521.14,0.018,BID
1443223869,1521.14,0.047,BID
1443223870,1521.14,0.0128,BID
1443223881,1521.37,0.01,BID
1443223887,1521.37,0.0898,BID
1443223887,1521.38,0.0061,BID
1443223887,1521.39,0.085,BID
1443223887,1521.5,0.0074,BID
1443223887,1521.51,0.1,BID
1443223887,1521.51,0.0658,BID
1443223887,1521.52,0.0898,BID
1443223887,1521.56,0.0192,BID
1443223887,1521.57,0.137,BID
1443223890,1521.38,0.0898,ASK
1443223890,1521.17,0.01,ASK
1443223893,1521.4,0.01,ASK
1443223899,1521.41,0.1041,ASK
1443223899,1521.4,0.015,ASK
1443223926,1521.15,0.065,ASK
1443223930,1521.14,0.0348,BID
1443223930,1521.14,0.0002,BID
1443223930,1521.14,0.021,BID
1443223932,1521.14,0.0438,BID
1443223935,1521.37,0.01,BID
1443223948,1521.37,0.01,BID
1443223949,1521.37,0.01,BID
1443223950,1521.37,0.01,BID
1443223951,1521.37,0.01,BID
1443223953,1521.37,0.01,BID
1443223956,1521.17,0.014,ASK
1443223956,1521.16,0.0858,ASK
1443223982,1521.16,0.0142,ASK
1443223982,1521.15,0.0856,ASK
1443224007,1521.15,0.0142,ASK
1443224007,1521.15,0.0856,ASK
1443224008,1521.15,0.0024,ASK
1443224008,1521.15,0.0192,ASK
1443224008,1521.14,0.0998,ASK
1443224034,1521.14,0.0998,ASK
1443224035,1521.14,0.081,ASK
1443224036,1521.36,0.01,BID
1443224049,1521.15,0.0378,ASK
1443224049,1521.14,2.5422,ASK
1443224050,1521.15,2.0,ASK
1443224050,1521.15,1.0,ASK
1443224050,1521.15,17.112,ASK
1443224050,1521.14,0.235,ASK
1443224050,1521.1,0.945,ASK
1443224052,1521.1,2.732,ASK
1443224052,1521.0,1.18,ASK
1443224055,1521.0,0.896,ASK
1443224055,1521.0,1.18,ASK
1443224055,1521.0,0.4,ASK
1443224055,1521.0,0.6,ASK
1443224056,1521.0,0.6,ASK
1443224056,1521.0,0.5,ASK
1443224057,1521.0,5.4047,ASK
1443224057,1521.0,0.1,ASK
1443224057,1521.0,0.373,ASK
1443224057,1521.07,0.01,BID
1443224058,1521.0,0.6,ASK
1443224060,1521.0,0.1,ASK
1443224060,1521.0,0.5,ASK
1443224060,1521.0,0.595,ASK
1443224061,1521.0,2.0,ASK
1443224062,1521.0,0.1,ASK
1443224063,1521.0,0.5,ASK
1443224064,1521.07,0.01,BID
1443224065,1521.0,0.023,ASK
1443224066,1521.01,0.01,ASK
1443224066,1521.0,0.49,ASK
1443224068,1521.0,0.5,ASK
1443224069,1521.0,0.5,ASK
1443224070,1521.0,0.4,ASK
1443224070,1521.0,0.4,ASK
1443224071,1521.0,0.4,ASK
1443224073,1521.0,0.5,ASK
1443224073,1521.0,0.056,ASK
1443224076,1521.0,0.012,ASK
1443224076,1521.0,4.0,ASK
1443224076,1521.0,0.5,ASK
1443224078,1521.0,0.5,ASK
1443224079,1521.0,0.4,ASK
1443224082,1521.0,0.5,ASK
1443224084,1521.05,0.0448,ASK
1443224084,1521.0,0.0952,ASK
1443224084,1521.0,10.0,ASK
1443224085,1521.0,0.1884,ASK
1443224085,1521.0,0.002,ASK
1443224102,1520.99,0.01,BID
1443224102,1521.0,0.0188,BID
1443224114,1520.69,0.002,ASK
1443224115,1520.14,0.0978,BID
1443224119,1520.99,0.0014,BID
1443224120,1520.87,0.0978,ASK
1443224140,1520.65,0.0015,BID
1443224143,1520.13,0.0998,ASK
1443224156,1520.65,0.001,BID
1443224170,1520.13,0.0302,ASK
1443224170,1520.09,0.004,ASK
1443224170,1520.06,0.01,BID
1443224172,1520.06,0.011,BID
1443224172,1520.06,0.01,BID
1443224172,1520.06,0.001,BID
1443224173,1520.06,0.0336,BID
1443224195,1520.65,0.0065,BID
1443224205,1520.15,0.022,ASK
1443224205,1520.07,0.0556,ASK
1443224207,1520.07,0.0222,BID
1443224212,1520.61,0.01,ASK
1443224212,1520.65,0.0046,BID
1443224230,1520.65,0.0122,BID
1443224232,1520.09,0.001,BID
1443224233,1520.09,0.0988,BID
1443224233,1520.65,0.001,BID
1443224233,1520.65,0.0592,BID
1443224240,1520.1,0.01,ASK
1443224248,1520.65,0.0062,BID
1443224259,1520.65,0.0078,ASK
1443224259,1520.11,0.0114,ASK
1443224259,1520.1,0.0806,ASK
1443224287,1520.1,0.0092,ASK
1443224287,1520.1,0.0906,ASK
1443224312,1520.1,0.0998,ASK
1443224316,1520.95,0.0037,BID
1443224336,1520.96,0.001,BID
1443224338,1520.1,0.0998,ASK
1443224341,1520.1,0.2,ASK
1443224355,1520.95,0.0012,BID
1443224363,1520.1,0.0998,ASK
1443224366,1520.1,0.06,ASK
1443224369,1520.96,0.0451,BID
1443224369,1520.96,0.021,BID
1443224369,1520.97,0.3339,BID
1443224369,1520.1,0.7257,ASK
1443224371,1520.96,0.0018,ASK
1443224387,1520.95,0.001,BID
1443224397,1520.12,0.029,ASK
1443224397,1520.11,0.0708,ASK
1443224397,1520.96,0.0296,BID
1443224397,1520.96,0.018,BID
1443224397,1520.96,0.064,BID
1443224397,1520.97,0.5876,BID
1443224397,1520.97,0.7257,BID
1443224397,1520.97,0.9194,BID
1443224397,1521.0,0.0998,BID
1443224397,1521.1,0.0998,BID
1443224397,1521.11,0.006,BID
1443224397,1521.36,0.09,BID
1443224397,1521.36,0.0161,BID
1443224397,1521.37,0.0209,BID
1443224397,1521.37,0.2463,BID
1443224397,1521.42,0.002,BID
1443224397,1521.59,0.0748,BID
1443224404,1520.96,0.0013,ASK
1443224426,1520.83,0.0037,ASK
1443224426,1520.15,0.0961,ASK
1443224443,1520.82,0.001,BID
1443224459,1520.83,0.009,ASK
1443224461,1520.53,0.0908,BID
1443224463,1520.82,1.6731,ASK
1443224464,1520.82,0.2766,ASK
1443224471,1520.81,0.0012,BID
1443224484,1520.81,0.1542,BID
1443224484,1520.82,0.0015,BID
1443224488,1520.51,0.025,ASK
1443224488,1520.5,0.0748,ASK
1443224489,1520.81,0.124,BID
1443224492,1520.83,0.0595,BID
1443224492,1520.84,1.1895,BID
1443224500,1520.8,0.0047,ASK
1443224515,1520.51,0.021,ASK
1443224515,1520.5,0.0788,ASK
1443224530,1520.55,0.001,ASK
1443224530,1520.51,0.009,ASK
1443224544,1520.51,0.0083,ASK
1443224544,1520.5,0.0915,ASK
1443224570,1520.51,0.0127,ASK
1443224570,1520.5,0.0871,ASK
1443224591,1521.4,0.01,BID
1443224591,1521.41,0.1784,BID
1443224591,1521.46,0.0318,BID
1443224591,1521.46,0.0272,BID
1443224591,1521.47,1.6058,BID
1443224591,1521.72,0.1,BID
1443224591,1521.91,0.0699,BID
1443224591,1521.92,0.0571,BID
1443224591,1521.92,6.9198,BID
1443224600,1520.5,0.0998,ASK
1443224626,1520.5,0.068,ASK
1443224635,1520.42,0.0318,BID
1443224655,1520.43,0.0318,ASK
1443224656,1520.43,0.068,BID
1443224664,1520.44,0.0225,ASK
1443224664,1520.44,0.1295,ASK
1443224664,1520.44,0.0318,ASK
1443224664,1520.43,6.4367,ASK
1443224665,1520.43,0.3,BID
1443224666,1520.43,0.4,BID
1443224666,1520.43,0.4,BID
1443224666,1520.43,0.401,BID
1443224667,1520.43,0.6577,BID
1443224668,1520.43,0.6577,BID
1443224670,1520.43,0.6577,BID
1443224671,1520.43,0.0612,BID
1443224671,1520.43,0.6577,BID
1443224672,1520.43,0.6577,BID
1443224673,1520.43,0.6577,BID
1443224674,1520.43,0.6577,BID
1443224675,1520.43,0.6577,BID
1443224676,1520.43,0.6577,BID
1443224677,1520.43,0.6577,BID
1443224678,1520.43,0.6577,BID
1443224679,1520.43,0.6577,BID
1443224680,1520.43,0.6577,BID
1443224680,1520.43,0.4,BID
1443224681,1520.43,0.6577,BID
1443224682,1520.32,0.06,ASK
1443224682,1520.3,0.0398,BID
1443224682,1520.43,0.2012,BID
1443224682,1520.43,0.241,BID
1443224682,1520.43,0.6577,BID
1443224683,1520.33,0.01,ASK
1443224685,1520.31,0.05,BID
1443224686,1520.42,0.0435,BID
1443224692,1520.42,0.021,BID
1443224693,1520.42,0.0863,BID
1443224693,1520.42,0.0127,BID
1443224693,1520.42,0.033,BID
1443224693,1520.43,0.0645,BID
1443224694,1520.43,0.142,BID
1443224694,1520.43,0.153,BID
1443224696,1520.43,0.5,BID
1443224697,1520.43,0.6577,BID
1443224698,1520.43,0.314,BID
1443224698,1520.43,0.314,BID
1443224698,1520.43,0.6577,BID
1443224699,1520.32,0.05,ASK
1443224699,1520.29,0.007,ASK
1443224699,1520.28,0.003,ASK
1443224699,1520.43,0.6577,BID
1443224699,1520.43,0.5,BID
1443224700,1520.29,2.0,BID
1443224700,1520.29,12.509,BID
1443224703,1520.31,0.05,BID
1443224708,1520.3,0.0998,BID
1443224708,1520.43,0.3002,BID
1443224713,1520.43,0.22,BID
1443224714,1520.43,0.0017,BID
1443224736,1520.43,0.0998,ASK
1443224738,1520.51,0.437,BID
1443224739,1520.51,0.6577,BID
1443224740,1520.51,0.4003,BID
1443224751,1520.6,0.2,BID
1443224751,1520.6,0.601,BID
1443224752,1520.6,0.6576,BID
1443224752,1520.6,0.4065,BID
1443224757,1520.61,0.576,ASK
1443224766,1520.61,0.0816,ASK
1443224768,1520.53,0.0658,ASK
1443224768,1520.52,0.0952,ASK
1443224769,1520.52,0.0658,ASK
1443224786,1520.53,0.021,ASK
1443224787,1520.59,0.0497,ASK
1443224787,1520.53,0.0087,ASK
1443224793,1520.53,0.0093,ASK
1443224793,1520.53,0.0194,ASK
1443224793,1520.53,0.029,ASK
1443224794,1520.52,0.0287,ASK
1443224802,1520.52,0.0017,ASK
1443224803,1520.53,0.001,BID
1443224809,1520.53,0.0303,BID
1443224810,1520.53,0.0108,BID
1443224814,1520.55,0.4,ASK
1443224815,1520.55,0.65,ASK
1443224816,1520.55,0.65,ASK
1443224818,1520.55,0.65,ASK
1443224818,1520.6,0.0182,BID
1443224818,1520.55,0.4,ASK
1443224819,1520.55,0.4162,ASK
1443224819,1520.54,0.0411,ASK
1443224826,1520.53,0.0404,ASK
1443224826,1520.52,0.1016,ASK
1443224827,1520.52,0.0404,ASK
1443224830,1520.54,0.1927,BID
1443224830,1520.54,0.1603,BID
1443224831,1520.54,0.4897,BID
1443224831,1520.55,0.0998,BID
1443224833,1520.55,0.0682,ASK
1443224833,1520.55,0.3308,ASK
1443224834,1520.55,0.0682,ASK
1443224835,1520.55,0.2587,ASK
1443224849,1520.53,0.001,ASK
1443224849,1520.52,0.0988,ASK
1443224850,1520.54,0.3913,BID
1443224850,1520.54,0.1036,BID
1443224851,1520.54,0.2233,BID
1443224857,1520.59,0.0356,BID
1443224857,1520.59,0.0625,BID
1443224857,1520.6,0.8037,BID
1443224858,1520.6,0.6576,BID
1443224858,1520.59,0.0518,BID
1443224858,1520.6,0.5014,BID
1443224874,1520.65,0.0467,BID
1443224874,1520.66,0.5372,BID
1443224875,1520.66,0.0467,BID
1443224878,1520.61,0.0832,ASK
1443224879,1520.61,0.5744,ASK
1443224883,1520.6,0.0756,BID
1443224883,1520.6,0.3244,BID
1443224884,1520.6,0.3256,BID
1443224888,1520.61,0.001,ASK
1443224891,1520.66,0.325,BID
1443224892,1520.66,0.5435,BID
1443224900,1520.71,0.325,BID
1443224901,1520.71,0.6576,BID
1443224902,1520.71,0.0532,BID
1443224905,1520.72,0.0832,ASK
1443224916,1520.72,0.001,ASK
1443224930,1520.72,0.0832,ASK
1443224931,1520.72,0.437,ASK
1443224931,1520.72,0.213,ASK
1443224932,1520.72,0.4446,ASK
1443224934,1520.71,0.205,BID
1443224935,1520.71,0.0004,BID
1443224935,1520.71,0.65,BID
1443224940,1520.72,0.0072,ASK
1443224940,1520.72,0.0425,ASK
1443224941,1520.83,16.0,ASK
1443224941,1520.83,4.438,ASK
1443224941,1520.83,0.0021,ASK
1443224941,1520.72,0.6151,ASK
1443224949,1520.71,0.0328,BID
1443224949,1520.71,0.1352,BID
1443224950,1520.71,0.5148,BID
1443224961,1520.73,0.0399,ASK
1443224962,1520.72,0.0399,ASK
1443224963,1520.72,0.001,ASK
1443224963,1520.72,0.0499,ASK
1443224964,1520.72,0.0504,ASK
1443224964,1520.72,0.5996,ASK
1443224965,1520.72,0.058,ASK
1443224965,1520.71,0.0013,ASK
1443224988,1520.68,0.001,ASK
1443224989,1520.71,0.001,BID
1443224989,1520.68,0.0178,ASK
1443225005,1520.68,0.001,ASK
1443225006,1520.71,0.0657,BID
1443225007,1520.71,0.524,BID
1443225007,1520.71,0.1336,BID
1443225008,1520.71,0.5164,BID
1443225016,1520.72,0.0277,ASK
1443225017,1520.72,0.1135,ASK
1443225017,1520.72,0.0277,ASK
1443225018,1520.72,0.6299,ASK
1443225022,1520.71,0.0027,BID
1443225034,1520.68,0.1102,ASK
1443225034,1520.68,0.0386,ASK
1443225035,1520.68,0.5691,BID
1443225035,1520.71,0.0174,BID
1443225035,1520.71,0.65,BID
1443225035,1520.71,0.1488,ASK
1443225036,1520.72,0.014,BID
1443225038,1520.72,0.6436,ASK
1443225038,1520.71,2.1157,ASK
1443225042,1520.7,0.1,BID
1443225043,1520.7,0.6576,BID
1443225044,1520.7,0.6576,BID
1443225045,1520.7,0.6576,BID
1443225046,1520.7,0.6576,BID
1443225047,1520.68,0.0065,ASK
1443225047,1520.7,0.6576,BID
1443225048,1520.7,0.001,BID
1443225048,1520.7,0.6576,BID
1443225049,1520.68,0.0321,ASK
1443225049,1520.68,0.0677,BID
1443225049,1520.7,0.5899,BID
1443225050,1520.67,0.0321,ASK
1443225052,1520.68,0.0301,ASK
1443225064,1520.67,0.0046,ASK
1443225065,1520.68,0.015,BID
1443225078,1520.67,0.0774,ASK
1443225078,1520.67,0.6576,ASK
1443225081,1520.66,0.158,BID
1443225082,1520.66,0.492,BID
1443225082,1520.67,0.158,BID
1443225083,1520.67,0.65,BID
1443225085,1520.67,0.0011,BID
1443225099,1520.67,2.4879,BID
1443225099,1520.67,0.0384,BID
1443225099,1520.67,0.0386,BID
1443225100,1520.68,0.6576,BID
1443225102,1520.68,0.1589,BID
1443225103,1520.69,0.0265,ASK
1443225103,1520.69,0.0821,ASK
1443225107,1520.69,0.0998,ASK
1443225108,1520.69,0.0591,ASK
1443225113,1520.67,0.0063,ASK
1443225115,1520.63,0.0037,BID
1443225126,1520.62,0.0494,ASK
1443225126,1520.61,0.0406,ASK
1443225127,1520.67,0.0077,BID
1443225127,1520.61,0.0494,ASK
1443225133,1520.62,0.06,BID
1443225134,1520.62,0.5431,BID
1443225136,1520.63,0.06,ASK
1443225136,1520.63,0.4226,ASK
1443225137,1520.63,0.06,ASK
1443225138,1520.63,0.1205,ASK
1443225141,1520.61,0.0998,ASK
1443225142,1520.62,0.5295,BID
1443225142,1520.62,0.65,BID
1443225142,1520.66,0.0402,BID
1443225142,1520.61,0.1412,ASK
1443225142,1520.61,0.5088,ASK
1443225143,1520.63,0.0603,ASK
1443225146,1520.66,0.6411,BID
1443225146,1520.67,0.4203,BID
1443225147,1520.67,0.3761,BID
1443225147,1520.68,0.0998,BID
1443225147,1520.68,0.1589,BID
1443225149,1520.68,0.03,ASK
1443225170,1520.68,0.0998,ASK
1443225171,1520.68,0.5578,ASK
1443225171,1520.68,0.0922,ASK
1443225172,1520.68,0.5654,ASK
1443225175,1520.67,0.0011,BID
1443225191,1520.64,0.0237,ASK
1443225192,1520.63,0.0237,ASK
1443225195,1520.63,0.0998,ASK
1443225196,1520.63,0.4738,ASK
1443225196,1520.62,0.0998,ASK
1443225197,1520.62,0.0002,ASK
1443225198,1520.62,0.001,BID
1443225222,1520.61,0.0998,ASK
1443225223,1520.61,0.049,ASK
1443225223,1520.61,0.001,ASK
1443225223,1520.6,0.0988,ASK
1443225224,1520.6,0.05,ASK
1443225230,1520.6,2.0,ASK
1443225231,1520.6,0.65,ASK
1443225233,1520.6,0.65,ASK
1443225233,1520.6,6.3636,ASK
1443225234,1520.6,0.65,ASK
1443225235,1520.6,0.65,ASK
1443225236,1520.6,0.65,ASK
1443225237,1520.6,0.65,ASK
1443225238,1520.6,0.65,ASK
1443225239,1520.6,0.65,ASK
1443225240,1520.6,0.65,ASK
1443225241,1520.6,0.65,ASK
1443225242,1520.6,0.65,ASK
1443225243,1520.6,0.65,ASK
1443225244,1520.61,0.0329,BID
1443225244,1520.61,0.0328,ASK
1443225244,1520.6,0.6172,ASK
1443225245,1520.62,0.0329,BID
1443225254,1520.61,0.4,ASK
1443225255,1520.61,0.65,ASK
1443225256,1520.61,0.4,ASK
1443225256,1520.61,0.3466,ASK
1443225256,1520.61,0.3034,ASK
1443225257,1520.61,0.65,ASK
1443225258,1520.61,0.65,ASK
1443225258,1520.61,0.0136,ASK
1443225258,1520.6,0.028,ASK
1443225259,1520.6,0.299,ASK
1443225259,1520.6,0.65,ASK
1443225270,1520.61,0.1797,ASK
1443225270,1520.61,0.001,ASK
1443225270,1520.6,0.0423,ASK
1443225271,1520.6,0.0978,ASK
1443225272,1520.6,0.284,ASK
1443225273,1520.6,0.65,ASK
1443225274,1520.6,0.4,ASK
1443225274,1520.6,0.284,ASK
1443225274,1520.6,0.65,ASK
1443225275,1520.6,0.65,ASK
1443225276,1520.6,0.65,ASK
1443225277,1520.6,0.65,ASK
1443225278,1520.6,0.6,ASK
1443225278,1520.6,0.65,ASK
1443225279,1520.6,0.1,ASK
1443225279,1520.6,0.65,ASK
1443225280,1520.6,0.323,ASK
1443225280,1520.6,0.65,ASK
1443225281,1520.6,0.65,ASK
1443225282,1520.6,0.133,ASK
1443225284,1520.6,0.1,ASK
1443225285,1520.59,5.0,ASK
1443225285,1520.59,1.179,ASK
1443225285,1520.56,0.0546,ASK
1443225285,1520.55,0.1604,ASK
1443225289,1520.55,0.127,ASK
1443225289,1520.55,0.147,ASK
1443225289,1520.55,0.6577,ASK
1443225289,1520.54,0.1369,ASK
1443225289,1520.52,0.2255,ASK
1443225289,1520.52,0.6577,ASK
1443225289,1520.51,0.27,ASK
1443225290,1520.23,1.0,ASK
1443225290,1520.23,5.639,ASK
1443225291,1520.51,0.0028,BID
1443225316,1520.52,0.001,ASK
1443225316,1520.09,0.02,ASK
1443225329,1520.09,0.001,ASK
1443225335,1520.03,0.0015,BID
1443225354,1520.02,0.02,ASK
1443225354,1520.02,0.0497,ASK
1443225354,1520.0,0.0603,ASK
1443225367,1520.01,0.014,BID
1443225373,1520.01,0.0276,BID
1443225373,1520.03,0.0973,BID
1443225376,1520.04,0.0001,ASK
1443225376,1520.04,0.125,ASK
1443225376,1520.04,0.1249,ASK
1443225377,1520.04,0.0001,ASK
1443225383,1520.03,0.25,BID
1443225383,1520.14,0.0221,BID
1443225383,1520.14,0.0101,BID
1443225383,1520.14,0.0218,BID
1443225384,1520.14,0.0006,BID
1443225384,1520.15,0.054,BID
1443225403,1520.02,0.01,ASK
1443225411,1520.02,0.0316,ASK
1443225411,1520.01,0.0153,ASK
1443225413,1520.01,0.001,BID
1443225418,1520.01,0.0519,BID
1443225418,1520.01,0.0416,BID
1443225426,1520.04,0.0998,BID
1443225440,1520.04,0.0002,ASK
1443225440,1520.03,0.0996,ASK
1443225462,1520.03,0.0497,ASK
1443225462,1520.13,0.001,BID
1443225463,1520.03,0.65,ASK
1443225464,1520.03,0.65,ASK
1443225465,1520.03,0.65,ASK
1443225466,1520.03,0.0998,ASK
1443225466,1520.03,0.65,ASK
1443225467,1520.04,0.1814,ASK
1443225467,1520.03,0.4686,ASK
1443225468,1520.03,0.4584,ASK
1443225483,1520.13,0.001,BID
1443225499,1520.03,0.0998,ASK
1443225503,1520.13,0.0065,BID
1443225519,1520.13,0.0046,BID
1443225532,1520.03,0.0998,ASK
1443225540,1520.13,0.001,BID
1443225560,1520.13,0.001,BID
1443225565,1520.04,0.0998,ASK
1443225575,1520.04,0.014,ASK
1443225578,1520.13,0.021,BID
1443225579,1520.13,0.0639,BID
1443225579,1520.14,0.0153,BID
1443225579,1520.14,0.0057,BID
1443225580,1520.14,0.0494,BID
1443225591,1520.14,0.0145,ASK
1443225591,1520.06,0.0853,ASK
1443225599,1520.14,0.0017,BID
1443225603,1520.14,0.0601,BID
1443225603,1520.14,0.001,BID
1443225603,1520.15,0.9389,BID
1443225604,1520.15,0.0628,BID
1443225615,1520.14,0.002,BID
1443225617,1520.06,0.0147,ASK
1443225617,1520.05,0.0209,ASK
1443225617,1520.05,0.0476,ASK
1443225628,1520.13,0.1,BID
1443225628,1520.14,0.0184,BID
1443225628,1520.15,0.1036,BID
1443225638,1520.15,0.1,BID
1443225639,1520.15,0.2036,BID
1443225646,1520.16,0.0998,ASK
1443225647,1520.16,0.0002,ASK
1443225647,1520.16,0.3036,ASK
1443225668,1520.15,0.001,BID
1443225673,1520.14,0.0998,ASK
1443225674,1520.14,0.0002,ASK
1443225696,1520.13,0.0063,BID
1443225698,1520.06,4.0,BID
1443225698,1520.06,7.0,BID
1443225698,1520.06,1.543,BID
1443225702,1520.05,0.0998,BID
1443225702,1520.13,0.0935,BID
1443225702,1520.14,0.001,BID
1443225702,1520.14,0.0251,BID
1443225702,1520.15,0.0271,BID
1443225703,1520.14,0.0251,ASK
1443225729,1520.14,0.0684,ASK
1443225729,1520.13,0.0047,ASK
1443225744,1520.11,0.001,BID
1443225746,1520.11,0.0257,BID
1443225746,1520.13,0.0684,BID
1443225759,1520.13,0.0998,ASK
1443225763,1520.14,0.023,BID
1443225763,1520.15,0.0717,BID
1443225763,1520.15,0.4036,BID
1443225763,1520.19,0.0204,BID
1443225763,1520.2,0.0813,BID
1443225763,1520.2,0.4605,BID
1443225763,1520.23,0.019,BID
1443225763,1520.24,1.9597,BID
1443225764,1520.32,0.1,BID
1443225765,1520.54,4.0,BID
1443225765,1520.54,2.82,BID
1443225770,1520.32,0.345,ASK
1443225779,1520.21,0.0277,ASK
1443225779,1520.21,0.0223,ASK
1443225779,1520.2,0.551,ASK
1443225780,1520.21,0.0367,ASK
1443225787,1520.3,0.304,BID
1443225790,1520.34,0.0277,BID
1443225790,1520.35,0.2723,BID
1443225791,1520.35,0.0277,BID
1443225793,1520.32,0.0277,ASK
1443225793,1520.31,0.0721,ASK
1443225793,1520.34,0.0165,BID
1443225793,1520.35,0.3293,BID
1443225795,1520.37,0.0277,ASK
1443225796,1520.37,0.0047,ASK
1443225798,1520.55,0.01,BID
1443225801,1520.55,0.0559,BID
1443225806,1520.6,0.0416,BID
1443225806,1520.6,0.001,BID
1443225806,1520.62,0.0574,BID
1443225808,1520.62,0.0426,BID
1443225808,1520.63,0.0223,BID
1443225808,1520.63,0.0202,BID
1443225808,1520.63,0.0277,BID
1443225808,1520.64,0.4,BID
1443225810,1520.64,0.06,BID
1443225811,1520.64,0.6576,BID
1443225812,1520.64,0.1,BID
1443225812,1520.64,0.6576,BID
1443225813,1520.64,0.6214,BID
1443225815,1520.66,0.1,BID
1443225816,1520.65,0.001,ASK
1443225816,1520.66,0.5602,BID
1443225825,1520.67,0.0974,ASK
1443225825,1520.67,0.0024,ASK
1443225826,1520.67,0.5578,ASK
1443225826,1520.67,0.055,ASK
1443225827,1520.65,0.0352,ASK
1443225827,1520.65,0.643,ASK
1443225827,1520.65,0.0146,ASK
1443225827,1520.63,0.0426,ASK
1443225827,1520.61,0.0426,ASK
1443225827,1520.56,0.0559,ASK
1443225827,1520.32,0.0152,ASK
1443225827,1520.31,0.2631,ASK
1443225827,1520.66,0.029,BID
1443225854,1520.31,0.0409,ASK
1443225857,1520.27,0.01,BID
1443225862,1520.27,0.01,BID
1443225873,1520.24,0.07,ASK
1443225873,1520.21,0.0362,ASK
1443225873,1520.21,0.1448,ASK
1443225875,1520.21,0.0004,ASK
1443225875,1520.2,0.0996,ASK
1443225875,1520.2,0.54,ASK
1443225875,1520.2,0.1,ASK
1443225876,1520.23,0.01,BID
1443225877,1520.2,0.1,ASK
1443225878,1520.2,0.498,ASK
1443225878,1520.2,0.508,ASK
1443225878,1520.2,0.65,ASK
1443225879,1520.2,0.65,ASK
1443225880,1520.2,0.65,ASK
1443225880,1520.2,0.327,ASK
1443225880,1520.2,0.6,ASK
1443225881,1520.23,0.01,BID
1443225881,1520.2,0.65,ASK
1443225882,1520.2,0.6,ASK
1443225882,1520.23,0.05,BID
1443225882,1520.23,0.066,BID
1443225882,1520.23,0.01,BID
1443225882,1520.2,0.061,ASK
1443225883,1520.23,0.001,BID
1443225885,1520.23,0.01,BID
1443225890,1520.2,0.337,ASK
1443225891,1520.2,0.1,ASK
1443225893,1520.23,0.01,BID
1443225900,1520.2,0.02,ASK
1443225905,1520.2,0.0998,ASK
1443225906,1520.2,0.05,ASK
1443225912,1520.2,0.001,ASK
1443225912,1520.23,0.0028,BID
1443225935,1520.2,0.0998,ASK
1443225938,1520.23,0.0019,BID
1443225960,1520.2,0.0998,ASK
1443225961,1520.2,0.65,ASK
1443225963,1520.27,0.01,BID
1443225963,1520.2,0.0191,ASK
1443225978,1520.2,0.0065,ASK
1443225979,1520.24,0.346,BID
1443225980,1520.24,0.6,BID
1443225980,1520.24,0.1337,BID
1443225980,1520.25,0.0177,ASK
1443225981,1520.25,0.0363,ASK
1443225986,1520.27,0.0289,BID
1443225989,1520.69,0.001,BID
1443225989,1520.69,0.1241,BID
1443225989,1520.69,0.0185,BID
1443225989,1520.7,0.4564,BID
1443225990,1520.28,0.0001,ASK
1443225990,1520.28,0.0289,ASK
1443225990,1520.25,0.0708,ASK
1443225992,1520.29,0.384,BID
1443225993,1520.29,0.2447,BID
1443225993,1520.31,14.0,BID
1443225993,1520.31,7.772,BID
1443225995,1520.3,0.0046,ASK
1443226007,1520.31,0.01,ASK
1443226011,1520.31,0.002,ASK
1443226016,1520.31,0.0384,ASK
1443226029,1520.3,0.001,ASK
1443226032,1520.3,0.3784,ASK
1443226032,1520.3,0.6287,ASK
1443226032,1520.25,0.587,ASK
1443226032,1520.25,0.6578,ASK
1443226032,1520.2,2.1085,ASK
1443226035,1520.29,0.01,BID
1443226035,1520.29,0.64,BID
1443226038,1520.31,0.01,BID
1443226044,1520.3,0.0063,ASK
1443226052,1520.3,0.0998,ASK
1443226053,1520.3,0.65,ASK
1443226054,1520.3,0.65,ASK
1443226055,1520.3,0.65,ASK
1443226062,1520.3,0.01,ASK
1443226064,1520.3,0.001,ASK
1443226071,1520.3,3.4715,ASK
1443226072,1520.3,0.3334,ASK
1443226080,1520.3,0.0017,ASK
1443226088,1520.3,0.0998,ASK
1443226098,1520.3,0.0028,ASK
1443226113,1520.3,0.0998,ASK
1443226114,1520.3,0.0019,ASK
1443226129,1520.3,0.001,ASK
1443226147,1520.3,0.0998,ASK
1443226158,1520.3,1.6523,ASK
1443226159,1520.31,0.0514,BID
1443226159,1520.32,0.0333,BID
1443226159,1520.32,0.01,BID
1443226159,1520.33,0.8663,BID
1443226159,1520.7,0.219,BID
1443226175,1520.7,1.18,BID
1443226176,1520.32,0.0514,ASK
1443226177,1520.32,0.0484,BID
1443226177,1520.7,1.18,BID
1443226178,1520.7,0.408,BID
1443226179,1520.7,0.408,BID
1443226181,1520.33,15.737,BID
1443226183,1520.7,6.3251,BID
1443226191,1520.54,0.01,ASK
1443226191,1520.7,0.12,BID
1443226191,1520.7,0.12,BID
1443226192,1520.7,0.12,BID
1443226192,1520.7,0.6576,BID
1443226193,1520.7,0.6,BID
1443226193,1520.7,0.6576,BID
1443226194,1520.7,0.6576,BID
1443226195,1520.7,0.254,BID
1443226195,1520.7,0.3944,BID
1443226198,1520.78,0.1,BID
1443226199,1520.78,0.6576,BID
1443226200,1520.78,0.835,BID
1443226207,1521.07,0.259,BID
1443226207,1520.79,0.0998,ASK
1443226222,1520.79,0.001,ASK
1443226237,1520.79,0.0998,ASK
1443226237,1520.79,0.001,ASK
1443226248,1521.07,0.7907,BID
1443226248,1521.3,0.004,BID
1443226248,1521.34,0.7053,BID
1443226258,1520.8,0.0015,ASK
1443226262,1520.8,0.01,ASK
1443226263,1520.8,0.0442,ASK
1443226277,1520.79,0.001,ASK
1443226289,1520.79,0.0998,ASK
1443226290,1520.79,0.3552,ASK
1443226290,1520.79,0.2948,ASK
1443226291,1520.79,0.3628,ASK
1443226295,1520.78,0.01,BID
1443226307,1520.72,0.046,ASK
1443226307,1520.71,0.2632,ASK
1443226307,1520.71,0.6576,ASK
1443226307,1520.65,0.004,ASK
1443226307,1520.54,0.01,ASK
1443226307,1520.34,0.002,ASK
1443226307,1520.32,0.0123,ASK
1443226307,1520.31,0.2457,ASK
1443226307,1520.31,0.0755,ASK
1443226307,1520.3,2.6875,ASK
1443226313,1520.71,0.046,BID
1443226313,1520.77,0.0194,BID
1443226313,1520.77,0.0271,BID
1443226313,1520.78,0.2772,BID
1443226313,1520.78,0.65,BID
1443226319,1520.78,0.0028,ASK
1443226323,1520.78,0.0998,ASK
1443226324,1520.78,0.65,ASK
1443226325,1520.78,0.65,ASK
1443226326,1520.78,0.65,ASK
1443226327,1520.78,0.65,ASK
1443226328,1520.78,0.65,ASK
1443226335,1520.79,0.1,BID
1443226336,1520.79,0.6576,BID
1443226337,1520.79,0.2424,BID
1443226337,1520.8,0.0556,BID
1443226338,1520.8,0.1,ASK
1443226339,1520.8,0.01,ASK
1443226348,1520.81,0.0657,ASK
1443226352,1520.81,0.0343,ASK
1443226353,1520.8,0.0998,ASK
1443226361,1520.8,0.1498,ASK
1443226361,1520.8,0.3148,ASK
1443226362,1520.8,0.3428,ASK
1443226362,1520.79,0.0193,ASK
1443226362,1520.79,0.0271,ASK
1443226367,1520.79,0.01,BID
1443226371,1520.78,1.18,ASK
1443226372,1520.78,0.3962,ASK
1443226378,1520.78,0.0998,ASK
1443226383,1520.78,1.18,ASK
1443226387,1520.78,0.001,ASK
1443226387,1520.78,0.02,ASK
1443226395,1520.79,0.2508,BID
1443226395,1520.79,0.65,BID
1443226395,1520.79,0.0209,BID
1443226396,1520.8,0.4182,BID
1443226396,1520.8,0.0178,BID
1443226397,1520.81,0.2561,BID
1443226397,1520.81,0.1,BID
1443226397,1520.81,0.0799,ASK
1443226397,1520.8,0.2216,ASK
1443226397,1520.79,0.8785,ASK
1443226398,1520.79,0.01,ASK
1443226404,1520.82,0.0998,ASK
1443226405,1520.82,0.2563,ASK
1443226411,1520.8,0.0063,ASK
1443226411,1520.81,0.01,BID
1443226424,1520.8,0.01,ASK
1443226437,1520.81,0.0898,BID
1443226437,1520.81,0.3561,BID
1443226437,1520.9,0.001,ASK
1443226439,1520.9,0.0998,ASK
1443226440,1520.9,0.65,ASK
1443226457,1520.9,0.015,ASK
1443226457,1520.9,0.01,ASK
1443226464,1520.9,0.0998,ASK
1443226465,1520.9,0.4303,ASK
1443226472,1520.9,0.0011,ASK
1443226473,1520.9,1.5245,ASK
1443226484,1520.9,0.0102,ASK
1443226488,1520.83,0.0209,ASK
1443226496,1520.82,0.0737,ASK
1443226497,1520.82,0.3722,ASK
1443226497,1520.8,0.0179,ASK
1443226497,1520.79,0.8307,ASK
1443226497,1520.78,7.1228,ASK
1443226500,1520.82,0.01,BID
1443226515,1520.81,0.0077,BID
1443226515,1520.82,0.0063,BID
1443226518,1520.82,0.001,ASK
1443226518,1520.78,0.0988,ASK
1443226519,1520.83,0.0789,BID
1443226519,1520.83,0.0211,ASK
1443226519,1520.78,0.4248,ASK
1443226521,1520.79,12.121,ASK
1443226534,1520.78,0.0011,ASK
1443226548,1520.82,0.0011,ASK
1443226548,1520.78,4.2532,ASK
1443226549,1520.78,0.0998,ASK
1443226576,1520.88,0.1,BID
1443226578,1520.78,0.0998,ASK
1443226580,1520.78,0.001,ASK
1443226581,1520.89,0.0325,BID
1443226581,1520.9,0.3818,BID
1443226581,1520.9,0.2614,BID
1443226581,1520.93,0.0314,BID
1443226581,1520.94,0.4729,BID
1443226586,1520.9,0.01,ASK
1443226587,1520.94,0.1559,BID
1443226587,1520.95,0.0382,BID
1443226587,1520.96,0.7633,BID
1443226587,1520.98,0.0139,BID
1443226589,1520.99,0.2788,BID
1443226590,1521.0,0.3594,BID
1443226593,1520.99,0.01,ASK
1443226606,1520.95,0.0657,ASK
1443226607,1520.95,0.0902,ASK
1443226615,1520.94,0.01,BID
1443226623,1520.9,0.0013,ASK
1443226636,1520.9,0.0312,ASK
1443226640,1520.83,0.01,BID
1443226644,1520.83,0.0586,BID
1443226645,1520.89,0.0325,BID
1443226645,1520.9,0.001,BID
1443226645,1520.94,0.0557,BID
1443226645,1520.94,0.1559,BID
1443226645,1520.95,0.0998,BID
1443226645,1520.99,7.914,BID
1443226648,1520.95,0.01,ASK
1443226651,1520.99,0.0545,BID
1443226651,1520.99,0.0261,BID
1443226651,1521.0,0.3803,BID
1443226652,1521.0,0.0806,BID
1443226652,1521.0,0.1797,BID
1443226652,1521.0,2.0,BID
1443226652,1521.09,0.004,BID
1443226652,1521.13,0.9452,BID
1443226652,1521.15,1.1647,BID
1443226656,1521.15,0.01,ASK
1443226660,1520.95,0.0047,BID
1443226677,1520.96,0.015,ASK
1443226691,1520.96,0.085,ASK
1443226691,1520.96,0.0148,ASK
1443226692,1520.96,0.056,ASK
1443226692,1520.96,0.0898,ASK
1443226692,1520.96,0.0313,ASK
1443226692,1520.95,0.0998,ASK
1443226717,1520.95,0.0011,ASK
1443226726,1520.95,0.0998,ASK
1443226727,1520.95,0.0072,ASK
1443226728,1520.95,0.01,ASK
1443226729,1521.12,14.302,ASK
1443226739,1520.95,0.0027,ASK
1443226753,1520.95,0.0998,ASK
1443226755,1520.95,0.0037,ASK
1443226777,1520.95,0.0021,ASK
1443226789,1520.95,0.0998,ASK
1443226798,1520.95,0.01,ASK
1443226817,1520.95,0.0998,ASK
1443226824,1520.95,0.835,ASK
1443226824,1520.95,0.0012,ASK
1443226845,1520.95,0.0998,ASK
1443226854,1521.0,0.1,BID
1443226854,1521.01,0.0314,BID
1443226854,1521.02,0.0351,BID
1443226854,1521.02,0.5273,BID
1443226854,1521.03,0.7029,BID
1443226856,1521.13,0.139,ASK
1443226857,1521.13,0.01,ASK
1443226873,1521.14,0.0998,ASK
1443226886,1521.14,0.0002,ASK
1443226900,1521.13,0.0998,ASK
1443226907,1521.13,0.301,ASK
1443226908,1521.13,0.301,ASK
1443226911,1521.13,0.001,ASK
1443226912,1521.13,0.1,ASK
1443226924,1521.13,0.4,ASK
1443226925,1521.13,0.0998,ASK
1443226932,1521.13,0.0013,ASK
1443226937,1521.13,0.377,ASK
1443226938,1521.13,0.377,ASK
1443226951,1521.13,0.0012,ASK
1443226952,1521.13,0.0998,ASK
1443226956,1521.14,0.1,BID
1443226956,1521.15,0.0998,BID
1443226956,1521.27,0.0379,BID
1443226956,1521.28,0.7584,BID
1443226956,1521.29,0.002,BID
1443226956,1521.34,0.0523,BID
1443226956,1521.35,1.046,BID
1443226957,1521.5,0.0261,ASK
1443226958,1521.5,1.6218,ASK
1443226958,1521.5,0.305,ASK
1443226958,1521.5,0.5,ASK
1443226958,1521.5,0.109,ASK
1443226959,1521.5,1.0,ASK
1443226960,1521.51,0.1,ASK
1443226960,1521.5,0.3263,ASK
1443226961,1521.5,0.01,ASK
1443226967,1521.5,0.0018,ASK
1443226980,1521.5,0.0998,ASK
1443226983,1521.5,0.1917,ASK
1443226984,1521.5,0.0014,ASK
1443226985,1521.5,0.01,ASK
1443226988,1521.5,0.05,ASK
1443226999,1521.5,0.011,ASK
1443227000,1521.5,0.02,ASK
1443227001,1521.5,0.057,ASK
1443227003,1521.5,0.343,ASK
1443227003,1521.5,0.057,ASK
1443227004,1521.5,0.01,ASK
1443227004,1521.5,0.074,ASK
1443227005,1521.5,0.0288,ASK
1443227006,1521.5,0.41,ASK
1443227007,1521.5,0.106,ASK
1443227007,1521.51,0.01,BID
1443227007,1521.52,0.1,BID
1443227007,1521.59,0.0138,BID
1443227007,1521.6,0.522,BID
1443227007,1521.6,0.002,BID
1443227007,1521.97,0.002,BID
1443227007,1521.97,0.1196,BID
1443227007,1521.97,0.133,BID
1443227007,1521.98,0.001,BID
1443227007,1521.98,4.4391,BID
1443227007,1521.98,0.8872,BID
1443227007,1522.0,0.3,BID
1443227007,1522.0,3.0578,BID
1443227007,1522.0,0.4125,BID
1443227007,1521.5,0.0998,ASK
1443227007,1521.5,0.637,ASK
1443227010,1521.5,0.057,ASK
1443227011,1521.5,0.343,ASK
1443227015,1521.52,0.001,ASK
1443227015,1521.5,0.009,ASK
1443227022,1521.5,0.0037,ASK
1443227028,1521.5,0.014,ASK
1443227029,1521.5,0.012,ASK
1443227030,1521.5,0.08,ASK
1443227030,1521.5,0.01,ASK
1443227030,1521.51,20.21,ASK
1443227031,1521.5,0.01,ASK
1443227031,1521.95,6.874,ASK
1443227032,1521.5,0.0998,ASK
1443227034,1521.51,0.01,ASK
1443227035,1521.51,0.0277,ASK
1443227035,1521.51,0.0202,ASK
1443227035,1521.5,0.01,ASK
1443227038,1521.51,0.0377,ASK
1443227038,1521.51,0.0202,ASK
1443227039,1521.5,0.0579,ASK
1443227042,1521.51,0.0372,ASK
1443227042,1521.51,0.0076,ASK
1443227042,1521.51,0.0126,ASK
1443227042,1521.5,0.0448,ASK
1443227043,1521.51,9.77,ASK
1443227043,1521.5,0.0574,ASK
1443227062,1521.5,0.001,ASK
1443227062,1521.5,0.0998,ASK
1443227079,1521.5,0.0057,ASK
1443227080,1521.5,0.6,ASK
1443227083,1521.5,0.282,ASK
1443227095,1521.49,0.0522,BID
1443227096,1521.49,0.0222,BID
1443227097,1521.49,0.0297,BID
1443227098,1521.5,0.0297,BID
1443227100,1521.48,0.01,BID
1443227100,1521.5,0.0701,BID
1443227100,1521.91,0.002,BID
1443227101,1521.97,0.001,BID
1443227101,1521.98,0.009,BID
1443227102,1521.96,0.063,ASK
1443227103,1521.96,0.01,ASK
1443227103,1521.96,0.01,ASK
1443227104,1521.96,0.054,ASK
1443227106,1521.96,0.051,ASK
1443227107,1521.96,0.01,ASK
1443227107,1521.96,0.244,ASK
1443227107,1521.18,0.002,ASK
1443227107,1521.16,0.01,ASK
1443227107,1521.15,0.044,ASK
1443227119,1521.19,0.002,ASK
1443227119,1521.17,0.001,ASK
1443227119,1521.15,0.056,ASK
1443227119,1521.15,0.0408,ASK
1443227148,1521.22,0.0998,BID
1443227148,1521.88,0.0408,BID
1443227148,1521.92,0.002,BID
1443227148,1521.94,0.001,BID
1443227150,1521.95,0.056,ASK
1443227150,1521.21,0.004,ASK
1443227152,1521.21,0.0094,ASK
1443227152,1521.2,0.0466,ASK
1443227174,1521.3,0.0998,ASK
1443227190,1521.31,0.0016,ASK
1443227196,1521.31,0.0016,ASK
1443227204,1521.31,0.0968,ASK
1443227207,1521.31,0.003,BID
1443227207,1521.85,0.007,ASK
1443227208,1521.31,0.01,BID
1443227209,1521.31,0.083,BID
1443227213,1521.85,0.01,ASK
1443227213,1521.85,0.08,ASK
1443227213,1521.85,0.003,ASK
1443227214,1521.32,0.001,ASK
1443227223,1521.33,0.01,ASK
1443227223,1521.33,0.09,ASK
1443227223,1521.32,0.092,ASK
1443227223,1521.31,2.2981,ASK
1443227228,1521.82,0.1,BID
1443227228,1521.84,0.01,BID
1443227228,1521.85,0.01,BID
1443227228,1521.93,0.001,BID
1443227228,1521.96,0.043,BID
1443227228,1521.99,0.0404,BID
1443227228,1521.99,0.0377,BID
1443227228,1521.99,0.0951,BID
1443227228,1521.99,0.0382,BID
1443227228,1522.0,25.9146,BID
1443227233,1521.33,0.0998,BID
1443227234,1521.33,0.0002,ASK
1443227234,1521.32,0.0035,BID
1443227253,1521.34,0.0041,ASK
1443227259,1521.34,0.0922,ASK
1443227262,1521.33,0.0998,BID
1443227262,1521.34,0.0076,BID
1443227262,1521.79,0.001,BID
1443227265,1521.85,0.009,ASK
1443227265,1521.84,0.01,ASK
1443227265,1521.35,0.081,ASK
1443227273,1521.51,0.0091,ASK
1443227287,1521.51,0.0998,ASK
1443227290,1521.51,0.0002,ASK
1443227290,1521.5,0.0008,ASK
1443227291,1521.98,0.0091,BID
1443227291,1521.98,0.0009,BID
1443227291,1521.98,0.0091,BID
1443227291,1521.99,0.0234,BID
1443227291,1522.0,0.2495,BID
1443227292,1522.0,0.5,BID
1443227292,1522.0,0.01,BID
1443227300,1521.99,0.1,BID
1443227301,1522.0,0.1,BID
1443227302,1522.0,0.4285,BID
1443227303,1522.0,0.5576,BID
1443227306,1521.52,0.0026,ASK
1443227315,1521.53,0.0998,ASK
1443227323,1521.52,0.0155,ASK
1443227339,1521.92,0.286,ASK
1443227340,1521.92,0.2828,ASK
1443227342,1521.92,0.107,ASK
1443227343,1521.92,0.0998,ASK
1443227343,1521.92,0.01,ASK
1443227344,1522.0,0.48,BID
1443227344,1521.92,0.001,ASK
1443227344,1521.92,0.01,ASK
1443227345,1521.99,0.0998,BID
1443227345,1521.99,0.0181,BID
1443227345,1522.0,0.5391,BID
1443227346,1522.0,0.657,BID
1443227346,1522.0,0.1179,BID
1443227347,1522.0,1.083,BID
1443227348,1522.0,0.657,BID
1443227349,1522.0,0.657,BID
1443227350,1522.0,0.657,BID
1443227351,1522.0,0.657,BID
1443227352,1521.94,16.85,BID
1443227352,1522.0,0.657,BID
1443227353,1522.0,0.1862,BID
1443227358,1522.01,0.01,ASK
1443227358,1522.01,0.01,ASK
1443227364,1522.01,0.001,ASK
1443227369,1522.01,0.0998,ASK
1443227370,1522.01,0.35,ASK
1443227370,1522.01,0.3,ASK
1443227371,1522.01,0.357,ASK
1443227390,1521.93,0.0234,ASK
1443227390,1521.93,0.0166,ASK
1443227391,1521.93,0.0834,ASK
1443227391,1521.93,0.1732,ASK
1443227391,1521.93,0.1254,ASK
1443227391,1521.92,0.04,ASK
1443227392,1521.92,0.422,ASK
1443227399,1521.92,0.435,ASK
1443227399,1521.92,0.435,ASK
1443227400,1521.92,0.65,ASK
1443227401,1521.92,0.65,ASK
1443227402,1521.92,0.65,ASK
1443227403,1521.92,0.65,ASK
1443227404,1521.93,0.0998,BID
1443227410,1521.94,0.0015,ASK
1443227413,1521.94,0.01,ASK
1443227414,1521.94,0.01,ASK
1443227418,1521.99,0.01,BID
1443227420,1521.94,0.0998,ASK
1443227422,1521.94,0.8536,ASK
1443227426,1521.94,2.878,ASK
1443227429,1521.94,0.001,ASK
1443227433,1521.94,0.5,ASK
1443227442,1521.94,0.5,ASK
1443227446,1521.94,0.0998,ASK
1443227449,1521.94,0.6,ASK
1443227452,1521.94,0.0017,ASK
1443227465,1521.98,1.4844,ASK
1443227468,1521.98,0.0842,ASK
1443227469,1521.98,0.5,ASK
1443227470,1521.98,5.0,ASK
1443227471,1521.99,0.0372,BID
1443227471,1521.99,0.1,BID
1443227471,1522.0,0.293,BID
1443227471,1522.0,0.5699,BID
1443227472,1522.0,0.0801,BID
1443227474,1522.0,0.057,ASK
1443227477,1522.01,0.1,ASK
1443227477,1522.0,0.0001,ASK
1443227477,1521.98,0.3019,ASK
1443227481,1521.98,0.0998,ASK
1443227483,1521.98,0.004,ASK
1443227484,1521.98,0.072,ASK
1443227484,1521.98,1.629,ASK
1443227484,1521.98,0.1,ASK
1443227485,1521.98,0.65,ASK
1443227497,1521.99,0.06,ASK
1443227504,1521.99,0.121,ASK
1443227505,1521.99,0.0062,ASK
1443227505,1521.99,0.001,ASK
1443227507,1521.99,0.6,ASK
1443227508,1521.99,0.05,ASK
1443227510,1521.99,0.0998,ASK
1443227511,1522.01,0.1,BID
1443227519,1522.03,0.1,ASK
1443227520,1522.02,0.1,ASK
1443227526,1522.01,0.0028,ASK
1443227537,1522.01,0.043,ASK
1443227537,1522.01,0.0998,ASK
1443227538,1522.01,0.1,ASK
1443227542,1522.01,0.179,ASK
1443227545,1522.01,0.0259,ASK
1443227561,1522.02,0.001,ASK
1443227570,1522.02,0.0998,ASK
1443227583,1522.02,0.001,ASK
1443227590,1522.03,0.9968,ASK
1443227593,1522.05,4.0,ASK
1443227593,1522.05,17.191,ASK
1443227600,1522.03,0.003,ASK
1443227601,1522.03,0.0998,ASK
1443227607,1522.03,0.38,ASK
1443227611,1522.03,0.155,ASK
1443227612,1522.03,0.5,ASK
1443227613,1522.03,0.5,ASK
1443227614,1522.03,0.0722,ASK
1443227615,1522.03,0.326,ASK
1443227615,1522.03,0.326,ASK
1443227616,1522.03,0.445,ASK
1443227617,1522.03,0.345,ASK
1443227618,1522.03,0.019,ASK
1443227619,1522.03,0.001,ASK
1443227625,1522.03,0.5,ASK
1443227626,1522.03,0.5,ASK
1443227626,1522.03,0.0998,ASK
1443227629,1522.03,0.6,ASK
1443227635,1522.03,0.203,ASK
1443227636,1522.03,0.203,ASK
1443227636,1522.03,0.309,ASK
1443227637,1522.03,0.52,ASK
1443227641,1522.02,0.163,ASK
1443227641,1522.02,0.163,ASK
1443227641,1522.02,0.024,ASK
1443227642,1522.02,0.014,ASK
1443227643,1522.02,0.016,ASK
1443227645,1522.02,0.017,ASK
1443227646,1522.02,0.016,ASK
1443227646,1522.02,0.018,ASK
1443227647,1522.02,0.016,ASK
1443227648,1522.02,0.034,ASK
1443227650,1522.02,0.021,ASK
1443227651,1522.02,0.102,ASK
1443227652,1522.02,0.084,ASK
1443227653,1522.02,0.187,ASK
1443227653,1522.02,0.07,ASK
1443227654,1522.02,0.097,ASK
1443227654,1522.03,0.032,BID
1443227654,1522.03,0.0998,BID
1443227656,1522.04,0.118,ASK
1443227656,1522.04,0.0138,ASK
1443227656,1522.02,0.1402,ASK
1443227658,1522.04,0.01,BID
1443227658,1522.04,0.01,BID
1443227658,1522.05,0.105,BID
1443227658,1522.06,0.1,BID
1443227658,1522.06,0.1579,BID
1443227660,1522.02,0.038,ASK
1443227660,1522.03,0.014,ASK
1443227661,1522.03,0.0128,ASK
1443227661,1522.02,0.0082,ASK
1443227661,1522.02,0.1318,ASK
1443227661,1522.02,0.0128,ASK
1443227669,1522.02,0.3792,ASK
1443227669,1522.02,0.01,ASK
1443227669,1522.02,0.5,ASK
1443227670,1522.03,0.1438,ASK
1443227680,1522.03,0.01,ASK
1443227681,1522.03,0.01,ASK
1443227682,1522.03,0.585,ASK
1443227682,1522.03,0.0998,ASK
1443227683,1522.03,0.1936,ASK
1443227684,1522.03,0.1836,ASK
1443227685,1522.03,0.1464,ASK
1443227686,1522.03,0.1464,ASK
1443227686,1522.03,0.1652,ASK
1443227688,1522.03,0.1652,ASK
1443227689,1522.03,0.2762,ASK
1443227690,1522.03,0.2762,ASK
1443227691,1522.03,0.5,ASK
1443227692,1522.03,0.2978,ASK
1443227693,1522.05,0.0892,BID
1443227694,1522.05,0.314,ASK
1443227694,1522.06,0.0892,BID
1443227694,1522.05,0.4108,ASK
1443227694,1522.05,0.792,ASK
1443227695,1522.05,0.478,ASK
1443227696,1522.05,0.324,ASK
1443227697,1522.05,0.0892,ASK
1443227697,1522.05,1.1185,ASK
1443227698,1522.05,0.7945,ASK
1443227699,1522.05,0.7945,ASK
1443227705,1522.05,0.01,ASK
1443227707,1522.06,0.5985,BID
1443227708,1522.06,0.657,BID
1443227709,1522.06,0.4974,BID
1443227712,1522.07,0.0998,ASK
1443227713,1522.07,0.0598,ASK
1443227713,1522.07,0.0998,ASK
1443227714,1522.07,0.5572,ASK
1443227737,1522.06,0.0928,BID
1443227737,1522.06,0.65,BID
1443227739,1522.09,0.0998,ASK
1443227768,1522.09,0.0998,ASK
1443227769,1522.09,0.5114,ASK
1443227798,1522.09,0.0998,ASK
1443227799,1522.2,8.0,ASK
1443227799,1522.2,4.0,ASK
1443227799,1522.2,3.464,ASK
1443227825,1522.1,0.0892,ASK
1443227839,1522.1,0.0106,BID
1443227839,1522.21,0.003,BID
1443227840,1522.3,0.0908,ASK
1443227841,1522.3,0.0642,ASK
1443227842,1522.3,0.0642,ASK
1443227842,1522.3,0.01,ASK
1443227843,1522.31,0.1041,ASK
1443227843,1522.3,0.3959,ASK
1443227844,1522.3,0.272,ASK
1443227845,1522.3,0.228,ASK
1443227845,1522.3,0.073,ASK
1443227846,1522.3,0.073,ASK
1443227847,1522.3,0.228,ASK
1443227848,1522.3,0.228,ASK
1443227849,1522.3,0.272,ASK
1443227849,1522.3,0.01,ASK
1443227850,1522.3,0.153,ASK
1443227850,1522.3,0.0998,ASK
1443227851,1522.3,0.457,ASK
1443227851,1522.3,0.2508,ASK
1443227852,1522.46,3.0,ASK
1443227852,1522.46,3.0,ASK
1443227852,1522.46,5.538,ASK
1443227852,1522.3,0.2508,ASK
1443227853,1522.3,0.1132,ASK
1443227857,1522.3,0.01,ASK
1443227858,1522.47,0.001,BID
1443227859,1522.3,0.1132,ASK
1443227860,1522.3,0.5,ASK
1443227862,1522.47,0.0591,BID
1443227865,1522.35,0.1316,ASK
1443227867,1522.31,0.0601,ASK
1443227867,1522.3,0.4399,ASK
1443227872,1522.3,0.054,ASK
1443227873,1522.33,0.01,BID
1443227884,1522.3,0.0998,ASK
1443227885,1522.47,0.0123,BID
1443227885,1522.47,0.0418,BID
1443227886,1522.46,0.0601,BID
1443227887,1522.46,0.034,BID
1443227887,1522.47,0.006,BID
1443227888,1522.47,0.0541,ASK
1443227888,1522.3,0.6902,ASK
1443227889,1522.47,0.0601,ASK
1443227890,1522.47,0.01,ASK
1443227890,1522.47,0.024,ASK
1443227894,1522.31,0.0355,ASK
1443227894,1522.31,0.0123,ASK
1443227894,1522.31,0.0022,ASK
1443227895,1522.31,0.0101,ASK
1443227895,1522.3,0.05,ASK
1443227895,1522.3,0.0601,ASK
1443227895,1522.3,0.4,ASK
1443227899,1522.3,0.9278,ASK
1443227900,1522.3,0.8697,ASK
1443227901,1522.3,1.055,ASK
1443227902,1522.3,0.757,ASK
1443227904,1522.3,0.2128,ASK
1443227905,1522.3,0.2128,ASK
1443227906,1522.3,0.8364,ASK
1443227908,1522.09,0.027,ASK
1443227910,1522.13,0.5,BID
1443227913,1522.21,0.027,ASK
1443227913,1522.28,0.01,BID
1443227916,1522.28,0.024,BID
1443227919,1522.3,0.0361,BID
1443227920,1522.3,0.0637,BID
1443227921,1522.45,6.0,BID
1443227921,1522.45,5.0,BID
1443227921,1522.45,2.913,BID
1443227922,1522.31,0.0361,ASK
1443227923,1522.31,0.0361,ASK
1443227923,1522.31,0.0637,ASK
1443227923,1522.29,0.034,ASK
1443227923,1522.22,0.0382,ASK
1443227925,1522.22,0.0618,ASK
1443227925,1522.21,0.038,ASK
1443227926,1522.21,0.0618,ASK
1443227927,1522.21,0.338,ASK
1443227928,1522.21,0.266,ASK
1443227929,1522.21,0.17,ASK
1443227933,1522.27,0.1,BID
1443227937,1522.3,0.1359,BID
1443227938,1522.31,0.01,ASK
1443227940,1522.31,0.0998,ASK
1443227941,1522.46,0.0201,BID
1443227941,1522.31,0.0301,ASK
1443227942,1522.46,0.01,BID
1443227942,1522.46,0.0541,BID
1443227942,1522.47,0.0072,BID
1443227942,1522.47,0.0129,BID
1443227943,1522.47,0.0248,BID
1443227943,1522.47,0.0224,BID
1443227944,1522.47,0.01,ASK
1443227945,1522.47,0.01,ASK
1443227945,1522.47,0.017,ASK
1443227946,1522.31,0.006,ASK
1443227946,1522.29,0.004,ASK
1443227947,1522.29,0.01,ASK
1443227949,1522.29,0.086,ASK
1443227950,1522.28,0.086,ASK
1443227950,1522.28,0.01,ASK
1443227950,1522.28,0.004,ASK
1443227950,1522.22,0.0129,ASK
1443227950,1522.22,0.0248,ASK
1443227950,1522.22,0.0224,ASK
1443227950,1522.21,0.0399,ASK
1443227950,1522.27,3.0,ASK
1443227950,1522.27,16.772,ASK
1443227951,1522.21,0.1,ASK
1443227953,1522.28,0.01,BID
1443227955,1522.21,0.027,ASK
1443227956,1522.21,0.2597,ASK
1443227957,1522.28,0.01,BID
1443227958,1522.21,0.241,ASK
1443227958,1522.21,0.01,ASK
1443227959,1522.21,0.082,ASK
1443227960,1522.21,0.241,ASK
1443227966,1522.21,0.159,ASK
1443227966,1522.21,0.0998,ASK
1443227967,1522.21,0.01,ASK
1443227967,1522.21,0.01,ASK
1443227968,1522.21,0.01,ASK
1443227969,1522.21,0.49,ASK
1443227969,1522.21,0.26,ASK
1443227970,1522.21,0.4,ASK
1443227975,1522.28,0.072,BID
1443227977,1522.29,0.01,ASK
1443227980,1522.29,0.01,ASK
1443227983,1522.29,0.052,ASK
1443227985,1522.21,0.334,ASK
1443227986,1522.21,0.266,ASK
1443227986,1522.21,0.11,ASK
1443227987,1522.21,0.244,ASK
1443227988,1522.21,0.01,ASK
1443227988,1522.21,0.5,ASK
1443227989,1522.21,1.6866,ASK
1443227990,1522.21,0.4236,ASK
1443227990,1522.25,0.01,BID
1443227991,1522.21,0.4136,ASK
1443227992,1522.25,0.01,BID
1443227992,1522.21,0.5,ASK
1443227998,1522.21,0.1864,ASK
1443227999,1522.21,0.01,ASK
1443228000,1522.25,4.0,ASK
1443228000,1522.25,0.773,ASK
1443228001,1522.21,0.032,ASK
1443228003,1522.21,0.227,ASK
1443228004,1522.21,0.7474,ASK
1443228005,1522.21,0.3386,ASK
1443228006,1522.25,14.0,ASK
1443228006,1522.25,1.254,ASK
1443228006,1522.21,0.01,ASK
1443228007,1522.21,0.01,ASK
1443228008,1522.21,0.425,ASK
1443228009,1522.21,0.425,ASK
1443228010,1522.21,0.094,ASK
1443228011,1522.21,0.7526,ASK
1443228011,1522.21,5.3061,ASK
1443228012,1522.21,0.1686,ASK
1443228012,1522.21,0.12,ASK
1443228014,1522.21,0.12,ASK
1443228014,1522.26,0.0998,BID
1443228014,1522.28,0.062,BID
1443228014,1522.45,0.1,BID
1443228014,1522.47,0.0123,BID
1443228014,1522.47,0.015,BID
1443228014,1522.47,0.0328,BID
1443228014,1522.48,1.0922,BID
1443228014,1522.48,0.1093,BID
1443228014,1522.49,0.1369,BID
1443228014,1522.62,0.003,BID
1443228014,1522.66,0.2457,BID
1443228014,1522.93,0.002,BID
1443228014,1523.0,0.3,BID
1443228014,1523.54,0.004,BID
1443228014,1523.75,2.375,BID
1443228014,1522.21,0.5,ASK
1443228015,1522.21,1.3684,ASK
1443228016,1522.24,6.0,BID
1443228016,1522.24,6.0,BID
1443228016,1522.24,7.392,BID
1443228016,1523.73,8.0,BID
1443228016,1523.73,1.73,BID
1443228018,1522.24,0.656,ASK
1443228020,1522.25,0.0998,ASK
1443228031,1523.68,0.1037,BID
1443228031,1523.68,0.0328,BID
1443228031,1523.68,0.0998,BID
1443228031,1523.68,0.01,BID
1443228031,1523.73,0.002,BID
1443228031,1523.78,1.7317,BID
1443228036,1523.67,0.017,BID
1443228045,1522.33,0.1042,ASK
1443228048,1522.33,0.01,ASK
1443228049,1522.33,0.1781,ASK
1443228049,1522.33,0.01,ASK
1443228050,1522.33,0.0237,ASK
1443228050,1522.32,0.1881,ASK
1443228051,1522.32,0.0237,ASK
1443228052,1522.32,0.7971,ASK
1443228052,1522.34,0.1,ASK
1443228052,1522.32,0.7067,ASK
1443228053,1522.32,0.0998,ASK
1443228056,1522.32,0.8442,ASK
1443228057,1522.32,0.565,ASK
1443228058,1522.32,0.704,ASK
1443228058,1522.32,0.139,ASK
1443228059,1522.32,0.139,ASK
1443228060,1522.32,0.5,ASK
1443228060,1523.61,7.0,ASK
1443228060,1523.61,4.0,ASK
1443228060,1523.61,9.278,ASK
1443228061,1522.33,1.0,ASK
1443228062,1522.32,0.9707,ASK
1443228063,1522.32,1.0707,ASK
1443228064,1522.32,1.701,ASK
1443228064,1522.32,0.245,ASK
1443228066,1522.32,0.103,ASK
1443228079,1522.5,0.0065,ASK
1443228079,1522.32,0.0035,ASK
1443228080,1522.32,0.01,ASK
1443228086,1522.32,0.0998,ASK
1443228090,1522.32,0.567,ASK
1443228091,1522.32,1.067,ASK
1443228092,1522.32,0.562,ASK
1443228093,1522.32,0.8894,ASK
1443228093,1522.28,0.1726,ASK
1443228094,1522.28,0.215,ASK
1443228115,1522.73,0.01,ASK
1443228118,1522.28,0.0998,ASK
1443228119,1522.67,0.01,BID
1443228119,1523.49,0.1042,BID
1443228119,1523.49,4.0838,BID
1443228119,1522.29,2.0,ASK
1443228119,1522.29,3.786,ASK
1443228131,1522.4,0.01,ASK
1443228134,1522.41,0.1043,ASK
1443228135,1522.4,0.1043,ASK
1443228139,1522.4,1.541,ASK
1443228140,1522.4,1.319,ASK
1443228141,1522.4,0.1357,ASK
1443228142,1522.66,0.1,BID
1443228142,1522.66,0.181,ASK
1443228143,1523.48,0.0758,BID
1443228143,1523.48,0.1015,BID
1443228143,1523.48,0.0445,BID
1443228143,1523.49,7.9118,BID
1443228143,1523.5,6.5047,BID
1443228143,1523.78,3.5296,BID
1443228143,1524.0,0.3,BID
1443228143,1524.0,3.0,BID
1443228143,1524.23,2.0405,BID
1443228143,1524.3,3.3211,BID
1443228143,1524.31,0.17,BID
1443228143,1524.5,1.42,BID
1443228143,1524.76,0.008,BID
1443228143,1524.98,0.098,BID
1443228143,1525.0,0.3,BID
1443228143,1525.0,0.1,BID
1443228143,1525.42,5.3421,BID
1443228143,1525.44,0.03,BID
1443228143,1525.75,0.035,BID
1443228143,1526.0,0.3,BID
1443228143,1526.66,3.0,BID
1443228143,1526.66,1.0,BID
1443228143,1527.0,0.3,BID
1443228143,1527.0,0.0185,BID
1443228143,1527.05,0.1159,BID
1443228143,1527.06,5.482,BID
1443228143,1527.2,0.017,BID
1443228143,1528.0,0.3,BID
1443228143,1528.0,13.6,BID
1443228143,1528.0,1.0,BID
1443228143,1528.46,0.01,BID
1443228143,1528.71,5.0396,BID
1443228143,1529.0,0.3,BID
1443228143,1529.0,1.0,BID
1443228143,1529.76,2.2,BID
1443228143,1529.77,3.001,BID
1443228143,1529.99,0.2256,BID
1443228143,1529.99,0.5,BID
1443228143,1529.99,1.0,BID
1443228143,1530.0,0.3,BID
1443228143,1530.0,4.462,BID
1443228143,1522.66,0.1357,ASK
1443228143,1522.66,0.1043,ASK
1443228144,1529.99,2.0,BID
1443228144,1529.99,3.0,BID
1443228144,1529.99,8.941,BID
1443228144,1522.66,1.3387,ASK
1443228144,1522.66,0.0998,ASK
1443228146,1522.66,0.352,ASK
1443228146,1522.66,0.01,ASK
1443228147,1522.67,0.1,ASK
1443228147,1522.67,0.0343,ASK
1443228148,1522.67,0.01,ASK
1443228149,1522.68,0.0918,ASK
1443228149,1523.0,0.05,ASK
1443228150,1523.0,0.1053,ASK
1443228150,1523.46,0.1,BID
1443228150,1523.47,0.01,BID
1443228151,1524.0,0.19,ASK
1443228151,1523.0,0.06,ASK
1443228151,1523.0,0.0847,ASK
1443228151,1522.67,0.1653,ASK
1443228151,1523.47,0.01,ASK
1443228152,1522.67,0.02,ASK
1443228152,1522.99,0.248,BID
1443228152,1522.99,0.052,BID
1443228152,1522.99,0.196,BID
1443228152,1523.0,0.24,BID
1443228152,1523.0,0.01,BID
1443228152,1523.0,0.0535,BID
1443228152,1523.44,0.656,BID
1443228152,1523.5,0.19,BID
1443228153,1523.6,2.9195,ASK
1443228153,1522.68,0.039,ASK
1443228153,1522.68,0.0134,ASK
1443228153,1522.68,3.435,ASK
1443228154,1523.99,0.18,BID
1443228154,1523.99,0.12,BID
1443228154,1523.0,0.0443,ASK
1443228155,1523.01,0.0105,ASK
1443228155,1523.0,0.5072,ASK
1443228155,1523.0,0.0171,BID
1443228155,1523.0,0.0167,BID
1443228155,1523.1,0.2833,BID
1443228156,1522.69,0.01,ASK
1443228157,1522.69,0.0368,ASK
1443228157,1522.68,0.01,ASK
1443228158,1522.68,0.0368,ASK
1443228159,1522.68,0.14,ASK
1443228159,1523.0,0.19,BID
1443228159,1523.01,0.0105,BID
1443228159,1523.3,0.0995,BID
1443228160,1522.69,0.1043,ASK
1443228160,1522.68,0.2397,ASK
1443228161,1522.98,0.135,BID
1443228161,1523.29,0.1259,BID
1443228161,1523.4,0.0391,BID
1443228163,1522.69,0.0937,ASK
1443228163,1522.68,1.7735,ASK
1443228163,1522.68,0.1,ASK
1443228163,1522.67,0.099,ASK
1443228163,1522.67,0.0102,ASK
1443228166,1523.4,0.0509,BID
1443228166,1523.59,0.1853,BID
1443228166,1523.59,0.0295,BID
1443228166,1523.6,0.5907,BID
1443228166,1525.42,0.1436,BID
1443228167,1522.66,0.7436,ASK
1443228171,1522.67,0.0295,ASK
1443228172,1522.66,0.0295,ASK
1443228173,1522.66,0.1745,ASK
1443228174,1522.66,0.115,ASK
1443228174,1522.66,0.01,ASK
1443228175,1522.66,0.62,ASK
1443228176,1522.69,0.0998,BID
1443228177,1522.69,0.5562,ASK
1443228177,1522.51,0.0024,ASK
1443228177,1522.51,0.7671,ASK
1443228178,1522.7,0.0998,ASK
1443228180,1522.5,0.3802,ASK
1443228182,1522.5,0.0998,ASK
1443228184,1523.33,0.557,BID
1443228184,1523.33,0.099,BID
1443228184,1523.36,0.1,BID
1443228184,1523.99,0.015,BID
1443228184,1524.0,0.3,BID
1443228184,1524.98,0.025,BID
1443228184,1524.99,0.5,BID
1443228184,1525.0,0.3,BID
1443228184,1525.39,0.01,BID
1443228184,1525.41,3.995,BID
1443228190,1522.57,0.015,ASK
1443228190,1522.52,0.1,ASK
1443228190,1522.51,0.694,ASK
1443228191,1523.0,0.1,ASK
1443228191,1523.0,0.022,ASK
1443228191,1523.0,0.178,ASK
1443228191,1522.53,7.0,ASK
1443228191,1522.53,6.0,ASK
1443228191,1522.53,5.475,ASK
1443228192,1522.52,0.025,ASK
1443228192,1522.5,0.275,ASK
1443228192,1522.98,0.0218,BID
1443228192,1522.99,0.099,BID
1443228192,1522.99,0.1792,BID
1443228193,1522.51,2.0,BID
1443228193,1522.51,8.0,BID
1443228193,1522.51,2.714,BID
1443228193,1522.5,0.025,ASK
1443228194,1522.5,0.06,ASK
1443228194,1522.5,0.3,ASK
1443228194,1522.99,0.0108,BID
1443228194,1522.99,0.19,BID
1443228194,1523.03,0.4552,ASK
1443228194,1522.51,0.0038,ASK
1443228194,1524.95,1.0,ASK
1443228194,1524.95,3.849,ASK
1443228195,1522.51,0.1091,ASK
1443228195,1522.5,0.3499,ASK
1443228197,1522.5,0.409,ASK
1443228198,1522.56,0.428,ASK
1443228199,1522.56,0.019,ASK
1443228200,1522.56,0.113,ASK
1443228201,1522.56,0.209,ASK
1443228201,1522.51,0.113,ASK
1443228204,1522.59,0.123,ASK
1443228205,1522.57,0.123,ASK
1443228205,1522.57,0.315,ASK
1443228206,1522.57,0.444,ASK
1443228207,1522.57,0.129,ASK
1443228208,1522.57,0.385,ASK
1443228210,1522.57,0.385,ASK
1443228211,1522.57,0.103,ASK
1443228213,1522.84,0.0384,BID
1443228213,1522.85,0.4496,BID
1443228213,1522.57,0.105,ASK
1443228214,1522.84,0.01,ASK
1443228214,1522.57,0.137,ASK
1443228216,1522.57,7.1162,ASK
1443228217,1522.5,0.146,ASK
1443228218,1522.77,0.01,BID
1443228231,1522.5,0.0998,ASK
1443228237,1522.74,0.1,BID
1443228237,1522.79,0.1043,BID
1443228237,1522.8,0.0389,BID
1443228237,1522.81,0.7568,BID
1443228238,1522.8,11.565,BID
1443228260,1522.53,0.0998,ASK
1443228276,1522.52,0.01,ASK
1443228280,1522.81,0.0222,BID
1443228281,1522.81,0.01,ASK
1443228282,1522.81,0.0213,ASK
1443228283,1522.81,0.1,ASK
1443228285,1522.81,0.0787,ASK
1443228287,1522.81,0.0998,ASK
1443228288,1522.81,0.6532,ASK
1443228288,1522.55,8.3468,ASK
1443228290,1522.55,9.0,ASK
1443228291,1522.55,2.3923,ASK
1443228291,1522.51,0.0112,ASK
1443228291,1522.5,6.5965,ASK
1443228291,1522.67,0.4,BID
1443228291,1522.5,0.1,ASK
1443228291,1522.5,1.1588,ASK
1443228291,1522.5,0.35,ASK
1443228291,1522.4,7.4912,ASK
1443228291,1522.67,0.01,BID
1443228292,1522.5,0.6532,BID
1443228293,1522.5,0.01,BID
1443228294,1522.5,0.01,BID
1443228294,1522.5,0.4,BID
1443228295,1522.5,0.6568,BID
1443228296,1522.5,3.0,BID
1443228296,1522.5,0.6568,BID
1443228296,1522.5,0.361,BID
1443228297,1522.5,0.6568,BID
1443228298,1522.5,0.01,BID
1443228298,1522.5,0.6568,BID
1443228299,1522.5,0.6568,BID
1443228305,1522.65,0.01,BID
1443228308,1522.51,0.6568,ASK
1443228309,1522.4,0.6568,ASK
1443228310,1522.4,1.352,ASK
1443228310,1522.36,0.032,ASK
1443228310,1522.28,0.3014,ASK
1443228310,1522.23,0.002,ASK
1443228312,1522.17,0.01,BID
1443228313,1522.17,0.1187,BID
1443228313,1522.39,0.3064,BID
1443228322,1522.38,0.01,BID
1443228341,1522.38,0.0072,BID
1443228341,1522.38,0.01,BID
1443228341,1522.39,0.3436,BID
1443228341,1522.49,0.0325,BID
1443228341,1522.5,0.65,BID
1443228341,1522.51,0.0998,BID
1443228341,1522.64,0.01,BID
1443228341,1522.85,0.2669,BID
1443228343,1522.19,0.01,ASK
1443228343,1522.18,0.0898,ASK
1443228371,1522.38,1.1591,ASK
1443228371,1522.38,0.0998,ASK
1443228372,1522.39,0.0167,ASK
1443228372,1522.38,1.1424,ASK
1443228373,1522.38,0.4797,ASK
1443228373,1522.38,0.4797,ASK
1443228373,1522.38,0.01,ASK
1443228374,1522.38,0.166,ASK
1443228380,1522.38,0.166,ASK
1443228381,1522.38,0.5406,ASK
1443228382,1522.38,0.5406,ASK
1443228383,1522.38,0.5,ASK
1443228388,1522.38,0.01,ASK
1443228392,1522.38,0.01,ASK
1443228394,1522.38,0.01,ASK
1443228398,1522.38,0.0998,ASK
1443228427,1522.38,0.0998,ASK
1443228428,1522.38,0.9974,ASK
1443228442,1522.84,0.0898,BID
1443228442,1522.85,0.0525,BID
1443228442,1523.0,0.0998,BID
1443228442,1523.62,0.0167,BID
1443228442,1523.62,0.1799,BID
1443228442,1523.63,5.0,BID
1443228442,1523.78,4.3613,BID
1443228446,1522.39,0.1799,ASK
1443228446,1522.39,0.0166,ASK
1443228446,1522.39,0.1043,ASK
1443228446,1522.38,0.1965,ASK
1443228447,1522.41,0.002,ASK
1443228447,1522.39,0.2988,ASK
1443228448,1522.39,0.01,ASK
1443228449,1522.39,0.01,ASK
1443228449,1522.39,2.161,ASK
1443228452,1522.39,0.0998,ASK
1443228452,1522.39,0.1994,ASK
1443228453,1522.39,0.0408,ASK
1443228456,1522.39,0.1,ASK
1443228457,1522.39,0.1,ASK
1443228462,1522.39,0.0149,ASK
1443228463,1522.39,0.0149,ASK
1443228468,1522.39,0.0143,ASK
1443228484,1522.39,0.0998,ASK
1443228501,1522.51,0.01,ASK
1443228512,1522.51,0.0998,ASK
1443228517,1522.51,0.01,ASK
1443228530,1522.51,0.01,ASK
1443228530,1522.51,0.01,ASK
1443228543,1522.51,0.0998,ASK
1443228544,1522.51,0.65,ASK
1443228545,1522.52,0.01,ASK
1443228550,1522.49,0.0325,BID
1443228550,1522.5,0.65,BID
1443228561,1523.0,0.045,ASK
1443228562,1523.0,0.397,ASK
1443228563,1523.0,0.397,ASK
1443228564,1523.0,0.9211,ASK
1443228564,1523.0,0.01,ASK
1443228565,1523.0,0.2741,ASK
1443228566,1523.0,0.853,ASK
1443228567,1523.0,0.01,ASK
1443228567,1523.0,1.1146,ASK
1443228569,1523.0,0.0998,ASK
1443228573,1523.0,0.01,ASK
1443228595,1523.0,0.01,ASK
1443228595,1523.0,0.0998,ASK
1443228600,1523.01,0.01,ASK
1443228609,1523.76,0.002,BID
1443228611,1523.0,0.05,ASK
1443228614,1523.01,0.01,ASK
1443228628,1523.03,0.002,ASK
1443228628,1523.01,0.0225,ASK
1443228628,1523.0,0.0753,ASK
1443228659,1523.0,0.0998,ASK
1443228689,1523.2,0.0998,ASK
1443228689,1523.2,0.01,ASK
1443228691,1523.2,0.01,ASK
1443228714,1523.2,0.0998,ASK
1443228714,1523.2,1.0,ASK
1443228714,1523.2,1.0,ASK
1443228714,1523.2,0.336,ASK
1443228715,1523.2,0.2,ASK
1443228715,1523.2,0.2,ASK
1443228715,1523.2,0.2,ASK
1443228716,1523.2,0.1,ASK
1443228719,1523.5,0.01,ASK
1443228741,1523.5,0.0998,ASK
1443228742,1523.5,0.4309,ASK
1443228744,1523.5,0.1,ASK
1443228753,1523.5,0.1,ASK
1443228762,1523.5,0.1,ASK
1443228770,1523.5,0.0998,ASK
1443228778,1523.5,0.1,ASK
1443228787,1523.5,0.1,ASK
1443228797,1523.5,0.0998,ASK
1443228802,1523.5,0.1,ASK
1443228812,1523.5,0.1,ASK
1443228831,1523.5,0.1,ASK
1443228832,1523.5,0.0998,ASK
1443228847,1523.79,0.002,BID
1443228847,1523.94,0.011,BID
1443228847,1523.99,0.015,BID
1443228847,1524.0,0.3,BID
1443228847,1524.0,0.1,ASK
1443228848,1524.0,0.1043,ASK
1443228849,1524.0,0.01,ASK
1443228849,1524.0,0.265,ASK
1443228849,1524.0,0.03,ASK
1443228849,1524.0,0.344,ASK
1443228850,1524.0,0.344,ASK
1443228850,1524.0,0.344,ASK
1443228850,1524.0,0.344,ASK
1443228850,1524.0,0.344,ASK
1443228850,1524.0,0.344,ASK
1443228850,1524.0,0.344,ASK
1443228851,1524.0,0.5,ASK
1443228851,1524.24,7.484,ASK
1443228853,1524.01,0.01,ASK
1443228854,1524.01,0.0943,ASK
1443228854,1524.01,0.015,ASK
1443228854,1524.0,4.8907,ASK
1443228855,1524.0,0.1043,ASK
1443228855,1524.0,0.5,ASK
1443228856,1524.0,0.1,ASK
1443228857,1524.0,0.65,ASK
1443228858,1524.0,2.61,ASK
1443228858,1524.0,0.01,ASK
1443228858,1524.0,0.01,ASK
1443228858,1524.0,0.65,ASK
1443228858,1524.0,0.0998,ASK
1443228859,1524.0,0.65,ASK
1443228860,1524.0,0.01,ASK
1443228862,1524.0,0.01,ASK
1443228862,1524.0,5.0,ASK
1443228863,1524.0,0.4,ASK
1443228864,1524.0,0.01,ASK
1443228865,1524.0,0.1,ASK
1443228865,1524.0,4.211,ASK
1443228866,1524.0,0.18,ASK
1443228866,1524.0,0.18,ASK
1443228869,1524.0,0.235,ASK
1443228870,1524.0,0.0295,ASK
1443228872,1524.0,0.01,ASK
1443228872,1524.0,0.5,ASK
1443228873,1524.0,0.1,ASK
1443228876,1524.0,0.5,ASK
1443228882,1524.01,0.4252,ASK
1443228882,1524.0,0.0748,ASK
1443228886,1524.01,0.1,BID
1443228887,1524.01,0.4,ASK
1443228887,1524.0,0.025,ASK
1443228888,1524.0,0.0998,ASK
1443228890,1524.0,5.0,ASK
1443228891,1524.0,0.01,ASK
1443228893,1524.0,0.01,ASK
1443228894,1524.21,0.1312,ASK
1443228894,1524.0,0.3688,ASK
1443228894,1524.0,0.5,ASK
1443228894,1524.0,0.5,ASK
1443228894,1524.0,0.5,ASK
1443228894,1524.0,0.4,ASK
1443228894,1524.0,0.5,ASK
1443228894,1524.0,0.5,ASK
1443228904,1524.23,0.01,ASK
1443228904,1524.0,0.09,ASK
1443228907,1524.2,0.079,ASK
1443228910,1524.2,0.114,ASK
1443228913,1524.2,0.0009,ASK
1443228913,1524.0,0.0989,ASK
1443228913,1524.24,0.002,BID
1443228915,1524.24,0.002,BID
1443228919,1524.01,0.002,BID
1443228920,1524.01,0.098,BID
1443228925,1524.0,0.1,ASK
1443228934,1524.0,0.1,ASK
1443228937,1524.0,0.0998,ASK
1443228939,1524.0,0.01,ASK
1443228941,1524.25,0.002,BID
1443228942,1524.25,0.01,ASK
1443228943,1524.25,0.0903,ASK
1443228943,1524.01,0.0097,ASK
1443228944,1524.01,0.05,ASK
1443228948,1524.23,0.01,BID
1443228948,1524.24,0.1,BID
1443228949,1524.24,0.01,ASK
1443228950,1524.24,0.01,ASK
1443228951,1524.24,0.05,ASK
1443228951,1524.24,0.01,ASK
1443228954,1524.04,0.01,ASK
1443228956,1524.04,0.01,ASK
1443228970,1524.06,0.002,ASK
1443228970,1524.04,0.08,ASK
1443228970,1524.01,0.0101,ASK
1443228970,1524.0,0.0079,ASK
1443228970,1524.17,0.05,BID
1443228971,1524.17,0.0503,BID
1443228971,1524.18,0.05,BID
1443228972,1524.18,0.0498,BID
1443228972,1524.18,0.01,ASK
1443228973,1524.18,0.0405,ASK
1443228973,1524.18,0.0498,ASK
1443228974,1524.17,0.0097,BID
1443228978,1524.19,0.01,ASK
1443228979,1524.19,0.01,ASK
1443228980,1524.19,0.08,ASK
1443228986,1524.03,0.01,ASK
1443228987,1524.19,0.02,BID
1443228990,1524.0,0.01,ASK
1443228991,1524.0,0.1,ASK
1443228992,1524.0,0.2006,ASK
1443228993,1524.08,0.0998,BID
1443228995,1524.09,0.01,ASK
1443228998,1524.09,0.01,ASK
1443228999,1524.19,0.1,BID
1443229001,1524.2,0.1,ASK
1443229001,1524.21,0.01,ASK
1443229002,1524.21,0.0943,ASK
1443229002,1524.21,0.1,ASK
1443229002,1524.2,0.3057,ASK
1443229003,1524.2,0.01,ASK
1443229005,1524.2,0.5,ASK
1443229006,1524.2,0.01,ASK
1443229007,1524.2,0.01,ASK
1443229009,1524.2,0.01,ASK
1443229009,1524.2,0.5,ASK
1443229009,1524.2,0.1,ASK
1443229010,1524.2,0.01,ASK
1443229013,1524.2,0.0998,ASK
1443229013,1524.2,1.7414,ASK
1443229013,1524.2,0.1,ASK
1443229013,1524.09,0.0798,ASK
1443229013,1524.02,1.1007,ASK
1443229013,1524.0,0.56,ASK
1443229016,1523.2,0.04,BID
1443229017,1523.7,0.5,BID
1443229022,1523.71,0.1,ASK
1443229026,1523.7,0.5,BID
1443229029,1523.7,0.114,BID
1443229030,1523.7,0.301,BID
1443229030,1523.7,0.199,BID
1443229032,1523.22,0.01,ASK
1443229032,1523.21,0.04,ASK
1443229032,1523.0,0.05,ASK
1443229033,1523.01,7.0,ASK
1443229033,1523.01,8.978,ASK
1443229038,1523.7,0.0998,ASK
1443229049,1523.89,0.01,BID
1443229049,1523.9,0.19,BID
1443229052,1523.7,0.01,ASK
1443229052,1523.7,0.282,ASK
1443229053,1523.7,0.01,ASK
1443229058,1523.7,0.01,ASK
1443229062,1523.7,0.0882,ASK
1443229062,1523.7,0.0118,ASK
1443229063,1523.7,0.0872,ASK
1443229063,1523.7,0.0126,ASK
1443229063,1524.0,0.025,BID
1443229066,1524.0,0.087,ASK
1443229067,1524.0,0.2398,ASK
1443229067,1524.0,0.01,ASK
1443229070,1524.0,0.1,ASK
1443229071,1524.0,0.01,ASK
1443229074,1524.0,0.01,ASK
1443229074,1524.0,0.509,ASK
1443229075,1524.0,0.1,ASK
1443229076,1524.0,0.01,ASK
1443229078,1524.0,0.01,ASK
1443229085,1524.0,0.01,ASK
1443229090,1524.0,0.0998,ASK
1443229092,1524.01,0.5,BID
1443229093,1524.01,0.223,ASK
1443229095,1524.02,0.1,ASK
1443229101,1524.02,0.4,ASK
1443229101,1524.01,0.106,ASK
1443229102,1524.01,0.5,ASK
1443229102,1524.01,0.506,ASK
1443229102,1524.01,0.3384,ASK
1443229102,1524.01,0.1676,ASK
1443229102,1524.01,0.506,ASK
1443229102,1524.01,0.506,ASK
1443229102,1524.01,0.4,ASK
1443229102,1524.77,2.0,ASK
1443229102,1524.77,4.0,ASK
1443229102,1524.77,7.768,ASK
1443229105,1524.02,0.0144,ASK
1443229105,1524.02,0.01,ASK
1443229105,1524.02,0.0105,ASK
1443229108,1524.01,0.0651,BID
1443229109,1524.02,0.01,ASK
1443229109,1524.02,0.01,ASK
1443229112,1524.02,0.0451,ASK
1443229112,1524.01,1.239,ASK
1443229112,1524.0,2.9809,ASK
1443229113,1524.01,9.837,ASK
1443229115,1524.0,0.0998,ASK
1443229116,1524.0,0.1,ASK
1443229117,1524.01,0.01,ASK
1443229117,1524.01,0.01,ASK
1443229125,1524.01,0.1,ASK
1443229127,1524.01,0.01,ASK
1443229128,1524.01,0.01,ASK
1443229134,1524.01,0.0049,ASK
1443229134,1524.0,0.0951,ASK
1443229140,1524.0,0.0998,ASK
1443229147,1524.0,0.1,ASK
1443229162,1524.0,0.1,ASK
1443229164,1524.0,0.01,ASK
1443229167,1524.0,0.0998,ASK
1443229169,1524.0,0.01,ASK
1443229170,1524.0,0.1,ASK
1443229170,1524.0,0.01,ASK
1443229171,1524.0,0.01,ASK
1443229173,1524.0,0.01,ASK
1443229174,1524.0,0.01,ASK
1443229176,1524.0,0.73,ASK
1443229176,1524.0,0.73,ASK
1443229176,1524.0,0.73,ASK
1443229176,1524.0,0.01,ASK
1443229179,1524.0,0.01,ASK
1443229185,1524.0,0.01,ASK
1443229187,1524.0,0.01,ASK
1443229188,1524.0,0.3274,ASK
1443229190,1524.0,0.01,ASK
1443229191,1524.0,0.392,ASK
1443229191,1524.0,0.7146,ASK
1443229191,1524.0,0.14,ASK
1443229191,1524.0,0.1374,ASK
1443229191,1524.0,0.0491,ASK
1443229192,1524.0,0.01,ASK
1443229194,1524.0,0.01,ASK
1443229198,1524.0,0.1,ASK
1443229206,1524.0,0.0998,ASK
1443229207,1524.4,4.0,ASK
1443229207,1524.4,4.0,ASK
1443229207,1524.4,3.319,ASK
1443229208,1524.0,0.201,ASK
1443229209,1524.0,0.01,ASK
1443229215,1524.0,0.01,ASK
1443229219,1524.0,0.1,ASK
1443229230,1524.0,0.1,ASK
1443229232,1524.0,0.0998,ASK
1443229261,1524.0,0.0998,ASK
1443229288,1524.0,0.0998,ASK
1443229312,1524.0,0.1,ASK
1443229317,1524.0,0.0998,ASK
1443229326,1524.0,0.1,ASK
1443229335,1524.0,9.3137,ASK
1443229336,1524.0,0.1,ASK
1443229344,1524.0,0.0998,ASK
1443229345,1524.0,0.1,ASK
1443229346,1524.0,0.01,ASK
1443229347,1524.0,0.01,ASK
1443229365,1524.0,0.1,ASK
1443229369,1524.0,0.0998,ASK
1443229374,1524.0,0.1,ASK
1443229376,1524.0,9.8762,ASK
1443229377,1524.0,0.453,BID
1443229378,1524.0,0.4,BID
1443229380,1524.0,1.5,BID
1443229381,1524.0,2.0,BID
1443229381,1524.0,0.6562,BID
1443229382,1524.0,0.6562,BID
1443229382,1523.89,0.01,ASK
1443229383,1524.0,0.443,BID
1443229383,1524.0,0.6562,BID
1443229383,1524.0,2.0,BID
1443229384,1524.0,0.6562,BID
1443229385,1523.99,0.0249,BID
1443229385,1524.0,0.6313,BID
1443229386,1524.0,0.39,BID
1443229386,1523.89,0.01,ASK
1443229386,1524.0,0.6562,BID
1443229387,1523.99,0.01,BID
1443229387,1524.0,0.6462,BID
1443229387,1523.99,0.1616,BID
1443229387,1524.0,22.0623,BID
1443229387,1524.41,0.1,BID
1443229387,1524.64,0.003,BID
1443229387,1524.8,0.099,BID
1443229387,1524.81,3.1637,BID
1443229387,1524.81,1.5796,BID
1443229387,1524.82,0.002,BID
1443229387,1524.95,0.002,BID
1443229387,1525.0,0.3,BID
1443229387,1525.56,0.004,BID
1443229387,1525.8,1.42,BID
1443229387,1526.0,0.3,BID
1443229387,1526.02,0.03,BID
1443229387,1526.17,0.015,BID
1443229387,1526.66,0.9334,BID
1443229388,1523.89,0.01,ASK
1443229389,1526.65,2.0,BID
1443229389,1526.65,5.0,BID
1443229389,1526.65,7.014,BID
1443229391,1524.01,0.1,ASK
1443229391,1524.02,0.01,ASK
1443229393,1524.02,0.01,ASK
1443229399,1524.06,0.002,ASK
1443229399,1524.05,0.0328,ASK
1443229399,1524.04,0.065,ASK
1443229400,1524.04,0.1,ASK
1443229404,1526.63,0.1043,BID
1443229404,1526.64,0.002,BID
1443229404,1526.64,0.01,BID
1443229404,1526.66,0.0666,BID
1443229404,1526.78,0.008,BID
1443229404,1526.85,0.01,BID
1443229404,1526.85,0.0328,BID
1443229404,1526.85,0.01,BID
1443229404,1526.86,4.0,BID
1443229404,1526.88,1.0747,BID
1443229404,1527.0,0.3,BID
1443229404,1527.21,0.0405,BID
1443229404,1528.0,0.3,BID
1443229404,1529.0,0.3,BID
1443229404,1529.22,0.017,BID
1443229404,1529.92,5.0,BID
1443229404,1529.93,12.002,BID
1443229404,1529.94,2.2,BID
1443229404,1529.99,1.0,BID
1443229404,1530.0,0.5488,BID
1443229404,1530.0,0.0747,BID
1443229404,1530.0,0.01,BID
1443229404,1530.0,0.011,BID
1443229404,1530.0,0.2,BID
1443229404,1530.0,0.2,BID
1443229404,1530.0,13.0,BID
1443229404,1530.0,0.3,BID
1443229404,1530.36,1.673,BID
1443229406,1526.59,4.0,BID
1443229406,1526.59,10.057,BID
1443229406,1524.09,0.01,ASK
1443229410,1524.11,0.01,ASK
1443229414,1524.13,0.002,ASK
1443229414,1524.12,0.008,ASK
1443229416,1525.0,0.3,ASK
1443229416,1524.98,0.015,BID
1443229417,1524.13,0.1,ASK
1443229417,1524.13,0.2,ASK
1443229422,1524.49,0.1,BID
1443229422,1524.49,0.01,BID
1443229422,1524.5,0.223,BID
1443229422,1524.97,0.0143,BID
1443229422,1524.98,0.285,BID
1443229422,1524.99,0.3,BID
1443229422,1524.99,0.0677,BID
1443229425,1524.99,0.3,BID
1443229425,1524.99,0.3,BID
1443229425,1525.0,0.003,BID
1443229426,1524.41,0.182,ASK
1443229427,1524.42,0.186,ASK
1443229428,1524.42,0.01,ASK
1443229429,1524.42,0.3,ASK
1443229432,1525.0,0.0968,BID
1443229432,1525.99,0.01,BID
1443229432,1526.0,0.1932,BID
1443229432,1524.43,0.01,ASK
1443229434,1524.44,0.1045,ASK
1443229434,1524.43,0.09,ASK
1443229434,1524.43,0.1492,ASK
1443229434,1524.42,0.6563,ASK
1443229434,1526.0,0.1068,BID
1443229434,1526.52,0.0389,BID
1443229434,1526.53,0.1543,BID
1443229434,1525.0,0.01,ASK
1443229435,1526.57,0.002,BID
1443229435,1526.57,0.1947,BID
1443229435,1526.58,0.1033,BID
1443229436,1525.0,0.0868,ASK
1443229436,1524.42,0.9132,ASK
1443229436,1524.42,0.086,ASK
1443229437,1524.97,0.3,BID
1443229439,1524.43,0.01,ASK
1443229441,1524.42,0.099,ASK
1443229441,1524.42,0.015,ASK
1443229441,1524.41,0.886,ASK
1443229444,1524.41,0.01,ASK
1443229445,1524.41,1.0,ASK
1443229446,1524.49,0.086,BID
1443229446,1524.41,0.65,ASK
1443229447,1524.49,0.014,BID
1443229448,1524.93,0.0162,BID
1443229448,1524.94,0.2838,BID
1443229448,1524.5,0.01,ASK
1443229452,1524.51,0.01,ASK
1443229455,1524.51,0.09,ASK
1443229455,1524.5,0.0098,ASK
1443229456,1524.5,0.046,ASK
1443229471,1524.5,0.01,ASK
1443229472,1524.93,0.1,BID
1443229472,1525.99,0.015,BID
1443229472,1526.0,0.3,BID
1443229472,1526.55,0.0301,BID
1443229472,1526.55,0.099,BID
1443229472,1526.56,0.103,BID
1443229472,1526.56,0.4276,BID
1443229478,1525.0,0.014,ASK
1443229480,1525.0,0.1,ASK
1443229480,1525.0,0.186,ASK
1443229481,1524.96,0.002,ASK
1443229481,1524.94,0.0029,ASK
1443229481,1524.51,0.1,ASK
1443229481,1524.51,0.8951,ASK
1443229481,1524.51,0.286,ASK
1443229482,1524.51,0.0998,ASK
1443229482,1524.99,0.1,BID
1443229482,1524.99,0.286,BID
1443229482,1524.99,0.286,BID
1443229482,1524.99,0.286,BID
1443229482,1524.99,0.042,BID
1443229483,1524.99,0.244,BID
1443229483,1524.99,0.286,BID
1443229483,1524.99,0.1257,BID
1443229484,1524.5,0.0102,ASK
1443229484,1524.43,0.1378,ASK
1443229487,1524.51,0.01,BID
1443229489,1524.51,0.01,ASK
1443229489,1524.41,0.09,ASK
1443229491,1524.41,0.234,ASK
1443229492,1524.41,0.144,ASK
1443229493,1524.41,0.01,ASK
1443229494,1524.44,0.099,BID
1443229495,1524.41,0.01,ASK
1443229495,1524.44,0.001,BID
1443229499,1524.45,0.01,ASK
1443229501,1524.45,0.089,ASK
1443229501,1524.41,0.011,ASK
1443229504,1524.41,0.01,ASK
1443229506,1524.41,0.01,ASK
1443229506,1524.41,0.0998,ASK
1443229510,1524.41,0.1,ASK
1443229510,1524.92,0.039,BID
1443229511,1524.94,0.1,ASK
1443229511,1524.94,0.01,ASK
1443229511,1524.94,0.59,ASK
1443229512,1524.94,0.2,ASK
1443229512,1524.94,1.905,ASK
1443229512,1524.94,0.6,ASK
1443229512,1524.94,0.6,ASK
1443229512,1524.94,0.218,ASK
1443229515,1524.44,0.2,BID
1443229516,1524.44,0.4,BID
1443229516,1524.44,0.256,BID
1443229516,1524.43,0.01,ASK
1443229517,1524.44,0.656,BID
1443229518,1524.43,0.09,ASK
1443229518,1524.42,0.441,ASK
1443229518,1524.44,0.088,BID
1443229518,1524.45,0.1,ASK
1443229518,1524.45,0.155,ASK
1443229518,1524.45,0.656,ASK
1443229518,1524.42,1.885,ASK
1443229519,1524.42,0.1,ASK
1443229522,1524.42,0.01,ASK
1443229527,1524.42,0.1,ASK
1443229527,1524.42,1.0,ASK
1443229533,1524.41,1.0,ASK
1443229534,1524.42,0.0998,BID
1443229550,1524.43,0.2,ASK
1443229550,1524.43,0.018,ASK
1443229553,1524.43,1.178,ASK
1443229561,1524.43,0.0998,ASK
1443229568,1524.43,0.01,ASK
1443229572,1524.43,0.1,ASK
1443229573,1524.43,1.0,ASK
1443229580,1524.43,1.0,ASK
1443229581,1524.43,0.1,ASK
1443229584,1524.43,0.01,ASK
1443229588,1524.43,0.0998,ASK
1443229589,1524.43,0.1,ASK
1443229594,1524.43,1.0,ASK
1443229594,1524.85,0.1,BID
1443229594,1524.93,0.09,BID
1443229594,1525.41,0.2591,BID
1443229594,1525.42,5.183,BID
1443229594,1525.92,0.064,BID
1443229594,1525.94,0.002,BID
1443229594,1525.96,0.099,BID
1443229596,1525.97,11.0,BID
1443229596,1525.97,4.0,BID
1443229596,1525.97,4.112,BID
1443229596,1525.96,0.2,ASK
1443229596,1525.96,0.955,ASK
1443229596,1525.96,0.2,ASK
1443229596,1525.96,0.342,ASK
1443229596,1525.96,0.349,ASK
1443229596,1525.96,1.33,ASK
1443229596,1525.96,0.2,ASK
1443229597,1525.96,1.238,ASK
1443229597,1525.96,0.592,ASK
1443229597,1525.96,0.579,ASK
1443229597,1525.96,0.3931,ASK
1443229597,1525.96,0.1,ASK
1443229597,1525.96,0.2,ASK
1443229597,1525.96,1.0,ASK
1443229598,1525.96,4.9048,ASK
1443229598,1524.44,0.01,ASK
1443229599,1524.96,0.1,BID
1443229601,1524.44,0.0716,ASK
1443229601,1524.44,0.064,ASK
1443229601,1524.44,0.1583,ASK
1443229601,1524.43,0.7061,ASK
1443229613,1524.85,5.0,ASK
1443229615,1524.86,1.0,ASK
1443229617,1524.85,0.0998,ASK
1443229625,1524.86,0.099,ASK
1443229627,1524.85,0.05,ASK
1443229630,1524.85,0.082,ASK
1443229632,1524.85,0.01,ASK
1443229633,1524.85,0.2,ASK
1443229633,1524.85,0.2,ASK
1443229633,1524.85,0.39,ASK
1443229634,1524.85,0.2,ASK
1443229634,1524.85,0.01,ASK
1443229635,1524.85,0.2,ASK
1443229637,1524.85,4.5592,ASK
1443229637,1524.48,0.1998,ASK
1443229638,1525.36,0.002,BID
1443229652,1524.5,0.1,ASK
1443229661,1524.46,0.002,ASK
1443229661,1524.43,0.098,ASK
1443229673,1524.43,0.0998,ASK
1443229699,1524.43,0.0998,ASK
1443229716,1524.43,0.01,ASK
1443229719,1524.43,0.05,ASK
1443229721,1524.43,1.0,ASK
1443229722,1524.43,0.098,ASK
1443229723,1524.43,0.01,ASK
1443229724,1524.43,0.897,ASK
1443229725,1524.84,12.0,ASK
1443229725,1524.84,3.0,ASK
1443229725,1524.84,3.935,ASK
1443229725,1524.43,0.05,ASK
1443229728,1524.43,1.0,ASK
1443229728,1524.43,0.0998,ASK
1443229729,1524.43,0.42,ASK
1443229733,1524.43,0.073,ASK
1443229734,1524.43,1.0,ASK
1443229734,1524.43,0.01,ASK
1443229737,1524.43,0.185,ASK
1443229741,1524.43,0.181,ASK
1443229743,1524.43,1.0,ASK
1443229745,1524.85,0.001,BID
1443229745,1524.43,0.49,ASK
1443229746,1524.43,1.0,ASK
1443229747,1524.43,0.05,ASK
1443229751,1524.43,0.077,ASK
1443229751,1524.43,0.01,ASK
1443229753,1524.43,1.0,ASK
1443229755,1524.43,0.05,ASK
1443229758,1524.43,0.19,ASK
1443229758,1524.43,0.0998,ASK
1443229760,1524.85,0.0988,BID
1443229760,1524.44,1.0,ASK
1443229765,1524.85,0.098,ASK
1443229766,1524.85,0.0008,ASK
1443229766,1524.46,0.002,ASK
1443229766,1524.45,0.0952,ASK
1443229767,1524.45,1.0,ASK
1443229774,1524.47,1.0,ASK
1443229781,1524.47,1.0,ASK
1443229785,1524.47,0.0998,ASK
1443229785,1524.47,0.459,ASK
1443229788,1524.47,1.0,ASK
1443229788,1524.47,0.046,ASK
1443229792,1524.47,0.132,ASK
1443229795,1524.47,1.0,ASK
1443229796,1524.47,0.179,ASK
1443229801,1524.47,0.753,ASK
1443229802,1524.47,1.0,ASK
1443229804,1524.47,0.6073,ASK
1443229804,1524.45,0.4717,ASK
1443229806,1524.44,1.0,ASK
1443229818,1524.47,0.0998,BID
1443229837,1524.48,0.041,ASK
1443229840,1524.48,0.0588,ASK
1443229840,1524.48,0.041,ASK
1443229840,1524.48,1.061,ASK
1443229855,1524.48,1.0,ASK
1443229861,1524.48,1.0,ASK
1443229866,1524.48,0.549,ASK
1443229866,1524.44,0.451,ASK
1443229881,1524.43,0.17,ASK
1443229882,1524.43,0.65,ASK
1443229883,1524.43,0.65,ASK
1443229884,1524.43,0.65,ASK
1443229885,1524.43,0.65,ASK
1443229886,1524.43,0.65,ASK
1443229887,1524.43,0.65,ASK
1443229888,1524.44,0.65,ASK
1443229888,1524.44,0.015,ASK
1443229899,1524.44,0.0998,ASK
1443229901,1524.44,0.01,ASK
1443229908,1524.44,0.01,ASK
1443229916,1524.44,0.01,ASK
1443229922,1524.44,1.0,ASK
1443229923,1524.44,0.3252,ASK
1443229923,1524.43,0.3248,ASK
1443229924,1524.43,0.65,ASK
1443229927,1524.43,1.0,ASK
1443229933,1524.43,1.0,ASK
1443229940,1524.43,1.0,ASK
1443229943,1524.43,0.8855,ASK
1443229943,1524.32,0.032,ASK
1443229943,1524.01,0.002,ASK
1443229943,1524.0,0.3,ASK
1443229943,1523.89,4.2353,ASK
1443229943,1523.4,0.004,ASK
1443229943,1523.25,5.0,ASK
1443229943,1523.25,3.6776,ASK
1443229943,1523.24,5.4016,ASK
1443229943,1523.01,1.8497,ASK
1443229944,1524.44,0.0998,BID
1443229944,1524.48,0.0952,BID
1443229952,1524.45,0.0998,ASK
1443229981,1523.09,0.0998,ASK
1443229989,1523.1,0.01,ASK
1443229989,1523.1,0.039,ASK
1443230000,1523.01,0.016,ASK
1443230008,1523.1,0.01,BID
1443230011,1523.1,0.089,BID
1443230012,1523.1,0.0008,BID
1443230016,1523.4,0.01,ASK
1443230018,1523.11,0.027,ASK
1443230025,1523.4,0.1,BID
1443230034,1523.11,0.062,ASK
1443230034,1523.01,0.038,ASK
1443230045,1523.41,0.0998,BID
1443230047,1523.42,0.0002,ASK
1443230047,1523.42,0.0498,ASK
1443230048,1523.42,0.0502,ASK
1443230048,1523.13,0.01,ASK
1443230048,1523.01,0.04,ASK
1443230049,1523.01,0.022,ASK
1443230058,1523.01,0.01,ASK
1443230073,1523.02,0.0998,ASK
1443230074,1523.02,0.0002,ASK
1443230074,1523.01,0.0243,ASK
1443230074,1523.01,0.2755,ASK
1443230077,1523.02,1.5,BID
1443230078,1523.02,0.6566,BID
1443230078,1523.02,0.2434,BID
1443230079,1523.03,0.014,ASK
1443230081,1523.03,0.015,ASK
1443230092,1523.03,0.015,ASK
1443230095,1523.5,0.015,ASK
1443230096,1523.5,0.015,ASK
1443230098,1523.5,0.01,ASK
1443230099,1523.5,0.0998,ASK
1443230101,1523.5,0.11,ASK
1443230103,1523.5,0.1,ASK
1443230104,1523.5,0.1,ASK
1443230105,1523.5,0.1,ASK
1443230106,1523.5,0.11,ASK
1443230108,1523.5,0.01,ASK
1443230109,1523.5,0.11,ASK
1443230111,1523.5,0.1,ASK
1443230113,1523.5,0.11,ASK
1443230116,1523.5,0.11,ASK
1443230117,1523.5,0.1,ASK
1443230118,1523.5,0.071,ASK
1443230120,1523.5,0.05,ASK
1443230124,1523.5,0.15,ASK
1443230126,1523.5,0.05,ASK
1443230127,1523.5,0.05,ASK
1443230128,1523.5,0.098,ASK
1443230128,1523.5,0.0998,ASK
1443230130,1523.5,0.087,ASK
1443230133,1523.5,0.05,ASK
1443230134,1523.5,0.047,ASK
1443230135,1523.5,0.115,ASK
1443230137,1523.5,0.1,ASK
1443230138,1524.31,11.0,ASK
1443230138,1524.31,7.832,ASK
1443230138,1523.5,0.079,ASK
1443230140,1523.5,0.1,ASK
1443230143,1523.5,0.125,ASK
1443230145,1523.5,1.4,ASK
1443230146,1523.5,0.2,ASK
1443230147,1523.5,0.631,ASK
1443230149,1523.5,0.4,ASK
1443230151,1523.5,0.744,ASK
1443230152,1523.5,7.338,ASK
1443230153,1523.53,0.01,ASK
1443230154,1523.53,0.41,ASK
1443230154,1523.53,0.021,ASK
1443230154,1523.5,8.749,ASK
1443230155,1523.5,0.0998,ASK
1443230156,1523.5,0.01,ASK
1443230158,1523.5,0.35,ASK
1443230159,1523.5,0.07,ASK
1443230160,1523.5,0.4,ASK
1443230165,1523.5,0.241,ASK
1443230166,1523.5,0.044,ASK
1443230168,1523.5,0.01,ASK
1443230169,1523.5,0.2,ASK
1443230171,1523.5,0.079,ASK
1443230172,1523.5,0.058,ASK
1443230173,1523.5,0.09,ASK
1443230174,1523.5,0.021,ASK
1443230174,1523.51,16.0,ASK
1443230174,1523.51,2.114,ASK
1443230176,1523.53,0.5,ASK
1443230178,1523.5,0.021,ASK
1443230179,1523.5,0.1,ASK
1443230181,1523.5,0.021,ASK
1443230186,1523.5,0.1,ASK
1443230187,1523.5,0.119,ASK
1443230188,1523.5,0.187,ASK
1443230189,1523.5,0.0998,ASK
1443230189,1523.5,5.9,ASK
1443230191,1523.53,0.5,ASK
1443230191,1523.5,0.1727,ASK
1443230192,1523.5,0.035,ASK
1443230193,1523.5,0.035,ASK
1443230197,1523.5,0.43,ASK
1443230198,1523.35,0.001,ASK
1443230198,1523.04,0.002,ASK
1443230198,1523.01,0.427,ASK
1443230199,1523.01,0.01,ASK
1443230200,1523.5,0.43,BID
1443230200,1523.51,0.29,ASK
1443230204,1523.51,0.11,ASK
1443230204,1523.51,0.204,ASK
1443230204,1523.51,0.1,ASK
1443230204,1523.51,0.037,ASK
1443230205,1523.51,0.019,ASK
1443230206,1523.51,0.033,ASK
1443230208,1523.51,0.012,BID
1443230213,1523.52,0.014,ASK
1443230214,1523.52,0.074,ASK
1443230214,1523.52,0.012,ASK
1443230215,1523.01,0.037,ASK
1443230216,1523.51,0.0138,BID
1443230216,1523.52,0.0002,BID
1443230216,1523.01,0.427,ASK
1443230218,1523.01,0.02,ASK
1443230218,1523.52,0.0118,BID
1443230218,1523.52,0.1,BID
1443230219,1523.53,0.0002,ASK
1443230219,1523.53,0.088,ASK
1443230219,1523.01,0.0438,ASK
1443230220,1523.53,0.0882,ASK
1443230221,1523.53,0.0238,ASK
1443230221,1523.53,0.1072,ASK
1443230225,1523.54,0.1,ASK
1443230227,1523.53,0.0048,ASK
1443230227,1523.01,0.0952,ASK
1443230228,1523.01,0.01,ASK
1443230229,1523.01,0.555,ASK
1443230230,1523.01,0.021,ASK
1443230232,1523.01,3.218,ASK
1443230232,1523.54,0.014,BID
1443230232,1523.54,0.1,BID
1443230233,1523.04,0.014,ASK
1443230234,1523.04,0.269,ASK
1443230235,1523.55,0.114,ASK
1443230235,1523.04,0.164,ASK
1443230241,1523.03,0.1,ASK
1443230244,1523.03,0.0998,ASK
1443230245,1523.03,0.2831,ASK
1443230245,1523.01,0.0998,ASK
1443230247,1523.04,0.2831,ASK
1443230248,1523.04,0.2169,ASK
1443230248,1523.01,0.2831,ASK
1443230248,1523.54,0.1,BID
1443230248,1523.55,0.016,BID
1443230250,1524.28,7.157,ASK
1443230250,1524.28,0.08,ASK
1443230251,1524.29,0.1,ASK
1443230251,1524.28,0.254,ASK
1443230251,1524.28,0.6,ASK
1443230251,1524.28,0.3216,ASK
1443230251,1524.28,0.0784,ASK
1443230251,1524.28,0.0528,ASK
1443230252,1523.05,3.0,ASK
1443230252,1523.05,2.102,ASK
1443230253,1523.14,0.01,BID
1443230253,1523.04,0.283,ASK
1443230254,1523.03,0.283,BID
1443230254,1523.14,1.717,BID
1443230255,1523.14,0.13,BID
1443230255,1523.14,0.01,BID
1443230255,1523.14,6.5456,BID
1443230255,1523.29,0.1,BID
1443230255,1523.44,5.0,ASK
1443230257,1523.44,4.58,ASK
1443230258,1523.8,0.096,ASK
1443230258,1523.44,0.904,ASK
1443230259,1523.15,0.01,ASK
1443230259,1523.15,0.01,ASK
1443230260,1523.15,0.6365,ASK
1443230260,1523.04,0.02,ASK
1443230266,1523.04,0.071,ASK
1443230268,1523.04,0.125,ASK
1443230269,1523.04,0.05,ASK
1443230271,1523.04,0.01,ASK
1443230272,1523.04,0.01,ASK
1443230273,1523.04,0.01,ASK
1443230274,1523.04,0.0998,ASK
1443230275,1523.04,0.02,ASK
1443230276,1523.04,0.014,ASK
1443230277,1523.04,0.0892,ASK
1443230277,1523.04,0.1008,ASK
1443230278,1523.04,0.01,ASK
1443230278,1523.05,12.989,ASK
1443230279,1523.04,0.01,ASK
1443230280,1523.04,0.039,ASK
1443230281,1523.04,0.0372,ASK
1443230281,1523.04,0.0058,ASK
1443230282,1523.04,0.01,ASK
1443230284,1523.04,0.0332,ASK
1443230284,1523.04,0.1068,ASK
1443230286,1523.04,0.0232,ASK
1443230286,1523.04,0.034,ASK
1443230286,1523.04,0.1428,ASK
1443230286,1523.04,0.1062,ASK
1443230286,1523.04,0.0338,ASK
1443230287,1523.04,0.012,ASK
1443230289,1523.04,0.0072,ASK
1443230289,1523.02,0.0028,ASK
1443230291,1523.02,0.293,ASK
1443230293,1523.02,0.1962,ASK
1443230293,1523.01,0.1568,ASK
1443230294,1523.01,0.1962,ASK
1443230296,1523.02,0.303,ASK
1443230296,1523.01,1.398,ASK
1443230297,1523.01,0.303,ASK
1443230298,1524.16,12.0,ASK
1443230298,1524.16,4.661,ASK
1443230299,1523.02,0.5,ASK
1443230299,1523.01,19.5,ASK
1443230300,1523.02,5.0,ASK
1443230300,1523.01,12.8444,ASK
1443230301,1523.02,0.0998,BID
1443230302,1524.17,0.001,BID
1443230307,1523.03,0.013,ASK
1443230308,1523.03,0.023,ASK
1443230310,1523.03,0.0323,ASK
1443230326,1523.24,0.0204,ASK
1443230328,1523.24,0.0998,ASK
1443230329,1524.16,2.0,ASK
1443230329,1524.16,4.595,ASK
1443230362,1523.24,0.0998,ASK
1443230395,1523.24,0.0998,ASK
1443230406,1524.14,0.104,ASK
1443230407,1524.14,0.0001,ASK
1443230427,1523.25,0.0998,ASK
1443230457,1523.03,0.0315,ASK
1443230457,1523.03,0.0683,ASK
1443230459,1524.14,0.001,BID
1443230485,1523.04,0.099,BID
1443230486,1523.04,0.0008,BID
1443230517,1524.22,0.131,BID
1443230520,1523.02,0.0998,ASK
1443230554,1523.03,0.0998,BID
1443230578,1523.06,0.0998,ASK
1443230595,1523.24,5.513,ASK
1443230607,1523.24,0.0998,ASK
1443230612,1524.24,0.01,BID
1443230614,1524.24,1.5,ASK
1443230614,1524.24,0.4,ASK
1443230614,1524.24,0.215,ASK
1443230614,1524.24,0.8358,ASK
1443230614,1523.24,0.2831,ASK
1443230616,1523.24,0.05,BID
1443230616,1523.24,0.01,BID
1443230617,1523.04,0.0998,ASK
1443230617,1523.02,1.8602,ASK
1443230617,1523.01,0.04,ASK
1443230617,1523.24,0.4,BID
1443230617,1523.24,0.6565,BID
1443230617,1523.24,0.6984,BID
1443230617,1523.93,10.0,ASK
1443230617,1523.93,1.021,ASK
1443230618,1523.24,0.0494,ASK
1443230618,1523.24,0.01,ASK
1443230618,1523.24,0.0404,ASK
1443230621,1523.25,0.0051,ASK
1443230621,1523.25,0.01,ASK
1443230625,1523.25,0.01,ASK
1443230634,1523.25,0.0998,BID
1443230654,1523.27,0.01,ASK
1443230654,1523.26,0.0998,ASK
1443230654,1523.24,0.0802,ASK
1443230663,1523.26,0.0998,BID
1443230693,1523.29,0.083,ASK
1443230695,1523.29,0.0168,BID
1443230720,1523.27,0.0998,ASK
1443230748,1523.24,0.0998,ASK
1443230770,1524.24,0.0537,BID
1443230770,1524.24,0.1106,BID
1443230770,1524.24,0.0575,BID
1443230770,1524.25,6.0799,BID
1443230775,1523.25,0.0854,ASK
1443230775,1523.25,0.0144,ASK
1443230776,1524.2,12.0,ASK
1443230776,1524.2,3.188,ASK
1443230794,1523.26,0.0574,ASK
1443230794,1523.26,0.0393,ASK
1443230794,1523.25,0.2655,ASK
1443230806,1523.26,0.0998,BID
1443230817,1524.2,0.0144,BID
1443230820,1524.2,0.508,ASK
1443230820,1524.2,0.334,ASK
1443230823,1524.2,4.615,ASK
1443230845,1523.27,0.0998,ASK
1443230845,1523.25,0.0145,ASK
1443230845,1523.24,0.8857,ASK
1443230847,1524.17,7.0,ASK
1443230847,1524.17,11.859,ASK
1443230856,1523.27,0.0998,BID
1443230858,1523.29,11.0,BID
1443230858,1523.29,10.455,BID
1443230877,1524.16,0.0155,BID
1443230877,1524.17,0.31,BID
1443230880,1524.17,0.0025,ASK
1443230880,1523.29,0.01,ASK
1443230880,1523.28,0.0873,ASK
1443230907,1523.28,0.0125,ASK
1443230907,1523.26,0.0154,ASK
1443230911,1523.26,0.0719,BID
1443230932,1523.24,0.0998,ASK
1443230934,1524.18,0.001,BID
1443230939,1524.17,0.01,BID
1443230958,1523.24,0.0302,ASK
1443230964,1523.09,0.0696,BID
1443230972,1524.16,0.01,BID
1443230972,1524.17,0.0326,BID
1443230972,1524.18,0.1543,BID
1443230987,1523.1,0.0696,ASK
1443230990,1523.08,0.0302,BID
1443230994,1524.16,0.054,BID
1443230994,1524.16,0.6951,BID
1443230994,1524.17,1.0433,BID
1443230994,1524.17,0.0249,BID
1443230994,1524.18,0.4977,BID
1443230994,1524.18,0.3129,BID
1443230994,1524.19,0.65,BID
1443230994,1524.2,0.0998,BID
1443230994,1524.29,0.1,BID
1443230994,1524.36,0.008,BID
1443230994,1524.48,0.0046,BID
1443230994,1524.67,0.002,BID
1443230994,1524.77,9.767,BID
1443231013,1523.09,0.0302,ASK
1443231013,1523.06,0.0696,ASK
1443231043,1523.08,0.0338,ASK
1443231043,1523.08,0.0249,ASK
1443231043,1523.08,0.0411,ASK
1443231048,1524.09,0.0696,BID
1443231048,1524.1,0.01,BID
1443231048,1524.12,0.0411,BID
1443231048,1524.12,0.0402,BID
1443231048,1524.13,0.5,BID
1443231048,1524.13,1.1268,BID
1443231048,1524.74,0.0438,BID
1443231048,1524.75,2.2776,BID
1443231048,1524.99,5.0,BID
1443231048,1525.0,0.3,BID
1443231048,1525.0,10.0,BID
1443231048,1525.0,10.0,BID
1443231048,1525.28,0.004,BID
1443231048,1525.73,0.3829,BID
1443231048,1525.92,0.002,BID
1443231048,1525.96,0.1,BID
1443231048,1525.96,0.3931,BID
1443231048,1526.0,0.3,BID
1443231048,1526.0,4.838,BID
1443231051,1523.1,0.1,ASK
1443231051,1523.09,0.0128,ASK
1443231051,1523.09,0.2122,ASK
1443231056,1524.0,0.3,ASK
1443231056,1525.0,0.3,ASK
1443231057,1524.02,0.002,ASK
1443231057,1523.5,0.011,BID
1443231058,1524.1,0.135,ASK
1443231058,1524.01,0.015,ASK
1443231058,1523.12,0.0328,ASK
1443231058,1523.11,0.1172,ASK
1443231098,1523.07,0.0998,ASK
1443231125,1523.07,0.0998,ASK
1443231149,1523.59,0.1,BID
1443231151,1523.59,0.426,ASK
1443231154,1523.6,0.01,ASK
1443231154,1523.6,0.09,ASK
1443231154,1523.59,0.206,ASK
1443231154,1523.59,0.027,ASK
1443231154,1523.59,0.0998,ASK
1443231158,1523.59,0.412,ASK
1443231161,1523.59,1.0,ASK
1443231162,1523.59,4.2927,ASK
1443231162,1523.08,0.7073,ASK
1443231165,1523.08,0.429,ASK
1443231181,1523.07,0.0998,ASK
1443231182,1523.07,0.65,ASK
1443231183,1523.07,0.65,ASK
1443231184,1523.07,0.65,ASK
1443231185,1523.07,0.1225,ASK
1443231185,1523.07,0.01,ASK
1443231185,1523.07,0.001,ASK
1443231185,1523.07,0.5165,ASK
1443231186,1523.07,0.6101,ASK
1443231186,1523.02,0.01,ASK
1443231186,1523.02,0.99,ASK
1443231205,1523.06,0.0399,BID
1443231217,1523.08,0.01,ASK
1443231217,1523.07,0.0399,ASK
1443231217,1523.03,0.0499,ASK
1443231232,1523.03,1.9752,ASK
1443231246,1523.03,0.0998,ASK
1443231268,1523.03,0.05,ASK
1443231273,1523.03,0.434,ASK
1443231276,1523.03,0.0998,ASK
1443231277,1523.03,0.393,ASK
1443231279,1523.88,0.01,BID
1443231279,1523.88,0.1,BID
1443231279,1523.89,0.0993,BID
1443231279,1523.9,0.0429,BID
1443231279,1523.9,1.9752,BID
1443231279,1523.9,0.3706,BID
1443231279,1523.03,0.258,ASK
1443231283,1523.04,0.1,ASK
1443231283,1523.03,0.138,ASK
1443231303,1523.03,0.0998,ASK
1443231326,1523.03,0.657,ASK
1443231331,1523.03,0.049,ASK
1443231333,1523.03,0.0998,ASK
1443231334,1523.03,0.157,ASK
1443231338,1523.03,0.67,ASK
1443231340,1523.03,0.35,ASK
1443231344,1523.03,0.05,ASK
1443231346,1523.03,0.135,ASK
1443231349,1523.03,0.416,ASK
1443231352,1523.03,0.4,ASK
1443231356,1523.03,0.4,ASK
1443231359,1523.03,0.0057,ASK
1443231359,1523.03,0.0998,ASK
1443231360,1523.03,0.038,ASK
1443231363,1523.03,0.438,ASK
1443231363,1523.03,0.018,ASK
1443231366,1523.03,1.0,ASK
1443231377,1523.03,0.05,ASK
1443231381,1523.03,2.7201,ASK
1443231381,1523.03,0.3699,ASK
1443231384,1523.03,0.0008,ASK
1443231384,1523.02,2.22,ASK
1443231384,1523.02,2.5,ASK
1443231384,1523.02,0.2792,ASK
1443231385,1523.02,0.01,ASK
1443231387,1523.02,0.754,ASK
1443231390,1523.01,5.0,ASK
1443231394,1523.01,0.277,ASK
1443231395,1523.01,0.2119,ASK
1443231397,1523.01,0.19,ASK
1443231401,1523.01,1.6,ASK
1443231405,1523.01,0.032,ASK
1443231409,1523.01,1.0,ASK
1443231410,1523.01,0.243,ASK
1443231410,1523.01,0.01,ASK
1443231412,1523.01,0.069,ASK
1443231413,1523.01,0.233,ASK
1443231413,1523.01,0.011,ASK
1443231415,1523.01,0.013,ASK
1443231415,1523.01,0.0998,ASK
1443231416,1523.01,0.1,ASK
1443231417,1523.01,0.611,ASK
1443231418,1523.01,1.118,ASK
1443231420,1523.01,0.019,ASK
1443231421,1523.01,0.2,ASK
1443231422,1523.01,0.039,ASK
1443231422,1523.01,0.026,ASK
1443231424,1523.01,0.455,ASK
1443231424,1523.03,0.0998,BID
1443231424,1523.8,0.0736,BID
1443231424,1523.81,1.4723,BID
1443231424,1523.82,0.1,BID
1443231425,1523.86,0.127,ASK
1443231426,1523.86,0.2,ASK
1443231426,1523.86,0.46,ASK
1443231426,1523.86,0.58,ASK
1443231427,1523.86,0.2,ASK
1443231427,1523.86,0.199,ASK
1443231427,1523.86,0.2,ASK
1443231428,1523.86,0.2,ASK
1443231428,1523.86,0.343,ASK
1443231428,1523.86,1.0,ASK
1443231428,1523.87,0.1,ASK
1443231428,1523.86,16.4008,ASK
1443231429,1523.04,0.0998,ASK
1443231429,1523.02,0.0809,ASK
1443231429,1523.01,1.8193,ASK
1443231429,1523.01,0.045,ASK
1443231431,1523.01,0.857,ASK
1443231433,1523.01,0.857,ASK
1443231433,1523.01,0.65,ASK
1443231434,1523.01,0.3,ASK
1443231435,1523.01,0.7,ASK
1443231437,1523.01,1.086,ASK
1443231437,1523.01,0.814,ASK
1443231438,1523.01,1.88,ASK
1443231440,1523.01,0.01,ASK
1443231441,1523.01,0.0998,ASK
1443231442,1523.01,0.01,ASK
1443231443,1523.01,0.049,ASK
1443231445,1523.01,1.229,ASK
1443231447,1523.01,0.01,ASK
1443231448,1523.01,0.1,ASK
1443231450,1523.01,0.05,ASK
1443231451,1523.01,1.0,ASK
1443231455,1523.04,0.15,ASK
1443231458,1523.01,0.01,ASK
1443231459,1523.01,0.089,ASK
1443231461,1523.01,10.237,ASK
1443231462,1523.04,0.06,ASK
1443231463,1523.04,0.11,ASK
1443231464,1523.04,0.2,ASK
1443231465,1523.04,0.13,ASK
1443231465,1523.01,0.2,ASK
1443231466,1523.01,0.13,ASK
1443231466,1523.85,3.0,ASK
1443231466,1523.85,5.88,ASK
1443231467,1523.85,12.0,ASK
1443231467,1523.85,0.422,ASK
1443231469,1523.01,0.7,ASK
1443231471,1523.01,0.11,ASK
1443231475,1523.56,0.0998,ASK
1443231475,1523.56,0.111,ASK
1443231475,1523.56,0.1174,ASK
1443231476,1523.01,0.05,ASK
1443231478,1523.06,0.1886,BID
1443231478,1523.07,0.0004,ASK
1443231478,1523.01,0.0106,ASK
1443231479,1523.07,0.16,ASK
1443231481,1523.07,0.029,ASK
1443231481,1523.07,0.13,ASK
1443231483,1523.01,0.141,ASK
1443231484,1523.01,0.152,ASK
1443231485,1523.01,0.181,ASK
1443231489,1523.01,0.1,ASK
1443231490,1523.01,9.992,ASK
1443231494,1523.04,0.311,ASK
1443231496,1523.04,0.011,ASK
1443231498,1523.01,0.045,ASK
1443231499,1523.01,0.9,ASK
1443231500,1523.01,9.674,ASK
1443231501,1523.01,4.1938,ASK
1443231501,1523.01,2.0,ASK
1443231501,1523.01,4.2643,ASK
1443231501,1523.01,0.8944,ASK
1443231501,1523.04,0.01,ASK
1443231505,1523.87,0.1,BID
1443231505,1523.99,0.01,BID
1443231505,1523.99,0.8944,BID
1443231505,1524.0,0.0998,BID
1443231505,1524.0,0.3158,BID
1443231505,1523.01,0.06,ASK
1443231507,1523.01,0.05,ASK
1443231508,1523.02,0.073,ASK
1443231511,1523.02,0.027,ASK
1443231511,1523.02,0.01,ASK
1443231511,1523.0,0.25,ASK
1443231511,1523.0,0.113,ASK
1443231512,1523.01,0.01,ASK
1443231512,1523.0,0.037,ASK
1443231513,1523.01,0.01,BID
1443231514,1523.01,0.007,BID
1443231514,1523.04,0.0998,BID
1443231516,1523.05,0.0102,ASK
1443231516,1523.05,0.117,ASK
1443231517,1523.0,0.1272,ASK
1443231518,1523.05,0.117,ASK
1443231518,1523.0,0.077,ASK
1443231519,1523.01,18.634,ASK
1443231520,1523.03,0.49,ASK
1443231520,1523.0,1.324,ASK
1443231521,1523.0,0.193,ASK
1443231522,1523.0,0.22,ASK
1443231524,1523.0,0.091,ASK
1443231526,1523.0,0.043,ASK
1443231527,1523.0,0.17,ASK
1443231528,1523.0,0.05,ASK
1443231530,1523.0,0.565,ASK
1443231531,1523.28,0.01,ASK
1443231532,1523.28,0.05,ASK
1443231533,1523.28,0.0728,ASK
1443231536,1523.28,0.0998,ASK
1443231537,1523.28,0.01,ASK
1443231538,1523.28,0.1874,ASK
1443231538,1523.0,2.1898,ASK
1443231538,1523.0,0.33,ASK
1443231539,1522.86,0.016,ASK
1443231539,1522.55,0.002,ASK
1443231540,1522.49,0.1694,BID
1443231540,1523.0,0.1316,BID
1443231540,1522.23,0.016,ASK
1443231540,1523.0,0.01,BID
1443231540,1523.0,0.4135,BID
1443231540,1523.51,6.0,BID
1443231540,1523.51,2.144,BID
1443231544,1523.02,0.1865,ASK
1443231546,1523.02,0.04,ASK
1443231547,1523.02,0.4,ASK
1443231548,1523.01,0.172,ASK
1443231548,1523.52,0.1,BID
1443231549,1523.53,0.0975,ASK
1443231551,1523.53,0.0025,ASK
1443231551,1523.53,0.0975,ASK
1443231551,1523.53,0.0025,ASK
1443231551,1523.53,0.0075,ASK
1443231552,1523.53,0.0785,ASK
1443231552,1523.02,0.0235,ASK
1443231552,1523.02,0.0765,ASK
1443231552,1523.01,0.026,ASK
1443231554,1523.01,0.3571,ASK
1443231557,1523.02,0.362,BID
1443231557,1523.02,0.0004,BID
1443231559,1523.03,0.05,ASK
1443231561,1523.03,0.01,ASK
1443231564,1522.34,0.015,BID
1443231566,1522.66,0.01,ASK
1443231567,1522.35,0.01,ASK
1443231568,1523.01,0.0998,BID
1443231570,1523.02,0.0002,ASK
1443231571,1522.33,0.0098,BID
1443231573,1523.0,0.1,ASK
1443231575,1523.0,0.279,ASK
1443231576,1523.0,0.4,ASK
1443231577,1523.0,3.2112,ASK
1443231577,1523.0,0.001,ASK
1443231577,1523.0,0.001,ASK
1443231577,1522.36,0.399,ASK
1443231580,1523.02,0.362,BID
1443231582,1523.01,0.0329,BID
1443231582,1523.02,0.2891,BID
1443231582,1523.02,0.0079,BID
1443231584,1523.03,0.05,ASK
1443231588,1523.03,0.043,ASK
1443231589,1523.03,0.179,ASK
1443231592,1522.31,0.0328,ASK
1443231592,1522.3,0.1002,ASK
1443231593,1522.3,0.039,ASK
1443231595,1522.3,0.133,ASK
1443231599,1522.3,0.092,ASK
1443231600,1523.03,0.0998,BID
1443231601,1523.05,4.544,BID
1443231602,1523.04,0.0002,ASK
1443231602,1523.04,0.1,ASK
1443231602,1522.29,0.0508,ASK
1443231604,1522.29,0.1002,ASK
1443231607,1523.02,0.1,BID
1443231607,1523.04,0.01,BID
1443231608,1523.05,0.11,ASK
1443231608,1523.05,0.11,ASK
1443231608,1522.29,0.12,ASK
1443231609,1522.29,0.025,ASK
1443231610,1522.29,0.503,ASK
1443231611,1522.3,0.703,ASK
1443231621,1522.31,0.0998,ASK
1443231643,1522.35,0.005,ASK
1443231643,1522.31,0.0002,ASK
1443231643,1522.24,0.0378,ASK
1443231647,1522.33,0.0998,ASK
1443231647,1522.36,0.06,ASK
1443231650,1522.36,0.063,ASK
1443231651,1522.24,0.063,ASK
1443231658,1522.27,0.556,ASK
1443231659,1522.24,0.133,ASK
1443231661,1523.82,0.063,BID
1443231661,1523.83,0.2755,BID
1443231670,1522.24,0.1,ASK
1443231672,1522.24,0.1,ASK
1443231673,1522.24,0.0998,ASK
1443231673,1522.24,0.122,ASK
1443231700,1523.74,0.716,BID
1443231700,1523.76,0.0149,BID
