timestamp,price,amount,side
1443828891,1533.99,0.2602,BID
1443828891,1534.3,0.002,BID
1443828891,1534.32,0.1078,BID
1443828891,1534.4,0.004,BID
1443828891,1534.47,7.1304,BID
1443828891,1534.47,23.5646,BID
1443828940,1533.68,0.01,ASK
1443828941,1533.96,0.36,BID
1443828941,1533.99,0.3,BID
1443828942,1533.7,2.0,ASK
1443828942,1533.7,15.15,ASK
1443828947,1533.69,0.01,ASK
1443828956,1534.43,0.01,BID
1443828956,1534.44,0.2082,BID
1443828961,1533.68,0.0944,ASK
1443829031,1533.69,0.002,ASK
1443829031,1533.51,0.002,ASK
1443829031,1533.37,0.006,ASK
1443829031,1533.06,0.002,ASK
1443829031,1533.01,0.015,ASK
1443829031,1533.0,0.044,ASK
1443829078,1533.18,0.0259,BID
1443829155,1533.52,0.192,BID
1443829156,1533.52,0.0003,BID
1443829194,1534.42,0.002,BID
1443829194,1534.43,0.015,BID
1443829360,1534.44,0.5987,BID
1443829373,1534.44,0.9574,BID
1443829391,1534.44,1.9056,BID
1443829466,1534.0,0.07,ASK
1443829560,1534.48,12.456,BID
1443829561,1534.48,29.064,BID
1443829579,1534.48,1.0,BID
1443829586,1534.48,1.0,BID
1443829588,1534.48,1.0,BID
1443829608,1534.48,0.01,BID
1443829608,1534.48,0.01,BID
1443829627,1534.48,0.01,BID
1443829635,1534.48,0.01,BID
1443829636,1534.48,0.01,BID
1443829638,1534.48,0.01,BID
1443829645,1534.48,0.328,BID
1443829648,1534.48,0.016,BID
1443829654,1534.48,0.035,BID
1443829657,1534.18,0.001,ASK
1443829677,1534.2,0.001,ASK
1443829677,1534.48,0.328,BID
1443829692,1534.48,0.6,BID
1443829693,1534.48,0.6,BID
1443829694,1534.48,0.328,BID
1443829695,1534.48,0.6517,BID
1443829696,1534.48,0.6517,BID
1443829701,1534.26,0.0054,ASK
1443829702,1534.48,0.6517,BID
1443829718,1534.48,0.01,BID
1443829719,1534.48,0.6517,BID
1443829719,1534.48,1.0,BID
1443829720,1534.48,0.6517,BID
1443829720,1534.48,0.185,BID
1443829721,1534.48,0.6517,BID
1443829721,1534.48,0.2181,BID
1443829722,1534.48,0.836,BID
1443829722,1534.48,0.6517,BID
1443829722,1534.48,0.836,BID
1443829722,1534.48,0.6,BID
1443829722,1534.48,0.4,BID
1443829722,1534.32,3.0,BID
1443829722,1534.32,14.0,BID
1443829722,1534.32,0.151,BID
1443829723,1534.48,0.038,BID
1443829723,1534.48,0.6517,BID
1443829724,1534.48,0.6517,BID
1443829725,1534.48,0.01,BID
1443829725,1534.31,0.0054,ASK
1443829726,1534.48,0.038,BID
1443829726,1534.48,0.6517,BID
1443829727,1534.48,0.6517,BID
1443829729,1534.48,0.201,BID
1443829734,1534.63,0.01,BID
1443829737,1534.94,0.002,BID
1443829744,1535.0,0.3,BID
1443829744,1535.56,0.004,BID
1443829744,1535.71,1.0135,BID
1443829744,1534.82,0.001,ASK
1443829745,1534.97,0.3,BID
1443829768,1534.86,0.001,ASK
1443829768,1534.84,0.002,ASK
1443829768,1534.84,0.0071,ASK
1443829793,1534.84,0.0014,ASK
1443829808,1535.67,0.001,BID
1443829808,1535.68,0.966,BID
1443829808,1535.69,0.002,BID
1443829808,1535.69,0.206,BID
1443829808,1535.71,0.6997,BID
1443829809,1535.76,0.001,ASK
1443829810,1535.76,0.357,ASK
1443829810,1535.76,2.2229,ASK
1443829810,1535.76,0.059,ASK
1443829811,1535.76,2.0867,ASK
1443829812,1535.15,1.0,ASK
1443829812,1534.84,0.0961,ASK
1443829812,1534.5,0.0479,ASK
1443829812,1534.5,0.0347,ASK
1443829812,1534.49,0.6517,ASK
1443829812,1534.49,0.1696,ASK
1443829817,1534.85,0.001,ASK
1443829818,1535.35,7.0,ASK
1443829818,1535.35,13.414,ASK
1443829841,1534.93,0.0028,ASK
1443829844,1534.93,0.3,ASK
1443829867,1534.94,0.001,BID
1443829894,1534.85,0.025,ASK
1443829904,1534.85,0.065,ASK
1443829904,1534.81,0.0249,ASK
1443829904,1534.81,0.0251,ASK
1443829904,1534.8,1.3012,ASK
1443829904,1534.67,0.0566,ASK
1443829904,1534.66,0.5562,ASK
1443829910,1534.84,0.01,BID
1443829914,1534.84,0.001,BID
1443829917,1534.84,0.01,BID
1443829918,1534.84,0.01,BID
1443829923,1534.84,0.059,BID
1443829923,1534.84,0.001,BID
1443829942,1534.87,0.0022,ASK
1443829957,1534.85,0.03,ASK
1443829962,1534.84,0.01,BID
1443829962,1534.84,0.05,BID
1443829967,1534.93,0.003,ASK
1443829980,1535.35,0.001,BID
1443829980,1535.36,0.001,BID
1443829990,1535.49,0.0219,BID
1443829990,1535.23,0.001,ASK
1443830011,1535.13,0.001,ASK
1443830034,1534.95,0.001,ASK
1443830045,1535.49,0.0219,BID
1443830056,1534.95,0.001,BID
1443830056,1535.12,0.334,BID
1443830073,1535.48,0.001,BID
1443830073,1535.49,0.0219,BID
1443830073,1535.5,0.0593,BID
1443830076,1535.14,0.0018,ASK
1443830101,1535.14,0.001,BID
1443830111,1535.14,0.0209,ASK
1443830111,1535.13,0.234,ASK
1443830111,1535.13,0.2331,ASK
1443830111,1535.13,0.0009,ASK
1443830111,1535.11,0.0091,ASK
1443830113,1535.11,0.0128,ASK
1443830113,1535.11,0.0199,ASK
1443830113,1535.0,1.6063,ASK
1443830115,1535.12,0.4,BID
1443830115,1535.12,0.088,BID
1443830121,1535.11,0.01,BID
1443830121,1535.11,0.0156,BID
1443830121,1535.12,0.2974,BID
1443830122,1535.0,0.2917,ASK
1443830144,1535.01,0.015,ASK
1443830145,1535.01,0.0006,ASK
1443830145,1535.0,0.2411,ASK
1443830145,1535.0,0.2911,ASK
1443830147,1535.0,0.001,ASK
1443830158,1535.11,0.001,ASK
1443830158,1535.08,0.58,ASK
1443830161,1535.08,0.395,ASK
1443830163,1535.47,1.0,ASK
1443830163,1535.47,8.685,ASK
1443830178,1535.02,0.235,ASK
1443830204,1534.94,0.234,ASK
1443830206,1535.01,0.001,BID
1443830211,1535.09,0.0008,ASK
1443830211,1534.94,0.2131,ASK
1443830243,1534.98,0.2099,ASK
1443830243,1534.95,0.2645,ASK
1443830248,1534.94,0.1897,ASK
1443830249,1534.94,0.65,ASK
1443830279,1534.94,0.003,ASK
1443830327,1534.94,0.001,ASK
1443830344,1534.98,0.001,ASK
1443830344,1534.94,0.51,ASK
1443830347,1534.94,0.432,ASK
1443830350,1534.94,0.8231,ASK
1443830350,1534.94,0.0549,ASK
1443830354,1534.94,0.34,ASK
1443830356,1534.94,0.01,ASK
1443830365,1534.93,0.01,ASK
1443830370,1534.93,4.7219,ASK
1443830378,1534.96,0.347,ASK
1443830378,1534.93,4.4651,ASK
1443830378,1534.85,0.09,ASK
1443830378,1534.79,0.004,ASK
1443830378,1534.69,2.206,ASK
1443830378,1534.54,0.001,ASK
1443830378,1534.52,0.002,ASK
1443830378,1534.48,0.002,ASK
1443830378,1534.27,0.102,ASK
1443830378,1534.14,0.0364,ASK
1443830378,1534.14,0.0014,ASK
1443830379,1534.13,0.1136,ASK
1443830379,1534.13,0.347,ASK
1443830380,1534.13,0.01,ASK
1443830380,1534.13,0.0294,ASK
1443830380,1534.11,0.3702,ASK
1443830380,1534.11,0.1643,ASK
1443830381,1534.11,3.0,ASK
1443830381,1534.11,0.302,ASK
1443830382,1534.11,0.1015,ASK
1443830383,1534.11,3.1941,ASK
1443830383,1534.1,3.4035,ASK
1443830383,1534.1,0.2172,ASK
1443830384,1534.1,0.5,ASK
1443830384,1534.1,0.1015,ASK
1443830384,1534.1,1.9,ASK
1443830385,1534.1,0.774,ASK
1443830386,1534.17,0.001,BID
1443830387,1534.1,3.0,ASK
1443830387,1534.1,3.0,ASK
1443830388,1534.1,0.65,ASK
1443830389,1534.1,0.895,ASK
1443830390,1534.1,0.71,ASK
1443830391,1534.0,0.1485,ASK
1443830392,1534.09,0.1757,BID
1443830393,1534.0,0.1136,ASK
1443830393,1534.0,0.1162,ASK
1443830394,1534.09,0.6519,BID
1443830395,1534.0,0.01,ASK
1443830395,1534.0,0.1738,ASK
1443830395,1534.0,0.4762,ASK
1443830395,1534.0,0.5,ASK
1443830396,1534.0,0.2285,ASK
1443830396,1534.08,0.1264,BID
1443830396,1534.09,0.5255,BID
1443830396,1534.0,1.18,ASK
1443830397,1534.0,0.65,ASK
1443830398,1534.0,0.1618,ASK
1443830399,1534.0,0.65,ASK
1443830400,1534.0,0.01,ASK
1443830400,1534.0,0.65,ASK
1443830400,1534.0,0.58,ASK
1443830400,1534.0,1.0,ASK
1443830401,1534.0,0.175,ASK
1443830401,1534.0,0.65,ASK
1443830401,1534.0,3.0,ASK
1443830401,1534.0,0.01,ASK
1443830402,1534.0,0.65,ASK
1443830403,1534.0,0.65,ASK
1443830404,1534.0,1.18,ASK
1443830405,1534.0,0.65,ASK
1443830405,1534.0,0.65,ASK
1443830405,1534.0,20.0,ASK
1443830407,1534.0,0.65,ASK
1443830412,1534.0,0.6575,ASK
1443830413,1533.99,0.0005,BID
1443830413,1533.99,0.0005,BID
1443830415,1533.95,0.025,ASK
1443830415,1533.94,0.475,ASK
1443830416,1533.94,0.025,ASK
1443830419,1533.87,0.004,ASK
1443830419,1533.0,0.139,ASK
1443830427,1533.0,0.117,ASK
1443830427,1532.93,0.29,ASK
1443830427,1532.64,0.217,ASK
1443830427,1532.64,0.008,ASK
1443830427,1532.25,0.288,ASK
1443830442,1532.91,0.001,BID
1443830456,1532.91,0.049,BID
1443830456,1532.91,0.351,BID
1443830458,1532.91,0.6,BID
1443830460,1532.91,0.01,BID
1443830461,1532.9,0.6,BID
1443830466,1532.53,1.18,ASK
1443830468,1532.89,0.001,BID
1443830468,1532.56,0.155,ASK
1443830473,1532.89,0.0202,BID
1443830473,1532.89,0.0149,BID
1443830473,1532.9,0.2909,BID
1443830481,1532.9,0.4,BID
1443830490,1532.56,0.171,ASK
1443830490,1532.27,0.0202,ASK
1443830490,1532.27,0.0149,ASK
1443830490,1532.27,0.1026,ASK
1443830490,1532.26,0.2553,ASK
1443830497,1532.88,0.003,ASK
1443830497,1532.26,1.0122,ASK
1443830516,1532.88,0.001,BID
1443830518,1532.26,0.2811,ASK
1443830557,1532.88,0.001,ASK
1443830568,1532.88,0.0028,BID
1443830568,1532.89,0.0002,BID
1443830589,1532.89,0.0016,ASK
1443830592,1532.9,0.005,BID
1443830595,1532.9,0.0053,BID
1443830595,1532.9,0.5947,BID
1443830600,1532.9,0.6,BID
1443830605,1532.9,0.4,BID
1443830605,1532.9,0.6,BID
1443830606,1532.9,0.6524,BID
1443830619,1532.89,0.001,BID
1443830647,1532.91,0.002,ASK
1443830648,1532.94,0.001,BID
1443830651,1532.91,0.6504,ASK
1443830651,1532.91,0.5636,ASK
1443830652,1532.91,0.0364,ASK
1443830652,1532.9,0.024,BID
1443830654,1532.9,0.5896,BID
1443830654,1532.9,0.6494,BID
1443830655,1532.9,0.0006,BID
1443830661,1532.94,0.024,BID
1443830663,1532.96,0.023,BID
1443830672,1532.91,0.001,ASK
1443830677,1532.97,0.01,ASK
1443830700,1532.97,0.001,ASK
1443830717,1533.04,0.0101,ASK
1443830717,1532.97,0.0109,ASK
1443830719,1532.97,0.0011,ASK
1443830719,1532.91,0.0208,ASK
1443830725,1533.03,0.001,BID
1443830749,1533.03,0.001,BID
1443830773,1532.91,0.003,ASK
1443830799,1532.92,0.1069,ASK
1443830802,1532.99,0.0022,BID
1443830830,1532.92,0.001,ASK
1443830858,1533.01,0.001,BID
1443830860,1533.04,11.0,BID
1443830860,1533.04,0.935,BID
1443830863,1533.0,0.207,BID
1443830863,1533.0,0.0001,BID
1443830863,1533.01,0.0104,ASK
1443830864,1533.01,0.0104,ASK
1443830878,1533.01,0.0016,ASK
1443830879,1533.05,0.001,BID
1443830879,1533.36,0.002,BID
1443830879,1533.94,0.0368,BID
1443830879,1533.94,0.0844,BID
1443830879,1533.94,0.077,BID
1443830879,1533.94,0.0146,BID
1443830879,1533.95,0.8243,BID
1443830896,1533.04,0.0195,ASK
1443830896,1533.02,0.0196,ASK
1443830896,1533.01,0.0519,ASK
1443830907,1533.03,0.0259,ASK
1443830907,1533.02,0.017,ASK
1443830907,1533.02,0.4911,ASK
1443830909,1533.01,0.003,ASK
1443830909,1533.85,0.0054,BID
1443830930,1533.02,0.017,ASK
1443830930,1533.01,0.01,ASK
1443830934,1533.02,0.001,ASK
1443830935,1533.7,0.001,BID
1443830956,1533.0,0.001,BID
1443830960,1533.24,0.0044,ASK
1443830976,1532.92,0.001,ASK
1443830986,1533.11,0.001,ASK
1443831005,1533.1,0.001,BID
1443831005,1533.22,0.086,BID
1443831009,1533.18,0.1481,BID
1443831009,1533.22,0.0887,BID
1443831009,1533.22,0.0251,BID
1443831011,1533.24,0.1381,ASK
1443831051,1532.92,0.0173,ASK
1443831051,1532.91,0.1187,ASK
1443831054,1533.15,0.1536,BID
1443831054,1533.21,0.0556,BID
1443831054,1533.7,0.001,BID
1443831054,1533.95,0.1079,BID
1443831054,1533.95,0.0349,BID
1443831054,1533.95,0.0164,BID
1443831054,1533.96,3.8306,BID
1443831056,1533.14,0.1536,BID
1443831057,1533.14,0.3375,BID
1443831060,1533.16,0.517,ASK
1443831060,1533.15,0.127,ASK
1443831061,1533.16,0.01,ASK
1443831063,1533.16,0.0222,ASK
1443831063,1533.15,0.0266,ASK
1443831063,1533.15,0.4911,ASK
1443831113,1533.03,0.001,ASK
1443831134,1532.97,0.001,ASK
1443831134,1532.94,0.0971,ASK
1443831134,1532.94,0.0123,ASK
1443831136,1532.92,0.01,ASK
1443831140,1532.91,0.081,ASK
1443831142,1532.91,0.01,ASK
1443831161,1532.93,0.001,ASK
1443831161,1532.91,0.1559,ASK
1443831168,1532.87,0.003,ASK
1443831186,1532.92,0.001,BID
1443831236,1532.91,0.2075,BID
1443831240,1532.92,0.01,ASK
1443831248,1532.92,0.01,ASK
1443831255,1532.92,0.01,ASK
1443831290,1532.92,0.01,ASK
1443831304,1532.92,0.0025,ASK
1443831317,1532.92,0.1713,ASK
1443831372,1532.92,0.0787,ASK
1443831378,1532.91,0.0787,BID
1443831378,1532.92,0.9412,BID
1443831380,1532.92,0.001,BID
1443831382,1532.92,0.7281,BID
1443831384,1532.92,0.6523,BID
1443831385,1532.92,0.6523,BID
1443831386,1532.92,0.6523,BID
1443831387,1532.92,0.6523,BID
1443831388,1532.92,0.6523,BID
1443831389,1532.92,0.6523,BID
1443831389,1532.91,5.0,BID
1443831389,1532.91,3.082,BID
1443831390,1532.92,0.001,BID
1443831390,1532.92,0.6523,BID
1443831391,1532.92,1.771,BID
1443831399,1532.93,0.01,ASK
1443831449,1532.93,0.02,ASK
1443831483,1533.21,0.02,BID
1443831511,1532.94,0.001,ASK
1443831533,1533.0,0.06,ASK
1443831533,1532.94,0.019,ASK
1443831533,1532.94,0.0131,ASK
1443831533,1532.93,0.1015,ASK
1443831536,1532.93,0.01,ASK
1443831542,1533.0,0.2017,BID
1443831543,1533.02,0.01,ASK
1443831545,1533.25,0.0101,BID
1443831545,1533.26,0.2029,BID
1443831545,1533.38,0.1704,BID
1443831545,1533.5,0.084,BID
1443831545,1533.59,0.002,BID
1443831545,1533.99,0.0634,BID
1443831545,1534.0,0.3,BID
1443831545,1534.2,0.004,BID
1443831545,1534.44,0.4632,BID
1443831550,1533.03,0.01,ASK
1443831553,1533.03,0.0001,ASK
1443831553,1533.03,0.0209,ASK
1443831554,1533.02,0.0101,ASK
1443831557,1533.01,0.01,ASK
1443831557,1533.01,0.021,ASK
1443831558,1533.01,0.1707,ASK
1443831558,1533.01,0.031,ASK
1443831559,1533.01,0.0015,ASK
1443831559,1533.0,0.2002,ASK
1443831564,1533.0,0.01,ASK
1443831565,1533.0,0.01,ASK
1443831566,1533.0,0.16,ASK
1443831567,1533.0,0.65,ASK
1443831568,1533.0,0.65,ASK
1443831568,1533.0,0.1432,ASK
1443831568,1532.93,0.0788,ASK
1443831570,1532.93,0.01,ASK
1443831571,1532.99,0.3,BID
1443831572,1532.99,0.35,BID
1443831573,1533.0,0.001,ASK
1443831573,1533.0,0.095,ASK
1443831573,1533.02,0.0176,BID
1443831574,1534.2,0.1127,ASK
1443831582,1533.02,0.001,ASK
1443831582,1533.01,0.0217,ASK
1443831582,1533.0,0.0903,ASK
1443831598,1533.01,0.0018,ASK
1443831602,1533.01,0.0607,ASK
1443831603,1533.0,0.0607,ASK
1443831604,1533.0,0.053,ASK
1443831604,1533.0,0.528,ASK
1443831605,1533.0,0.122,ASK
1443831605,1533.0,0.528,ASK
1443831605,1533.0,0.01,ASK
1443831606,1533.0,0.65,ASK
1443831607,1533.0,0.2708,ASK
1443831607,1533.0,0.3792,ASK
1443831608,1533.0,0.65,ASK
1443831609,1533.0,0.65,ASK
1443831611,1533.0,0.65,ASK
1443831618,1533.0,0.0012,ASK
1443831625,1533.14,0.1559,BID
1443831627,1533.15,0.0001,ASK
1443831627,1533.15,0.0099,ASK
1443831629,1533.15,0.146,ASK
1443831629,1533.11,0.174,ASK
1443831629,1533.0,0.8149,ASK
1443831638,1533.0,0.001,ASK
1443831654,1533.0,0.5296,ASK
1443831655,1533.0,0.65,ASK
1443831656,1533.0,0.2919,ASK
1443831656,1533.0,0.3581,ASK
1443831657,1533.0,0.65,ASK
1443831657,1533.0,0.01,ASK
1443831658,1533.0,0.65,ASK
1443831659,1533.0,0.001,ASK
1443831659,1533.0,0.65,ASK
1443831659,1533.16,9.0,ASK
1443831659,1533.16,12.296,ASK
1443831660,1533.01,0.121,ASK
1443831660,1533.0,0.529,ASK
1443831661,1533.0,0.01,ASK
1443831661,1533.0,0.121,ASK
1443831669,1533.0,1.3853,ASK
1443831693,1533.0,0.01,ASK
1443831705,1533.0,0.3811,ASK
1443831705,1533.0,0.01,ASK
1443831716,1533.0,0.1421,ASK
1443831717,1533.0,0.65,ASK
1443831718,1533.0,0.4833,ASK
1443831718,1533.0,2.0399,ASK
1443831718,1533.0,1.3853,ASK
1443831718,1532.93,0.422,ASK
1443831718,1532.93,0.6523,ASK
1443831718,1532.92,0.25,ASK
1443831718,1532.86,0.008,ASK
1443831718,1532.81,1.3014,ASK
1443831718,1532.8,0.055,ASK
1443831718,1532.55,0.002,ASK
1443831718,1532.5,1.9228,ASK
1443831719,1532.51,18.017,ASK
1443831736,1533.02,4.2,ASK
1443831738,1533.01,0.01,BID
1443831738,1533.01,0.184,BID
1443831738,1533.01,0.096,BID
1443831738,1533.02,0.32,BID
1443831883,1533.02,0.001,BID
1443831883,1533.02,0.001,BID
1443831883,1533.02,0.001,BID
1443831883,1533.02,0.001,BID
1443831883,1533.02,0.001,BID
1443831883,1533.02,0.001,BID
1443831883,1533.02,0.001,BID
1443831883,1533.02,0.001,BID
1443831883,1533.31,0.0392,BID
1443831883,1533.31,0.0259,BID
1443831883,1533.32,0.9269,BID
1443831948,1533.31,0.0169,BID
1443831948,1533.31,0.0187,BID
1443831948,1533.32,0.3745,BID
1443831948,1533.32,0.5899,BID
1443831977,1533.32,0.517,BID
1443831977,1533.33,0.121,BID
1443831977,1533.46,0.055,BID
1443831977,1533.46,0.005,BID
1443831979,1533.5,0.302,ASK
1443832001,1533.34,0.194,ASK
1443832015,1533.38,0.008,BID
1443832019,1533.32,0.0314,ASK
1443832019,1533.31,0.2696,ASK
1443832020,1533.31,0.0314,ASK
1443832021,1533.31,0.1015,ASK
1443832021,1533.31,0.001,ASK
1443832021,1533.31,0.01,ASK
1443832022,1533.32,0.0163,ASK
1443832022,1533.31,0.2145,ASK
1443832024,1533.3,0.0107,BID
1443832041,1533.11,0.001,BID
1443832043,1533.01,0.01,ASK
1443832046,1533.28,13.0,ASK
1443832046,1533.28,8.054,ASK
1443832087,1533.04,0.0651,ASK
1443832087,1533.03,1.3016,ASK
1443832091,1533.03,0.3371,BID
1443832091,1533.29,0.0222,BID
1443832091,1533.3,0.1169,BID
1443832091,1533.3,0.327,BID
1443832091,1533.33,0.194,BID
1443832093,1533.4,2.314,ASK
1443832094,1533.4,0.122,ASK
1443832095,1533.4,0.65,ASK
1443832096,1533.4,0.65,ASK
1443832097,1533.4,0.6,ASK
1443832097,1533.4,2.0,ASK
1443832098,1533.4,0.3975,ASK
1443832098,1533.4,0.65,ASK
1443832098,1533.4,2.58,ASK
1443832099,1533.4,0.65,ASK
1443832099,1533.4,0.65,ASK
1443832100,1533.4,0.11,ASK
1443832100,1533.4,0.145,ASK
1443832100,1533.4,0.6,ASK
1443832100,1533.4,2.0,ASK
1443832100,1533.4,0.65,ASK
1443832101,1533.4,0.302,ASK
1443832102,1533.4,0.4,ASK
1443832103,1533.4,0.65,ASK
1443832103,1533.4,2.8625,ASK
1443832103,1533.4,0.1049,ASK
1443832108,1533.02,0.014,ASK
1443832108,1533.02,0.0591,ASK
1443832108,1533.02,0.0222,ASK
1443832109,1533.01,0.0953,ASK
1443832109,1533.01,0.04,ASK
1443832111,1533.01,0.4,ASK
1443832112,1533.01,0.65,ASK
1443832113,1533.01,0.65,ASK
1443832113,1533.01,0.075,ASK
1443832113,1533.01,0.6,ASK
1443832113,1533.01,0.6,ASK
1443832113,1533.01,0.4,ASK
1443832114,1533.01,1.0097,ASK
1443832114,1533.01,6.8033,ASK
1443832114,1533.01,0.65,ASK
1443832114,1533.01,0.0567,ASK
1443832118,1532.95,0.6,ASK
1443832119,1532.95,0.65,ASK
1443832120,1532.95,0.65,ASK
1443832120,1532.95,0.6,ASK
1443832121,1532.95,0.65,ASK
1443832121,1533.0,0.3433,BID
1443832121,1533.0,0.0797,BID
1443832122,1532.96,4.0,BID
1443832122,1532.96,15.224,BID
1443832122,1532.95,0.6,ASK
1443832122,1532.95,0.6,ASK
1443832123,1532.95,0.65,ASK
1443832124,1532.95,6.6005,ASK
1443832124,1532.95,0.65,ASK
1443832125,1532.95,0.334,ASK
1443832125,1532.95,0.4594,ASK
1443832125,1532.94,0.1906,ASK
1443832126,1532.94,0.0794,ASK
1443832128,1532.51,0.1015,ASK
1443832144,1532.51,0.085,ASK
1443832148,1532.93,0.001,BID
1443832168,1532.93,0.003,BID
1443832189,1532.93,0.001,BID
1443832209,1532.93,0.0018,BID
1443832215,1532.51,0.02,ASK
1443832234,1532.93,0.001,BID
1443832249,1532.51,0.0035,ASK
1443832249,1532.51,0.098,ASK
1443832255,1532.93,0.0012,BID
1443832279,1532.93,0.001,BID
1443832299,1532.93,0.001,BID
1443832320,1532.93,0.001,BID
1443832323,1532.52,0.0101,ASK
1443832323,1532.51,2.5429,ASK
1443832327,1532.51,1.18,BID
1443832327,1532.51,2.0,BID
1443832329,1532.51,2.0,BID
1443832330,1532.5,1.3016,ASK
1443832330,1532.51,0.6525,BID
1443832331,1532.5,0.65,ASK
1443832331,1532.51,2.0,BID
1443832334,1532.5,1.8856,ASK
1443832337,1532.49,0.6,BID
1443832343,1532.49,0.05,BID
1443832343,1532.51,0.266,BID
1443832348,1532.5,0.001,ASK
1443832348,1532.5,0.65,ASK
1443832348,1532.4,0.1043,ASK
1443832349,1532.4,0.432,ASK
1443832358,1532.39,0.104,BID
1443832359,1532.39,0.0003,BID
1443832364,1532.49,0.001,BID
1443832377,1532.48,0.0165,BID
1443832377,1532.48,0.01,BID
1443832377,1532.49,0.0775,BID
1443832383,1532.48,0.0016,BID
1443832384,1532.48,0.0213,BID
1443832384,1532.49,0.0788,BID
1443832385,1532.41,0.1015,ASK
1443832386,1532.41,0.104,ASK
1443832387,1532.42,0.0311,ASK
1443832387,1532.42,0.0213,ASK
1443832387,1532.41,0.5976,ASK
1443832388,1532.41,0.4986,ASK
1443832388,1532.4,0.104,ASK
1443832388,1532.4,0.0474,ASK
1443832390,1532.47,5.882,ASK
1443832393,1532.4,0.116,ASK
1443832394,1532.4,0.65,ASK
1443832396,1532.4,0.122,ASK
1443832400,1532.4,0.028,ASK
1443832404,1532.41,0.001,BID
1443832409,1532.36,0.006,ASK
1443832409,1532.27,0.0955,ASK
1443832413,1532.39,0.1015,ASK
1443832416,1532.39,1.18,ASK
1443832417,1532.39,0.1015,ASK
1443832423,1532.41,0.003,BID
1443832440,1532.4,0.1015,ASK
1443832443,1532.41,0.002,BID
1443832451,1532.4,0.128,ASK
1443832452,1532.4,0.125,ASK
1443832453,1532.4,0.127,ASK
1443832456,1532.4,0.01,ASK
1443832460,1532.4,1.05,ASK
1443832467,1532.41,0.001,ASK
1443832467,1532.4,0.799,ASK
1443832467,1532.4,0.144,ASK
1443832479,1532.4,0.1015,ASK
1443832480,1532.4,0.31,ASK
1443832483,1532.4,0.017,ASK
1443832486,1532.48,0.001,BID
1443832490,1532.48,0.018,BID
1443832490,1532.48,0.0524,BID
1443832490,1532.49,0.0306,BID
1443832491,1532.49,0.0704,BID
1443832498,1532.48,0.01,ASK
1443832500,1532.48,2.4796,ASK
1443832503,1532.48,0.1,ASK
1443832507,1532.48,0.3494,ASK
1443832510,1532.48,0.0028,BID
1443832514,1532.48,0.101,BID
1443832515,1532.48,0.2906,BID
1443832515,1532.48,0.079,BID
1443832515,1532.49,0.1038,BID
1443832516,1532.49,0.1752,BID
1443832516,1532.49,0.2954,BID
1443832522,1532.41,0.0534,ASK
1443832522,1532.41,0.018,ASK
1443832522,1532.41,0.0789,ASK
1443832522,1532.4,0.4323,ASK
1443832523,1532.4,0.0714,ASK
1443832524,1532.4,0.65,ASK
1443832533,1532.48,0.001,BID
1443832541,1532.48,0.0516,BID
1443832541,1532.49,0.0494,BID
1443832542,1532.49,0.0516,BID
1443832558,1532.48,0.001,BID
1443832567,1532.4,2.0904,ASK
1443832579,1532.48,0.001,BID
1443832589,1532.41,0.0536,ASK
1443832590,1532.4,0.4457,ASK
1443832590,1532.4,0.5826,ASK
1443832590,1532.4,0.0717,ASK
1443832599,1532.48,0.0038,BID
1443832603,1532.4,0.873,ASK
1443832603,1532.4,0.4,ASK
1443832607,1532.4,0.7457,ASK
1443832607,1532.39,0.0003,ASK
1443832608,1532.39,0.65,ASK
1443832616,1532.39,4.4917,ASK
1443832619,1532.38,0.001,BID
1443832622,1532.27,0.0165,ASK
1443832624,1532.25,0.0165,ASK
1443832639,1532.38,0.649,BID
1443832639,1532.48,0.0205,BID
1443832639,1532.48,0.019,BID
1443832639,1532.48,0.0955,BID
1443832639,1532.49,0.9053,BID
1443832639,1532.49,0.0987,BID
1443832639,1532.5,6.2574,BID
1443832639,1532.51,9.7866,BID
1443832639,1532.63,0.001,BID
1443832639,1532.93,0.0235,BID
1443832639,1532.94,0.002,BID
1443832639,1533.0,0.1865,BID
1443832639,1533.55,0.004,BID
1443832639,1533.6,0.0625,BID
1443832639,1533.68,0.001,BID
1443832639,1533.79,1.0,BID
1443832639,1534.0,0.3,BID
1443832639,1534.6,1.0,BID
1443832639,1534.61,0.465,BID
1443832642,1532.38,0.001,BID
1443832643,1532.29,7.291,BID
1443832653,1533.01,0.015,ASK
1443832653,1533.0,0.214,ASK
1443832653,1533.0,0.086,ASK
1443832653,1532.33,0.3,ASK
1443832654,1532.99,0.015,BID
1443832654,1532.25,0.0914,ASK
1443832654,1532.25,0.001,ASK
1443832654,1532.0,0.2176,ASK
1443832654,1532.34,0.015,ASK
1443832658,1532.0,0.0824,ASK
1443832658,1531.94,0.002,ASK
1443832658,1531.91,0.0108,ASK
1443832658,1531.9,0.1188,ASK
1443832670,1532.39,0.2179,ASK
1443832675,1531.9,0.097,ASK
1443832679,1531.76,0.0212,ASK
1443832680,1531.76,0.1688,ASK
1443832683,1531.75,0.0212,BID
1443832683,1531.75,0.1898,BID
1443832685,1531.7,0.211,BID
1443832687,1531.7,0.001,BID
1443832687,1531.7,0.088,BID
1443832687,1531.75,0.0002,BID
1443832710,1532.24,0.015,BID
1443832710,1532.24,0.0315,BID
1443832710,1532.24,0.0475,BID
1443832713,1532.24,0.0004,BID
1443832713,1532.25,0.0296,BID
1443832718,1531.9,0.0029,ASK
1443832735,1532.24,0.005,BID
1443832741,1531.38,0.0789,ASK
1443832741,1531.38,0.0427,ASK
1443832741,1531.38,0.0651,ASK
1443832741,1531.37,0.0283,ASK
1443832759,1532.24,0.0078,BID
1443832779,1532.24,0.0022,BID
1443832779,1532.24,0.0039,BID
1443832799,1531.44,0.01,ASK
1443832820,1532.0,4.4938,ASK
1443832820,1531.46,1.1992,ASK
1443832822,1532.98,0.0157,BID
1443832822,1532.99,0.315,BID
1443832822,1533.17,0.0108,BID
1443832822,1533.18,0.2158,BID
1443832822,1533.98,0.05,BID
1443832822,1533.99,0.0774,BID
1443832822,1534.0,0.0165,BID
1443832822,1534.0,2.9756,BID
1443832822,1534.22,0.1079,BID
1443832822,1534.58,0.5,BID
1443832822,1534.6,0.2953,BID
1443832851,1531.99,0.315,BID
1443832855,1532.49,0.0136,ASK
1443832860,1532.49,0.01,ASK
1443832868,1532.49,0.0309,ASK
1443832868,1532.49,0.0632,ASK
1443832868,1532.48,0.9059,ASK
1443832876,1532.48,6.6039,ASK
1443832878,1532.48,0.65,ASK
1443832897,1532.48,0.0029,ASK
1443832900,1532.53,0.801,ASK
1443832904,1532.48,0.043,ASK
1443832905,1532.48,0.4557,ASK
1443832907,1532.48,0.801,ASK
1443832907,1532.48,1.9676,ASK
1443832919,1532.0,0.075,ASK
1443832920,1532.0,0.01,ASK
1443832923,1532.0,0.01,ASK
1443832925,1532.47,1.01,BID
1443832931,1532.0,0.22,ASK
1443832940,1532.0,0.0029,BID
1443832963,1532.0,0.156,ASK
1443832980,1532.0,0.19,ASK
1443832986,1532.01,0.219,ASK
1443832994,1532.41,0.01,BID
1443832994,1532.47,0.1892,BID
1443832994,1532.47,0.1066,BID
1443832994,1532.47,0.03,BID
1443832994,1532.47,0.06,BID
1443832994,1532.48,4.5881,BID
1443832994,1532.99,1.0,BID
1443832994,1533.0,0.3,BID
1443832994,1533.15,0.241,BID
1443833006,1532.07,0.792,ASK
1443833008,1532.03,0.011,ASK
1443833047,1532.44,0.01,ASK
1443833060,1532.44,0.0061,ASK
1443833068,1532.44,0.034,ASK
1443833073,1532.44,0.015,ASK
1443833075,1532.44,0.0299,ASK
1443833083,1532.44,0.005,ASK
1443833085,1532.44,0.0302,ASK
1443833085,1532.44,0.0299,ASK
1443833085,1532.43,0.7324,ASK
1443833089,1532.75,0.011,BID
1443833089,1532.75,0.01,BID
1443833089,1532.75,0.0186,BID
1443833092,1532.75,0.314,ASK
1443833093,1532.75,0.209,ASK
1443833104,1532.75,0.0078,ASK
1443833107,1532.75,1.3025,ASK
1443833120,1532.75,0.01,ASK
1443833120,1532.75,0.75,ASK
1443833121,1532.75,0.219,ASK
1443833121,1532.75,0.021,ASK
1443833124,1532.75,0.615,ASK
1443833125,1532.75,0.7532,ASK
1443833134,1532.74,0.2198,BID
1443833134,1532.75,0.001,BID
1443833134,1532.98,0.0185,BID
1443833134,1532.98,0.0315,BID
1443833134,1533.15,0.9092,BID
1443833156,1532.49,0.001,ASK
1443833159,1532.74,0.001,ASK
1443833159,1532.49,0.009,ASK
1443833166,1532.49,0.005,ASK
1443833166,1532.49,0.005,ASK
1443833171,1532.49,0.005,ASK
1443833171,1532.49,0.005,ASK
1443833174,1532.49,0.005,ASK
1443833174,1532.48,0.005,ASK
1443833177,1532.49,0.003,ASK
1443833184,1532.49,0.0118,ASK
1443833186,1532.48,0.01,ASK
1443833189,1532.49,0.0148,ASK
1443833189,1532.48,0.0562,ASK
1443833192,1532.48,0.2288,ASK
1443833192,1532.44,0.022,ASK
1443833192,1532.43,0.0442,ASK
1443833195,1532.43,0.022,ASK
1443833197,1532.43,0.047,ASK
1443833198,1532.43,0.4569,ASK
1443833198,1532.41,0.047,ASK
1443833200,1532.41,11.292,ASK
1443833200,1532.41,0.047,ASK
1443833201,1532.41,0.01,ASK
1443833202,1532.41,0.09,ASK
1443833203,1532.41,0.1,ASK
1443833204,1532.41,0.1,ASK
1443833207,1532.49,0.002,BID
1443833207,1532.67,0.0396,BID
1443833207,1532.68,0.1014,BID
1443833210,1532.42,0.0286,ASK
1443833217,1532.42,0.0395,ASK
1443833219,1532.41,0.011,ASK
1443833221,1532.41,0.018,ASK
1443833222,1532.41,0.01,ASK
1443833223,1532.67,0.0345,BID
1443833223,1532.68,0.5655,BID
1443833224,1532.41,0.01,ASK
1443833225,1532.42,0.017,ASK
1443833226,1532.68,0.1251,BID
1443833228,1532.69,0.029,ASK
1443833230,1532.69,0.01,ASK
1443833234,1532.73,0.074,BID
1443833234,1532.74,0.162,BID
1443833235,1532.74,0.074,BID
1443833236,1532.68,0.001,ASK
1443833239,1532.68,0.129,ASK
1443833241,1532.42,0.0175,ASK
1443833241,1532.42,0.074,ASK
1443833241,1532.41,0.0375,ASK
1443833248,1532.41,0.01,ASK
1443833259,1532.42,0.001,BID
1443833266,1532.42,0.029,ASK
1443833268,1532.42,0.0175,ASK
1443833278,1532.42,0.199,ASK
1443833280,1532.42,0.029,ASK
1443833299,1532.67,0.074,BID
1443833299,1532.73,0.039,BID
1443833299,1532.73,0.0232,BID
1443833299,1532.74,0.2638,BID
1443833319,1532.73,0.049,BID
1443833319,1532.74,0.9802,BID
1443833319,1533.08,0.0203,BID
1443833319,1533.08,0.0448,BID
1443833319,1533.09,1.3025,BID
1443833319,1533.09,0.0203,BID
1443833319,1533.1,0.866,BID
1443833319,1533.42,0.13,BID
1443833319,1533.99,2.7116,BID
1443833319,1534.0,0.1753,BID
1443833345,1532.46,0.01,ASK
1443833365,1532.49,0.0029,ASK
1443833386,1532.53,0.0553,ASK
1443833386,1532.52,0.3627,ASK
1443833389,1532.52,0.001,ASK
1443833409,1532.53,0.001,ASK
1443833423,1532.55,0.01,ASK
1443833430,1532.55,0.0028,ASK
1443833451,1532.59,0.001,ASK
1443833475,1532.59,0.0038,ASK
1443833495,1532.59,0.0016,ASK
1443833519,1532.6,0.001,ASK
1443833528,1532.7,0.01,ASK
1443833543,1532.7,0.001,ASK
1443833568,1532.7,0.001,ASK
1443833584,1532.7,0.001,ASK
1443833586,1532.7,0.01,ASK
1443833599,1532.7,0.001,ASK
1443833604,1532.7,0.823,ASK
1443833609,1532.7,0.1,ASK
1443833620,1532.7,0.001,ASK
1443833622,1532.7,0.847,ASK
1443833623,1532.7,0.025,ASK
1443833623,1532.7,0.031,ASK
1443833625,1532.7,0.026,ASK
1443833628,1532.7,0.985,ASK
1443833632,1533.0,0.197,ASK
1443833634,1533.0,0.197,ASK
1443833635,1533.0,1.0,ASK
1443833638,1533.0,1.0,ASK
1443833639,1533.0,2.802,ASK
1443833639,1533.0,0.03,ASK
1443833641,1533.0,0.01,ASK
1443833644,1533.0,0.1,ASK
1443833652,1533.0,0.01,ASK
1443833652,1533.0,0.014,ASK
1443833653,1533.0,0.286,ASK
1443833656,1533.0,0.1,ASK
1443833659,1533.0,0.01,ASK
1443833659,1533.0,0.001,ASK
1443833661,1533.0,0.1,ASK
1443833663,1533.0,0.1,ASK
1443833663,1533.0,0.01,ASK
1443833665,1533.0,0.1,ASK
1443833668,1533.0,0.1,ASK
1443833668,1533.0,0.1,ASK
1443833679,1533.0,0.883,ASK
1443833679,1533.0,0.1,ASK
1443833680,1533.0,0.01,ASK
1443833684,1533.01,0.001,ASK
1443833688,1533.01,0.03,ASK
1443833690,1533.01,0.223,ASK
1443833694,1533.01,0.024,ASK
1443833700,1533.01,0.025,ASK
1443833702,1533.01,0.031,ASK
1443833704,1533.01,0.0018,ASK
1443833704,1533.01,0.3,ASK
1443833706,1533.01,0.6845,ASK
1443833708,1533.01,1.0,ASK
1443833709,1533.46,0.002,BID
1443833709,1533.55,0.0433,BID
1443833709,1533.56,0.767,BID
1443833709,1533.7,0.001,BID
1443833709,1534.0,0.1247,BID
1443833710,1534.0,0.186,ASK
1443833711,1534.0,0.468,ASK
1443833713,1534.0,0.5,ASK
1443833713,1534.0,0.1,ASK
1443833713,1534.0,0.01,ASK
1443833713,1534.0,0.42,ASK
1443833714,1534.0,0.954,ASK
1443833714,1534.0,0.01,ASK
1443833714,1534.0,0.166,ASK
1443833714,1534.0,0.5,ASK
1443833715,1534.0,0.01,ASK
1443833715,1534.0,0.928,ASK
1443833716,1534.0,0.5,ASK
1443833718,1534.0,0.5,ASK
1443833719,1534.0,0.43,ASK
1443833719,1534.0,0.5,ASK
1443833720,1534.0,0.5,ASK
1443833722,1534.0,0.5,ASK
1443833722,1534.0,0.48,ASK
1443833722,1534.0,0.48,ASK
1443833723,1534.0,0.026,ASK
1443833724,1534.0,0.024,ASK
1443833725,1534.0,0.1,ASK
1443833725,1534.0,0.1,ASK
1443833728,1534.0,0.941,ASK
1443833730,1534.0,0.1,ASK
1443833730,1534.0,0.001,ASK
1443833735,1534.01,0.05,ASK
1443833736,1534.01,0.01,ASK
1443833736,1534.01,0.03,ASK
1443833737,1534.01,0.02,ASK
1443833738,1534.01,0.01,ASK
1443833739,1534.01,0.708,ASK
1443833739,1534.01,0.918,ASK
1443833740,1534.01,0.621,ASK
1443833743,1534.01,0.6,ASK
1443833745,1534.01,0.709,ASK
1443833746,1534.01,0.04,ASK
1443833749,1534.01,0.39,ASK
1443833750,1534.01,0.1726,ASK
1443833750,1534.01,0.9708,ASK
1443833750,1534.01,0.0262,ASK
1443833750,1534.01,0.107,ASK
1443833750,1534.0,3.4107,ASK
1443833751,1534.0,0.6,ASK
1443833752,1534.0,0.11,ASK
1443833753,1534.0,0.899,ASK
1443833754,1534.0,0.177,ASK
1443833754,1534.0,0.0012,ASK
1443833756,1534.0,1.9116,ASK
1443833757,1534.0,0.01,ASK
1443833758,1534.0,0.02,ASK
1443833763,1534.0,0.19,ASK
1443833769,1534.0,0.1,ASK
1443833769,1534.0,0.02,ASK
1443833775,1534.0,0.017,ASK
1443833775,1534.0,0.02,ASK
1443833777,1534.0,0.017,ASK
1443833777,1534.0,0.057,ASK
1443833778,1534.0,0.016,ASK
1443833779,1534.0,0.001,ASK
1443833780,1534.0,0.314,ASK
1443833782,1534.0,0.165,ASK
1443833788,1534.0,0.204,ASK
1443833790,1534.0,0.294,ASK
1443833793,1534.0,0.1,ASK
1443833799,1534.0,0.001,ASK
1443833801,1534.0,0.06,ASK
1443833802,1534.0,0.052,ASK
1443833804,1534.0,0.197,ASK
1443833806,1534.0,0.378,ASK
1443833811,1534.01,0.01,BID
1443833813,1534.01,0.01,ASK
1443833816,1534.01,0.015,ASK
1443833819,1534.07,0.004,BID
1443833819,1534.16,0.0399,BID
1443833819,1534.47,0.3637,BID
1443833819,1534.47,0.5,BID
1443833819,1534.99,0.015,BID
1443833819,1535.0,0.3,BID
1443833820,1535.0,0.972,ASK
1443833820,1535.0,0.284,ASK
1443833820,1535.0,0.234,ASK
1443833820,1535.0,0.234,ASK
1443833821,1535.0,0.001,ASK
1443833821,1535.0,0.2,ASK
1443833821,1535.01,0.5,ASK
1443833821,1535.01,0.0165,ASK
1443833821,1535.0,1.9375,ASK
1443833822,1535.0,0.2,ASK
1443833822,1535.0,0.25,ASK
1443833822,1535.0,0.07,ASK
1443833823,1535.0,0.1,ASK
1443833823,1535.0,0.01,ASK
1443833823,1535.0,0.4095,ASK
1443833824,1534.02,0.0221,ASK
1443833824,1534.02,0.0399,ASK
1443833824,1534.02,0.008,ASK
1443833826,1534.02,0.043,ASK
1443833828,1534.04,0.001,ASK
1443833828,1534.03,0.024,ASK
1443833831,1534.03,0.836,ASK
1443833834,1534.03,0.033,ASK
1443833834,1534.03,0.01,ASK
1443833837,1534.03,0.035,ASK
1443833845,1534.03,0.001,ASK
1443833853,1534.03,0.3632,ASK
1443833853,1534.01,0.2868,ASK
1443833856,1534.52,0.011,BID
1443833856,1534.53,0.0254,BID
1443833856,1534.54,0.508,BID
1443833857,1534.54,0.3,ASK
1443833858,1534.54,0.1983,ASK
1443833862,1534.02,0.0325,ASK
1443833862,1534.01,0.6175,ASK
1443833864,1534.01,0.03,ASK
1443833866,1534.01,0.045,ASK
1443833866,1534.01,0.04,ASK
1443833866,1534.01,0.043,ASK
1443833872,1534.01,0.143,ASK
1443833873,1534.01,0.3,ASK
1443833875,1534.01,0.3642,ASK
1443833877,1534.01,0.011,ASK
1443833883,1534.01,0.089,ASK
1443833884,1534.01,0.06,ASK
1443833886,1534.01,0.1355,ASK
1443833886,1534.01,0.6598,ASK
1443833886,1534.0,0.2047,ASK
1443833890,1534.03,0.01,ASK
1443833890,1534.0,0.103,ASK
1443833894,1534.0,0.06,ASK
1443833894,1534.0,0.003,ASK
1443833894,1534.0,0.6598,ASK
1443833900,1534.0,0.1,ASK
1443833903,1534.0,0.011,ASK
1443833906,1534.0,0.534,ASK
1443833927,1534.01,0.037,ASK
1443833935,1534.01,0.501,ASK
1443833937,1534.01,0.098,ASK
1443833942,1534.01,0.0238,ASK
1443833942,1534.0,1.5486,ASK
1443833944,1534.0,0.0238,ASK
1443833944,1534.68,0.005,BID
1443833944,1534.93,0.044,BID
1443833944,1534.97,0.001,BID
1443833944,1534.97,0.025,BID
1443833944,1534.98,0.409,BID
1443833944,1534.98,0.091,BID
1443833944,1534.99,0.002,BID
1443833944,1535.49,0.0189,BID
1443833944,1535.5,0.3781,BID
1443833944,1535.51,0.002,BID
1443833944,1535.61,0.004,BID
1443833944,1535.99,0.044,BID
1443833944,1535.99,0.0211,BID
1443833944,1536.0,0.3,BID
1443833944,1536.0,0.1229,BID
1443833944,1536.08,1.0398,BID
1443833946,1534.54,0.0106,ASK
1443833946,1534.01,0.021,ASK
1443833946,1534.0,0.1874,ASK
1443833946,1534.02,0.002,ASK
1443833946,1534.01,0.0189,ASK
1443833946,1534.0,0.6151,ASK
1443833947,1534.05,0.219,ASK
1443833947,1534.05,0.0106,ASK
1443833949,1534.01,0.0442,ASK
1443833949,1534.0,0.1368,ASK
1443833950,1534.01,0.01,ASK
1443833951,1534.47,0.025,BID
1443833951,1534.48,0.275,BID
1443833953,1534.03,0.001,ASK
1443833953,1534.01,0.0151,ASK
1443833953,1534.01,0.0077,ASK
1443833965,1534.0,0.018,ASK
1443833978,1534.01,0.01,ASK
1443833979,1534.42,0.0115,BID
1443833989,1534.01,0.01,ASK
1443833996,1534.01,0.0014,ASK
1443833996,1534.01,0.0175,ASK
1443834004,1534.41,0.011,BID
1443834014,1534.0,0.014,ASK
1443834025,1534.0,0.042,ASK
1443834027,1534.0,0.027,ASK
1443834028,1534.42,0.001,BID
1443834030,1534.0,0.096,ASK
1443834031,1534.0,0.204,ASK
1443834034,1534.0,0.048,ASK
1443834034,1534.0,0.072,ASK
1443834036,1534.0,0.1,ASK
1443834038,1534.0,0.1,ASK
1443834039,1534.0,0.05,ASK
1443834040,1534.01,0.01,ASK
1443834042,1534.01,0.034,ASK
1443834043,1534.01,0.041,ASK
1443834045,1534.01,1.0,ASK
1443834049,1534.01,0.042,ASK
1443834051,1534.01,0.048,ASK
1443834054,1534.01,0.103,ASK
1443834054,1534.01,0.0417,ASK
1443834054,1534.0,1.0853,ASK
1443834056,1534.04,0.1447,ASK
1443834057,1534.0,0.01,ASK
1443834059,1534.0,0.103,ASK
1443834060,1534.04,0.068,ASK
1443834061,1534.04,0.1927,ASK
1443834064,1534.04,0.01,ASK
1443834064,1534.42,0.0105,BID
1443834064,1534.43,0.23,BID
1443834064,1534.46,0.001,BID
1443834064,1534.88,0.1,BID
1443834064,1535.98,0.0131,BID
1443834064,1535.98,0.0442,BID
1443834064,1535.99,0.2624,BID
1443834064,1535.99,0.015,BID
1443834064,1536.0,0.3,BID
1443834064,1536.06,0.002,BID
1443834064,1536.08,0.1571,BID
1443834064,1536.09,3.096,BID
1443834070,1534.42,0.001,ASK
1443834070,1534.42,0.001,ASK
1443834070,1534.42,0.001,ASK
1443834070,1534.06,0.002,ASK
1443834070,1534.05,0.005,ASK
1443834079,1534.42,0.001,ASK
1443834079,1534.12,0.034,ASK
1443834079,1534.12,0.01,ASK
1443834080,1534.68,13.567,ASK
1443834081,1534.13,0.01,ASK
1443834082,1534.08,0.0268,ASK
1443834082,1534.07,0.0115,ASK
1443834084,1534.08,0.0268,ASK
1443834086,1534.08,0.0015,ASK
1443834086,1534.08,0.0085,ASK
1443834088,1534.07,0.0379,ASK
1443834096,1534.07,0.6,ASK
1443834100,1534.42,0.1,ASK
1443834103,1534.07,0.01,ASK
1443834120,1534.07,0.132,ASK
1443834123,1534.42,0.02,ASK
1443834123,1534.07,0.009,ASK
1443834124,1534.42,0.001,ASK
1443834124,1534.07,0.019,ASK
1443834126,1534.42,0.001,ASK
1443834126,1534.42,0.001,ASK
1443834126,1534.08,0.0252,ASK
1443834126,1534.07,0.4845,ASK
1443834126,1534.07,0.001,ASK
1443834126,1534.07,0.0393,ASK
1443834128,1534.42,0.001,ASK
1443834128,1534.07,0.0536,ASK
1443834128,1534.06,0.0901,ASK
1443834137,1534.42,0.001,ASK
1443834137,1534.06,0.01,ASK
1443834142,1534.07,0.01,ASK
1443834143,1534.37,0.044,BID
1443834143,1534.41,0.0135,BID
1443834143,1534.42,0.2697,BID
1443834143,1534.93,0.0181,BID
1443834143,1534.93,0.1546,BID
1443834143,1534.94,0.4981,BID
1443834145,1534.08,0.01,ASK
1443834147,1534.93,0.0101,BID
1443834149,1535.0,0.2899,ASK
1443834150,1534.88,0.001,ASK
1443834150,1534.08,0.008,ASK
1443834150,1534.08,0.0135,ASK
1443834150,1534.08,0.0135,ASK
1443834152,1534.12,0.01,ASK
1443834155,1534.13,0.039,ASK
1443834155,1534.09,0.1122,ASK
1443834155,1534.08,1.6217,ASK
1443834156,1534.08,0.017,ASK
1443834158,1534.08,0.3,ASK
1443834160,1534.08,0.5,ASK
1443834162,1534.08,0.5,ASK
1443834164,1534.07,0.5,ASK
1443834165,1534.07,0.01,ASK
1443834168,1534.07,0.855,ASK
1443834171,1534.07,0.01,ASK
1443834179,1534.08,10.0867,ASK
1443834179,1534.07,1.4603,ASK
1443834183,1534.91,0.01,ASK
1443834185,1534.07,0.01,ASK
1443834189,1534.96,0.01,BID
1443834207,1534.94,0.0145,BID
1443834207,1534.95,0.29,BID
1443834207,1535.92,0.0212,BID
1443834209,1534.08,0.0211,ASK
1443834209,1534.07,0.0689,ASK
1443834222,1535.28,0.154,ASK
1443834223,1535.28,0.0008,ASK
1443834223,1534.08,0.0145,ASK
1443834223,1534.07,0.0647,ASK
1443834273,1534.12,0.061,ASK
1443834273,1534.11,3.0,ASK
1443834273,1534.09,1.689,ASK
1443834276,1534.14,0.032,ASK
1443834299,1534.12,0.01,ASK
1443834374,1534.12,0.0071,ASK
1443834374,1534.12,0.1029,ASK
1443834374,1534.12,0.02,ASK
1443834374,1534.12,0.3493,ASK
1443834374,1534.11,0.01,ASK
1443834374,1534.08,0.6598,ASK
1443834374,1534.08,3.4418,ASK
1443834388,1534.13,0.1674,ASK
1443834390,1534.13,0.492,BID
1443834393,1534.13,0.0004,BID
1443834459,1535.05,0.01,BID
1443834459,1535.08,0.0258,BID
1443834459,1535.09,0.5165,BID
1443834459,1535.1,0.52,BID
1443834459,1535.13,0.1674,BID
1443834460,1535.17,0.0242,ASK
1443834461,1535.17,1.522,ASK
1443834463,1535.17,1.0,ASK
1443834464,1535.17,0.864,ASK
1443834465,1535.17,0.5432,ASK
1443834466,1535.17,1.0,ASK
1443834467,1535.17,0.593,ASK
1443834470,1535.17,2.0,ASK
1443834470,1535.17,0.23,ASK
1443834487,1535.17,0.1132,ASK
1443834491,1534.17,0.0243,ASK
1443834491,1534.16,0.5169,ASK
1443834491,1534.15,0.0258,ASK
1443834491,1534.14,0.433,ASK
1443834497,1534.35,3.9362,BID
1443834497,1535.15,0.1197,BID
1443834497,1535.15,0.0117,BID
1443834497,1535.16,8.96,BID
1443834502,1534.38,0.01,ASK
1443834511,1535.08,0.0258,BID
1443834511,1535.09,0.01,BID
1443834511,1535.09,0.0136,BID
1443834511,1535.1,3.733,BID
1443834531,1534.37,0.0117,ASK
1443834531,1534.37,0.0209,ASK
1443834531,1534.36,0.0674,ASK
1443834546,1534.98,0.35,ASK
1443834574,1534.37,0.0843,ASK
1443834576,1534.98,0.1669,BID
1443834578,1534.98,0.1831,ASK
1443834625,1534.47,0.025,ASK
1443834654,1534.38,0.01,ASK
1443834671,1534.37,0.01,ASK
1443834692,1534.79,0.025,BID
1443834692,1534.8,0.084,BID
1443834719,1534.39,0.01,ASK
1443834722,1534.8,0.0003,BID
1443834724,1534.99,0.0209,BID
1443834724,1535.0,0.6,BID
1443834724,1535.04,0.0117,BID
1443834724,1535.04,0.0258,BID
1443834724,1535.05,1.3039,BID
1443834724,1535.1,2.0254,BID
1443834724,1535.17,6.6626,BID
1443834724,1535.42,4.1655,BID
1443834724,1535.43,5.1842,BID
1443834726,1534.82,0.01,ASK
1443834738,1534.81,0.1087,ASK
1443834747,1534.81,0.01,ASK
1443834748,1535.42,0.03,BID
1443834748,1535.43,29.97,BID
1443834748,1534.81,0.099,ASK
1443834748,1534.37,0.01,ASK
1443834764,1535.0,0.022,ASK
1443834785,1535.03,0.0652,ASK
1443834785,1535.02,0.6848,ASK
1443834792,1535.02,0.6191,ASK
1443834792,1535.01,0.1597,ASK
1443834792,1535.0,19.2212,ASK
1443834794,1535.01,0.0674,BID
1443834794,1535.03,3.1427,BID
1443834794,1535.05,0.1571,ASK
1443834799,1535.05,0.109,ASK
1443834800,1535.05,0.109,ASK
1443834807,1535.04,0.278,ASK
1443834813,1535.04,0.3735,ASK
1443834813,1535.01,0.0378,ASK
1443834813,1535.0,0.7568,ASK
1443834834,1534.98,0.01,BID
1443834834,1534.99,1.3039,BID
1443834834,1535.0,18.3319,BID
1443834847,1535.01,0.01,ASK
1443834863,1535.01,0.0077,ASK
1443834863,1535.01,0.01,ASK
1443834863,1535.0,0.3523,ASK
1443834876,1535.09,0.026,BID
1443834876,1535.1,0.52,BID
1443834876,1535.33,0.151,BID
1443834878,1535.4,0.2,ASK
1443834878,1535.4,0.01,ASK
1443834878,1535.4,2.0,ASK
1443834879,1535.4,0.434,ASK
1443834879,1535.4,0.4,ASK
1443834879,1535.4,0.459,ASK
1443834879,1535.1,0.026,ASK
1443834887,1535.05,0.35,ASK
1443834888,1535.06,1.3038,BID
1443834889,1535.06,0.6514,BID
1443834890,1535.06,0.6514,BID
1443834892,1535.07,0.06,ASK
1443834893,1535.08,0.01,ASK
1443834906,1535.08,0.026,ASK
1443834906,1535.07,0.044,ASK
1443834909,1535.08,0.0274,ASK
1443834909,1535.07,0.4662,ASK
1443834940,1535.07,0.0812,ASK
1443834940,1535.06,0.0259,ASK
1443834940,1535.05,0.0629,ASK
1443834944,1535.37,0.01,BID
1443834944,1535.38,0.0325,BID
1443834944,1535.39,0.0025,BID
1443834965,1535.05,0.09,ASK
1443834995,1535.05,0.1,ASK
1443835030,1535.05,0.75,ASK
1443835039,1535.06,0.0325,ASK
1443835039,1535.05,0.5075,ASK
1443835056,1535.06,0.51,ASK
1443835059,1535.06,0.01,ASK
1443835069,1535.07,0.12,ASK
1443835085,1535.05,0.14,ASK
1443835100,1535.05,0.08,ASK
1443835101,1535.05,0.65,ASK
1443835102,1535.05,0.65,ASK
1443835103,1535.05,0.65,ASK
1443835103,1535.05,0.1,ASK
1443835104,1535.05,0.65,ASK
1443835105,1535.05,0.0292,ASK
1443835113,1535.05,0.001,ASK
1443835129,1535.05,0.44,ASK
1443835136,1535.05,0.52,ASK
1443835160,1535.36,0.12,BID
1443835162,1535.36,0.05,ASK
1443835165,1535.36,0.18,ASK
1443835166,1535.36,0.01,ASK
1443835168,1535.36,0.04,ASK
1443835175,1535.07,0.06,ASK
1443835186,1535.06,0.01,ASK
1443835206,1535.06,0.02,ASK
1443835216,1535.37,0.11,BID
1443835217,1535.38,0.01,ASK
1443835217,1535.38,0.06,ASK
1443835219,1535.38,0.001,ASK
1443835220,1535.38,0.001,ASK
1443835220,1535.38,0.001,ASK
1443835221,1535.38,0.343,ASK
1443835221,1535.38,0.001,ASK
1443835222,1535.38,0.001,ASK
1443835222,1535.38,0.21,ASK
1443835222,1535.38,2.0,ASK
1443835223,1535.38,0.264,ASK
1443835224,1535.38,0.001,ASK
1443835225,1535.38,0.046,ASK
1443835225,1535.38,0.001,ASK
1443835226,1535.38,0.001,ASK
1443835226,1535.38,0.001,ASK
1443835227,1535.38,0.001,ASK
1443835227,1535.38,0.086,ASK
1443835227,1535.38,0.001,ASK
1443835228,1535.38,0.001,ASK
1443835229,1535.38,0.001,ASK
1443835229,1535.38,0.001,ASK
1443835230,1535.38,0.001,ASK
1443835231,1535.38,0.03,ASK
1443835233,1535.38,1.0,ASK
1443835234,1535.38,0.333,ASK
1443835234,1535.38,0.01,ASK
1443835234,1535.38,0.001,ASK
1443835234,1535.38,0.07,ASK
1443835235,1535.38,0.001,ASK
1443835235,1535.38,0.368,ASK
1443835236,1535.38,0.35,ASK
1443835237,1535.38,0.04,ASK
1443835238,1535.38,0.653,ASK
1443835238,1535.06,0.347,ASK
1443835238,1535.06,0.9419,ASK
1443835241,1535.06,0.7141,BID
1443835241,1535.06,0.4659,BID
1443835241,1535.05,1.0,ASK
1443835242,1535.06,0.6514,BID
1443835242,1535.05,0.334,ASK
1443835243,1535.06,0.6347,BID
1443835244,1535.07,0.0167,ASK
1443835244,1535.05,0.3353,ASK
1443835245,1535.07,0.368,ASK
1443835246,1535.07,0.2834,ASK
1443835246,1535.05,0.7166,ASK
1443835246,1535.05,1.614,ASK
1443835248,1535.05,1.718,ASK
1443835250,1535.05,0.04,ASK
1443835250,1535.05,0.65,ASK
1443835251,1535.05,0.353,ASK
1443835251,1535.05,1.0,ASK
1443835251,1535.05,0.6362,ASK
1443835252,1535.05,0.38,ASK
1443835254,1535.05,0.354,ASK
1443835255,1535.05,1.0,ASK
1443835256,1535.05,1.601,ASK
1443835256,1535.05,0.5167,ASK
1443835258,1535.05,1.706,ASK
1443835259,1535.05,0.2746,ASK
1443835259,1535.05,0.7254,ASK
1443835259,1535.05,0.7752,ASK
1443835260,1535.05,0.306,ASK
1443835261,1535.05,1.0,ASK
1443835262,1535.05,0.35,ASK
1443835265,1535.05,1.0,ASK
1443835267,1535.05,0.352,ASK
1443835271,1535.05,0.1914,ASK
1443835271,1535.0,0.0019,ASK
1443835271,1534.91,0.003,ASK
1443835271,1534.6,0.002,ASK
1443835271,1534.2,0.1657,ASK
1443835273,1534.2,1.615,ASK
1443835275,1534.23,0.5,ASK
1443835275,1534.21,0.5172,ASK
1443835275,1534.2,0.8178,ASK
1443835279,1534.2,0.344,ASK
1443835280,1534.2,0.382,ASK
1443835281,1534.2,0.353,ASK
1443835283,1534.2,1.598,ASK
1443835284,1534.23,0.5,ASK
1443835284,1534.2,1.27,ASK
1443835285,1534.2,0.094,ASK
1443835285,1534.21,1.0,ASK
1443835285,1534.21,8.062,ASK
1443835286,1534.2,0.081,ASK
1443835287,1534.2,0.12,ASK
1443835288,1534.2,0.409,ASK
1443835289,1534.21,0.0194,ASK
1443835289,1534.2,0.5736,ASK
1443835293,1534.21,0.011,BID
1443835293,1534.21,0.019,BID
1443835293,1535.02,0.5172,BID
1443835293,1535.06,0.0167,BID
1443835293,1535.06,0.4661,BID
1443835293,1534.22,17.116,BID
1443835300,1534.21,0.01,ASK
1443835312,1534.24,0.5174,ASK
1443835312,1534.23,0.4826,ASK
1443835315,1534.23,0.01,ASK
1443835319,1534.23,1.0,ASK
1443835323,1534.23,1.0,ASK
1443835331,1534.23,1.0,ASK
1443835338,1534.23,1.0,ASK
1443835344,1534.21,0.6198,ASK
1443835344,1534.21,0.3802,ASK
1443835351,1534.21,1.0,ASK
1443835352,1534.23,0.04,BID
1443835357,1534.24,0.01,ASK
1443835358,1534.24,0.03,ASK
1443835358,1534.21,0.6547,ASK
1443835358,1534.2,0.0579,ASK
1443835358,1534.19,0.2574,ASK
1443835365,1534.19,1.0,ASK
1443835409,1534.3,1.0,ASK
1443835411,1534.33,0.5,ASK
1443835411,1534.3,0.5,ASK
1443835418,1534.31,0.8186,ASK
1443835418,1534.3,0.1814,ASK
1443835425,1534.31,0.231,ASK
1443835425,1534.3,0.769,ASK
1443835433,1534.61,1.0,ASK
1443835440,1534.8,1.0,ASK
1443835443,1534.8,1.0,ASK
1443835447,1534.8,1.0,ASK
1443835447,1534.8,0.01,ASK
1443835449,1534.8,0.6198,ASK
1443835451,1534.8,1.0,ASK
1443835453,1534.8,1.0,ASK
1443835453,1534.8,2.0568,ASK
1443835457,1534.8,1.0,ASK
1443835458,1534.8,0.2285,ASK
1443835458,1534.8,1.0,ASK
1443835464,1534.8,1.0,ASK
1443835465,1534.8,1.0,ASK
1443835471,1534.8,1.0,ASK
1443835473,1534.8,1.0,ASK
1443835476,1534.8,0.75,ASK
1443835478,1534.8,1.0,ASK
1443835480,1534.8,1.0,ASK
1443835481,1534.8,1.441,ASK
1443835485,1534.8,1.0,ASK
1443835486,1534.8,0.8939,ASK
1443835486,1534.61,0.1061,ASK
1443835488,1534.62,1.0,ASK
1443835488,1534.62,3.0,ASK
1443835488,1534.62,3.898,ASK
1443835492,1534.61,1.0,ASK
1443835495,1534.95,0.5174,BID
1443835495,1534.97,0.0259,ASK
1443835495,1534.97,1.0,ASK
1443835496,1534.97,0.0259,ASK
1443835499,1534.97,0.31,ASK
1443835499,1534.97,1.0,ASK
1443835501,1534.98,7.723,ASK
1443835501,1534.97,1.0,ASK
1443835504,1534.97,1.0,ASK
1443835506,1534.97,1.0,ASK
1443835509,1534.97,0.11,ASK
1443835510,1534.97,0.0015,ASK
1443835510,1534.61,0.9985,ASK
1443835511,1534.61,1.0,ASK
1443835517,1534.62,0.5175,ASK
1443835517,1534.61,0.4825,ASK
1443835518,1534.61,1.0,ASK
1443835524,1534.8,1.0,ASK
1443835531,1534.8,1.0,ASK
1443835533,1534.8,1.0,ASK
1443835539,1534.8,1.0,ASK
1443835540,1534.8,1.0,ASK
1443835546,1534.8,1.0,ASK
1443835548,1534.8,1.0,ASK
1443835550,1534.8,0.75,ASK
1443835552,1534.8,1.0,ASK
1443835554,1534.8,1.0,ASK
1443835559,1534.8,1.0,ASK
1443835560,1534.99,0.5175,BID
1443835562,1535.02,1.0,ASK
1443835563,1535.02,1.0,ASK
1443835564,1535.02,1.0,ASK
1443835564,1535.02,0.01,ASK
1443835565,1535.02,1.0,ASK
1443835567,1535.02,1.0,ASK
1443835570,1535.02,1.0,ASK
1443835572,1535.02,1.0,ASK
1443835577,1535.02,1.0,ASK
1443835580,1535.02,1.0,ASK
1443835584,1535.02,1.0,ASK
1443835588,1535.02,1.0,ASK
1443835591,1535.02,1.0,ASK
1443835592,1535.02,1.0,ASK
1443835599,1535.02,1.0,ASK
1443835600,1535.02,0.75,ASK
1443835601,1535.02,1.0,ASK
1443835605,1535.06,1.0,ASK
1443835607,1535.07,0.5175,ASK
1443835607,1535.06,0.4825,ASK
1443835608,1535.06,0.2252,ASK
1443835612,1535.06,1.0,ASK
1443835613,1535.06,0.5495,ASK
1443835613,1535.02,0.4505,ASK
1443835638,1535.02,1.5,ASK
1443835640,1535.28,0.5175,BID
1443835640,1535.29,0.0857,BID
1443835640,1535.3,1.3038,BID
1443835643,1535.37,0.11,BID
1443835643,1535.37,0.1012,BID
1443835643,1535.38,0.01,BID
1443835643,1535.38,0.042,BID
1443835643,1535.38,0.9168,BID
1443835644,1535.37,0.0158,BID
1443835644,1535.38,0.1954,BID
1443835675,1535.31,0.046,ASK
1443835675,1535.31,0.1012,ASK
1443835675,1535.31,0.0494,ASK
1443835675,1535.3,0.5534,ASK
1443835676,1535.3,0.1472,ASK
1443835691,1535.3,0.75,ASK
1443835692,1535.3,0.064,ASK
1443835693,1535.3,0.01,ASK
1443835700,1535.3,0.75,ASK
1443835701,1535.3,1.0,ASK
1443835702,1535.31,5.0,ASK
1443835702,1535.31,6.821,ASK
1443835702,1535.3,1.0,ASK
1443835705,1535.3,1.0,ASK
1443835706,1535.3,0.01,ASK
1443835706,1535.3,1.0,ASK
1443835711,1535.3,1.0,ASK
1443835718,1535.3,0.0584,ASK
1443835718,1534.65,0.9416,ASK
1443835725,1534.65,1.0,ASK
1443835731,1534.66,0.01,ASK
1443835734,1534.65,0.0584,ASK
1443835734,1534.61,0.9416,ASK
1443835735,1534.61,1.0,ASK
1443835737,1534.62,20.0,ASK
1443835737,1534.62,5.463,ASK
1443835739,1534.65,1.0,ASK
1443835743,1534.61,1.0,ASK
1443835767,1535.09,0.213,BID
1443835768,1534.65,0.021,ASK
1443835768,1535.09,0.333,BID
1443835768,1535.38,13.344,BID
1443835769,1534.65,1.0,ASK
1443835770,1534.68,0.5,ASK
1443835770,1534.65,0.5,ASK
1443835771,1534.65,1.0,ASK
1443835778,1534.65,0.479,ASK
1443835778,1534.65,0.521,ASK
1443835794,1534.65,0.021,ASK
1443835799,1534.66,0.015,ASK
1443835802,1534.66,0.042,ASK
1443835809,1534.66,0.01,ASK
1443835814,1534.66,0.033,ASK
1443835816,1534.65,0.024,ASK
1443835819,1534.65,0.01,ASK
1443835819,1534.66,0.046,ASK
1443835827,1535.36,0.01,ASK
1443835834,1535.36,0.08,ASK
1443835842,1534.67,0.01,ASK
1443835845,1534.66,0.024,ASK
1443835851,1534.66,0.175,ASK
1443835853,1534.66,0.1,ASK
1443835855,1534.81,0.024,ASK
1443835858,1534.81,0.076,ASK
1443835860,1534.81,0.01,ASK
1443835862,1534.81,0.032,ASK
1443835869,1534.81,0.01,ASK
1443835877,1535.13,0.8588,ASK
1443835877,1534.81,0.1412,ASK
1443835895,1534.81,1.0,ASK
1443835948,1534.81,0.042,ASK
1443835954,1534.81,1.579,ASK
1443835959,1534.84,0.5,ASK
1443835959,1534.81,5.5,ASK
1443835960,1534.81,0.032,ASK
1443835962,1534.81,0.048,ASK
1443835965,1534.81,0.1,ASK
1443835967,1534.81,0.1,ASK
1443835969,1534.81,0.1,ASK
1443835971,1534.81,0.4458,ASK
1443836013,1534.67,0.01,ASK
1443836026,1534.98,0.01,BID
1443836026,1534.99,0.0481,BID
1443836026,1535.0,0.961,BID
1443836026,1535.27,0.0235,BID
1443836026,1535.28,0.47,BID
1443836026,1535.36,0.1,BID
1443836026,1535.36,0.0531,BID
1443836026,1535.37,3.349,BID
1443836041,1534.74,0.0259,ASK
1443836046,1534.76,0.01,ASK
1443836048,1534.77,0.0259,ASK
1443836050,1534.68,0.045,ASK
1443836081,1534.71,0.0404,ASK
1443836081,1534.71,0.0246,ASK
1443836081,1534.71,0.0238,ASK
1443836081,1534.7,5.0,ASK
1443836081,1534.68,0.055,ASK
1443836081,1534.67,0.221,ASK
1443836081,1534.67,0.0782,ASK
1443836085,1534.75,1.0,ASK
1443836085,1534.75,11.51,ASK
1443836104,1535.26,0.01,ASK
1443836105,1535.26,1.29,ASK
1443836106,1534.67,0.0328,ASK
1443836106,1534.67,0.1272,ASK
1443836109,1534.67,0.0428,ASK
1443836116,1534.66,0.076,ASK
1443836118,1534.66,1.2,ASK
1443836121,1534.67,0.49,ASK
1443836124,1534.67,0.01,ASK
1443836126,1534.71,0.4949,ASK
1443836128,1534.71,0.01,ASK
1443836131,1534.71,0.01,ASK
1443836135,1534.71,0.1447,ASK
1443836137,1534.71,0.6,BID
1443836137,1534.71,0.4,BID
1443836137,1534.71,0.6,BID
1443836140,1534.71,0.1843,BID
1443836140,1534.83,0.0745,BID
1443836140,1534.84,1.7412,BID
1443836151,1534.72,0.084,ASK
1443836152,1534.72,0.1003,ASK
1443836152,1534.68,0.0746,ASK
1443836152,1534.67,0.4849,ASK
1443836152,1534.67,0.098,ASK
1443836156,1534.67,0.197,ASK
1443836158,1534.67,3.2509,ASK
1443836160,1534.66,8.379,ASK
1443836163,1534.65,1.375,ASK
1443836164,1534.65,0.1843,ASK
1443836165,1534.65,0.04,ASK
1443836167,1534.65,0.1,ASK
1443836168,1534.65,4.115,ASK
1443836170,1534.65,0.1,ASK
1443836172,1534.65,0.01,ASK
1443836173,1534.65,0.1,ASK
1443836173,1534.65,0.01,ASK
1443836178,1534.65,0.094,ASK
1443836180,1534.65,0.059,ASK
1443836180,1534.83,0.0892,BID
1443836180,1534.83,0.1,BID
1443836180,1534.83,0.0329,BID
1443836180,1534.83,0.0746,BID
1443836180,1534.84,0.0053,BID
1443836181,1534.82,0.0259,BID
1443836181,1534.84,0.5741,BID
1443836182,1534.84,0.682,BID
1443836182,1534.84,0.323,BID
1443836182,1534.83,0.0259,BID
1443836183,1534.83,0.1441,BID
1443836183,1534.84,0.7689,BID
1443836184,1534.8,0.6515,BID
1443836184,1534.8,2.0,BID
1443836186,1534.8,0.343,BID
1443836187,1534.8,0.6516,BID
1443836188,1534.8,0.6516,BID
1443836189,1534.69,18.416,BID
1443836189,1534.8,0.7023,BID
1443836193,1534.81,0.6516,ASK
1443836193,1534.66,0.1118,ASK
1443836193,1534.65,1.8984,ASK
1443836195,1534.83,0.1118,BID
1443836195,1534.84,1.8882,BID
1443836196,1534.84,0.6515,BID
1443836218,1534.65,0.3383,ASK
1443836218,1534.65,0.17,ASK
1443836218,1534.61,0.0094,ASK
1443836220,1534.64,0.5083,BID
1443836244,1534.77,0.5083,BID
1443836244,1534.78,0.0917,BID
1443836245,1534.78,0.2381,BID
1443836246,1534.78,0.2702,ASK
1443836246,1534.62,4.5498,ASK
1443836247,1534.62,0.2702,ASK
1443836247,1534.61,0.3798,ASK
1443836254,1534.77,0.27,BID
1443836254,1534.84,0.33,BID
1443836256,1534.78,0.27,ASK
1443836256,1534.62,0.1708,ASK
1443836256,1534.61,0.077,ASK
1443836257,1534.61,0.5178,ASK
1443836258,1534.61,3.8457,ASK
1443836258,1534.57,0.001,ASK
1443836258,1534.31,0.5168,ASK
1443836259,1534.62,0.5178,ASK
1443836260,1534.31,0.5178,ASK
1443836281,1534.6,0.1322,BID
1443836285,1534.61,0.4678,ASK
1443836293,1534.5,0.203,ASK
1443836294,1534.5,5.7286,ASK
1443836307,1534.51,0.8277,ASK
1443836321,1534.51,0.2069,ASK
1443836324,1534.51,0.27,ASK
1443836329,1534.5,0.035,ASK
1443836332,1534.5,0.021,ASK
1443836334,1534.5,0.089,ASK
1443836336,1534.51,0.0258,ASK
1443836336,1534.5,0.7692,ASK
1443836339,1534.51,2.5558,ASK
1443836341,1534.5,2.5558,ASK
1443836343,1534.5,6.402,ASK
1443836344,1534.5,0.65,ASK
1443836345,1534.5,0.65,ASK
1443836346,1534.51,0.01,ASK
1443836348,1534.51,0.01,ASK
1443836398,1534.75,0.5178,BID
1443836398,1534.78,0.1649,BID
1443836398,1534.78,0.1,BID
1443836398,1534.82,0.069,BID
1443836398,1534.83,1.3046,BID
1443836398,1534.83,0.0925,BID
1443836398,1534.84,8.4543,BID
1443836398,1534.84,0.17,BID
1443836398,1534.97,0.001,BID
1443836399,1535.27,4.0,BID
1443836399,1535.27,7.696,BID
1443836401,1535.01,0.281,ASK
1443836401,1535.01,0.2367,ASK
1443836401,1535.0,0.3633,ASK
1443836402,1535.0,5.2101,ASK
1443836405,1535.0,0.6,ASK
1443836407,1535.01,1.3044,ASK
1443836407,1535.0,1.0138,ASK
1443836407,1535.02,0.0652,ASK
1443836407,1535.01,0.1227,ASK
1443836407,1535.0,16.8723,ASK
1443836408,1535.26,6.0,ASK
1443836408,1535.26,3.0,ASK
1443836408,1535.26,1.467,ASK
1443836408,1535.0,1.0,ASK
1443836408,1535.0,2.1576,ASK
1443836409,1535.0,0.6,ASK
1443836414,1535.0,0.063,ASK
1443836414,1535.0,0.2576,ASK
1443836415,1535.01,0.0191,ASK
1443836415,1535.0,0.4168,ASK
1443836416,1535.0,0.038,ASK
1443836417,1535.0,1.0,ASK
1443836418,1535.0,0.01,ASK
1443836420,1535.0,0.01,ASK
1443836421,1535.0,0.09,ASK
1443836423,1535.0,0.043,ASK
1443836424,1535.0,0.4,ASK
1443836424,1535.0,1.0,ASK
1443836425,1535.0,0.015,ASK
1443836427,1535.0,0.202,ASK
1443836429,1535.0,0.143,ASK
1443836431,1535.0,0.4,ASK
1443836440,1535.0,0.0649,ASK
1443836443,1535.0,0.01,ASK
1443836449,1535.0,0.18,ASK
1443836466,1535.0,0.18,ASK
1443836468,1535.0,0.557,ASK
1443836469,1535.0,0.01,ASK
1443836472,1535.01,6.0,ASK
1443836472,1535.01,7.362,ASK
1443836477,1535.0,0.0324,ASK
1443836482,1535.24,0.1559,BID
1443836483,1535.0,0.033,ASK
1443836485,1535.0,0.022,ASK
1443836487,1535.0,1.0,ASK
1443836487,1535.0,0.013,ASK
1443836488,1535.0,1.0,ASK
1443836489,1535.0,0.823,ASK
1443836491,1535.0,0.1741,ASK
1443836498,1535.0,1.0,ASK
1443836499,1535.0,0.4,ASK
1443836505,1535.0,1.0,ASK
1443836518,1535.0,0.04,ASK
1443836529,1535.0,0.4,ASK
1443836547,1535.0,0.281,ASK
1443836547,1534.54,0.001,ASK
1443836547,1534.5,0.718,ASK
1443836577,1535.31,0.01,BID
1443836578,1535.31,0.4103,ASK
1443836581,1535.31,0.4,ASK
1443836581,1535.31,0.7057,ASK
1443836582,1535.31,1.713,ASK
1443836583,1535.31,0.96,ASK
1443836586,1535.31,0.001,ASK
1443836588,1535.28,0.0188,BID
1443836588,1535.29,0.376,BID
1443836588,1535.31,0.195,BID
1443836588,1535.31,0.001,BID
1443836588,1535.31,0.0464,BID
1443836588,1535.32,0.3618,BID
1443836588,1535.34,1.3044,BID
1443836588,1535.37,0.2766,BID
1443836617,1535.3,0.6,BID
1443836617,1535.35,0.1117,BID
1443836617,1535.35,0.0652,BID
1443836617,1535.36,0.525,BID
1443836666,1535.36,0.01,BID
1443836666,1535.36,0.013,BID
1443836744,1535.35,0.01,BID
1443836744,1535.36,0.59,BID
1443836744,1535.36,0.6,BID
1443836744,1535.36,0.74,BID
1443836752,1535.36,0.09,BID
1443836754,1535.36,0.84,BID
1443836757,1535.36,0.304,BID
1443836759,1534.73,0.01,ASK
1443836760,1535.36,3.0,BID
1443836762,1535.35,0.01,BID
1443836762,1535.36,4.2675,BID
1443836764,1535.36,2.0,ASK
1443836765,1535.37,1.162,BID
1443836766,1535.37,5.0,BID
1443836766,1535.37,5.0,BID
1443836766,1535.37,10.2026,BID
1443836766,1535.37,5.0,BID
1443836768,1535.37,0.6513,BID
1443836769,1535.37,0.162,BID
1443836769,1535.37,0.6513,BID
1443836770,1535.37,0.153,BID
1443836770,1535.37,1.3044,BID
1443836770,1535.37,0.6513,BID
1443836770,1535.37,0.01,BID
1443836771,1535.37,0.6513,BID
1443836772,1535.36,2.0,ASK
1443836772,1535.37,0.508,BID
1443836772,1535.37,0.01,BID
1443836772,1535.37,0.6513,BID
1443836773,1535.36,0.65,ASK
1443836776,1535.38,0.926,BID
1443836778,1535.38,0.74,BID
1443836779,1535.38,0.6513,BID
1443836779,1535.38,39.0,BID
1443836780,1535.38,0.6513,BID
1443836781,1535.38,0.0662,BID
1443836781,1535.39,0.5851,ASK
1443836781,1535.37,0.7193,ASK
1443836782,1535.38,10.227,ASK
1443836785,1535.39,0.01,ASK
1443836794,1535.4,3.0,ASK
1443836794,1535.39,0.6413,ASK
1443836794,1535.38,1.3044,ASK
1443836794,1535.38,0.0205,ASK
1443836794,1535.37,0.12,ASK
1443836794,1535.37,0.07,ASK
1443836794,1535.36,16.5097,ASK
1443836794,1535.36,0.5177,BID
1443836795,1535.36,0.29,BID
1443836797,1535.36,3.0,BID
1443836799,1535.36,0.124,BID
1443836799,1535.36,3.0,BID
1443836801,1535.36,0.5,BID
1443836802,1535.36,0.6,BID
1443836805,1535.36,0.6,BID
1443836875,1535.35,0.2861,BID
1443836914,1534.64,0.5,ASK
1443836914,1534.63,0.01,ASK
1443836914,1534.62,0.959,ASK
1443836916,1535.34,13.346,ASK
1443836936,1535.34,0.0331,BID
1443836936,1535.34,0.0178,BID
1443836939,1535.34,1.162,ASK
1443836939,1535.34,2.0443,ASK
1443836976,1535.32,0.1381,BID
1443836980,1535.32,0.148,ASK
1443836987,1534.51,0.1,ASK
1443836992,1534.51,2.58,ASK
1443837002,1534.51,0.124,ASK
1443837014,1534.51,0.4,ASK
1443837029,1534.51,0.4,ASK
1443837033,1534.51,0.1,ASK
1443837041,1534.51,0.1,ASK
1443837050,1534.51,0.1,ASK
1443837055,1534.51,0.52,ASK
1443837058,1534.51,0.1,ASK
1443837065,1534.51,1.0,ASK
1443837067,1534.51,0.0101,ASK
1443837071,1534.51,0.1,ASK
1443837174,1535.28,0.01,BID
1443837174,1535.29,0.0514,BID
1443837177,1535.29,0.371,ASK
1443837180,1535.29,0.2189,ASK
1443837201,1534.62,0.01,ASK
1443837203,1534.62,0.017,ASK
1443837206,1535.26,2.0,ASK
1443837206,1535.26,17.894,ASK
1443837218,1535.27,0.0481,BID
1443837218,1535.27,0.0218,BID
1443837218,1535.28,0.59,BID
1443837218,1535.28,0.219,BID
1443837218,1535.28,0.59,BID
1443837218,1535.29,0.0509,BID
1443837220,1535.29,0.564,ASK
1443837222,1535.29,0.0004,ASK
1443837222,1534.62,0.0896,ASK
1443837248,1534.62,1.782,ASK
1443837276,1534.62,0.59,ASK
1443837332,1534.51,0.452,ASK
1443837356,1534.51,0.0733,ASK
1443837356,1534.51,0.2517,ASK
1443837358,1534.51,0.33,ASK
1443837361,1534.51,0.155,ASK
1443837363,1534.51,1.14,ASK
1443837364,1534.51,0.4,ASK
1443837365,1534.51,1.044,ASK
1443837373,1535.28,0.01,BID
1443837373,1535.29,0.0509,BID
1443837373,1535.3,0.2737,BID
1443837425,1534.51,0.689,ASK
1443837434,1534.51,0.01,ASK
1443837436,1534.51,0.01,ASK
1443837438,1534.51,0.01,ASK
1443837450,1534.51,0.162,ASK
1443837460,1535.28,0.01,BID
1443837460,1535.29,0.0372,BID
1443837460,1535.3,0.7446,BID
1443837460,1535.32,0.06,BID
1443837460,1535.33,0.6,BID
1443837460,1535.33,0.6,BID
1443837460,1535.4,0.143,BID
1443837460,1535.44,0.005,BID
1443837460,1535.66,0.03,BID
1443837460,1535.75,0.002,BID
1443837460,1535.81,0.3005,BID
1443837460,1535.82,13.1341,BID
1443837460,1535.83,5.0,BID
1443837460,1536.0,0.3,BID
1443837460,1536.0,4.101,BID
1443837467,1534.52,0.0307,ASK
1443837467,1534.52,0.1043,ASK
1443837473,1534.54,0.0653,ASK
1443837473,1534.53,0.3737,ASK
1443837495,1535.0,0.3,ASK
1443837495,1534.56,0.7,ASK
1443837530,1535.24,0.025,BID
1443837530,1535.25,0.2632,BID
1443837610,1535.0,1.4,BID
1443837667,1535.77,0.0187,BID
1443837667,1535.78,0.3737,BID
1443837667,1535.79,4.2463,BID
1443837667,1535.81,0.5799,BID
1443837673,1535.52,0.5177,BID
1443837673,1535.53,0.0003,BID
1443837673,1535.53,0.6,BID
1443837703,1535.49,0.0105,BID
1443837703,1535.49,0.0423,BID
1443837703,1535.49,0.0472,BID
1443837703,1535.5,0.5,BID
1443837704,1535.5,0.4,BID
1443837753,1534.63,0.01,ASK
1443837754,1534.63,0.01,ASK
1443837776,1535.24,0.895,ASK
1443837780,1535.25,0.0285,ASK
1443837780,1535.24,0.3775,ASK
1443837784,1535.24,0.1,ASK
1443837790,1535.25,0.01,ASK
1443837793,1535.25,0.09,ASK
1443837793,1535.24,0.01,ASK
1443837794,1535.24,0.249,ASK
1443837794,1535.24,0.09,ASK
1443837799,1535.24,0.4115,ASK
1443837806,1535.24,0.1,ASK
1443837807,1535.24,0.65,ASK
1443837811,1535.24,0.388,ASK
1443837812,1535.24,0.65,ASK
1443837826,1535.24,0.1,ASK
1443837827,1535.24,0.65,ASK
1443837828,1535.24,0.607,ASK
1443837887,1534.64,0.01,ASK
1443837887,1534.62,0.04,ASK
1443837887,1534.62,0.0715,ASK
1443837887,1534.61,0.0045,ASK
1443837889,1534.62,16.0,ASK
1443837889,1534.62,1.246,ASK
1443837925,1534.61,0.1,ASK
1443837934,1534.61,0.1,ASK
1443837944,1534.61,0.1,ASK
1443837953,1534.61,0.1,ASK
1443837960,1535.22,0.0346,BID
1443837960,1535.23,0.043,BID
1443837960,1535.23,0.65,BID
1443837960,1535.49,0.1,BID
1443837960,1535.49,0.0339,BID
1443837960,1535.49,0.0566,BID
1443837960,1535.5,1.1,BID
1443837960,1535.5,2.2819,BID
1443837962,1534.62,0.0452,ASK
1443837962,1534.62,0.0346,ASK
1443837962,1534.61,0.0202,ASK
1443837980,1534.62,0.0338,ASK
1443837980,1534.62,0.0115,ASK
1443837980,1534.61,0.0547,ASK
1443837981,1535.18,0.025,BID
1443837981,1535.19,0.5,BID
1443837981,1535.49,0.0202,BID
1443837981,1535.49,0.0157,BID
1443837981,1535.5,0.7181,BID
1443837982,1535.53,0.01,ASK
1443837984,1535.53,0.9138,ASK
1443837985,1535.51,0.0092,BID
1443837985,1535.52,0.448,BID
1443837985,1535.52,0.0605,BID
1443837986,1534.62,0.0201,ASK
1443837986,1534.62,0.0251,ASK
1443837986,1534.62,0.0156,ASK
1443837986,1534.61,0.9392,ASK
1443837987,1535.52,0.6512,BID
1443837989,1534.61,0.1,ASK
1443837992,1535.51,0.0106,BID
1443837992,1535.52,0.2123,BID
1443837992,1535.94,0.01,BID
1443837992,1535.95,0.002,BID
1443837997,1535.95,0.1,ASK
1443837998,1535.95,0.1165,ASK
1443838008,1534.62,0.0107,ASK
1443838008,1534.61,0.0893,ASK
1443838017,1534.61,0.1,ASK
1443838032,1534.61,0.1,ASK
1443838064,1534.62,0.1,ASK
1443838073,1534.62,0.1,ASK
1443838084,1534.62,0.1,ASK
1443838084,1534.62,0.255,ASK
1443838093,1534.62,0.1,ASK
1443838094,1534.62,0.6503,ASK
1443838094,1534.61,0.0187,ASK
1443838138,1534.62,0.01,ASK
1443838138,1534.61,0.09,ASK
1443838138,1534.96,0.1,BID
1443838138,1534.99,0.1107,BID
1443838138,1534.99,0.0259,BID
1443838140,1535.49,1.792,ASK
1443838141,1535.51,7.0,BID
1443838141,1535.51,1.86,BID
1443838141,1535.49,0.255,ASK
1443838142,1535.49,0.65,ASK
1443838143,1535.49,0.148,ASK
1443838143,1535.49,0.65,ASK
1443838147,1535.49,0.1,ASK
1443838148,1535.49,0.65,ASK
1443838150,1535.49,1.0,ASK
1443838152,1535.49,1.3053,ASK
1443838157,1535.49,1.0,ASK
1443838158,1535.49,0.5729,ASK
1443838158,1535.49,5.0392,ASK
1443838177,1535.49,0.389,BID
1443838198,1535.01,0.0148,ASK
1443838209,1535.01,0.0052,ASK
1443838209,1535.01,0.06,ASK
1443838209,1535.0,0.4,ASK
1443838209,1535.0,0.6,ASK
1443838209,1535.0,0.6,ASK
1443838212,1535.0,0.358,BID
1443838212,1535.0,0.4,BID
1443838212,1535.0,0.6,BID
1443838212,1535.0,0.301,BID
1443838213,1534.63,0.01,ASK
1443838215,1535.0,1.675,BID
1443838219,1534.99,0.0752,BID
1443838219,1535.0,0.0008,BID
1443838223,1535.02,0.01,ASK
1443838229,1534.65,0.01,ASK
1443838236,1534.64,0.01,ASK
1443838238,1534.65,0.0014,ASK
1443838240,1535.48,0.0148,BID
1443838240,1535.48,0.06,BID
1443838240,1535.49,1.5718,BID
1443838240,1535.52,0.6,BID
1443838240,1535.52,0.6,BID
1443838241,1534.65,0.4,ASK
1443838246,1535.2,3.8166,BID
1443838246,1535.62,0.2,BID
1443838250,1534.66,0.0049,ASK
1443838275,1534.67,0.01,ASK
1443838286,1534.67,0.01,ASK
1443838330,1535.6,0.42,BID
1443838333,1534.67,0.001,ASK
1443838339,1535.59,0.314,BID
1443838341,1535.58,0.0149,BID
1443838341,1535.58,0.011,BID
1443838341,1535.59,0.4014,BID
1443838341,1535.6,3.98,BID
1443838341,1535.65,5.0,BID
1443838341,1535.7,5.0,BID
1443838341,1535.75,5.0,BID
1443838341,1535.8,1.43,BID
1443838348,1535.63,0.449,ASK
1443838351,1535.63,0.331,ASK
1443838354,1535.64,0.0186,ASK
1443838354,1535.63,0.2954,ASK
1443838366,1535.63,0.017,ASK
1443838373,1535.64,0.015,ASK
1443838374,1535.8,0.0186,BID
1443838375,1535.64,0.01,ASK
1443838394,1535.76,0.1991,BID
1443838416,1535.77,0.2037,ASK
1443838419,1535.75,0.0046,BID
1443838419,1535.75,0.0102,BID
1443838419,1535.75,0.0232,BID
1443838419,1535.75,0.0102,BID
1443838419,1535.76,3.2077,BID
1443838420,1535.76,0.0046,BID
1443838429,1535.76,0.17,BID
1443838430,1535.76,0.49,BID
1443838431,1535.76,0.366,BID
1443838431,1535.76,0.6511,BID
1443838432,1535.76,0.6511,BID
1443838433,1535.76,0.55,BID
1443838433,1535.76,0.6511,BID
1443838434,1535.76,0.6511,BID
1443838435,1535.76,0.6511,BID
1443838436,1535.76,0.1,BID
1443838436,1535.76,0.6511,BID
1443838437,1535.76,0.6511,BID
1443838438,1535.76,0.6511,BID
1443838444,1535.76,0.7866,BID
1443838444,1535.65,0.0132,ASK
1443838445,1535.76,0.6511,BID
1443838446,1535.75,0.0132,BID
1443838446,1535.76,0.6379,BID
1443838447,1535.76,0.6511,BID
1443838455,1535.76,3.0,BID
1443838456,1535.76,0.3104,BID
1443838456,1535.76,0.2037,BID
1443838458,1535.77,0.137,ASK
1443838458,1535.77,0.313,ASK
1443838459,1535.78,7.0,ASK
1443838459,1535.78,3.0,ASK
1443838459,1535.78,8.861,ASK
1443838459,1535.77,0.137,ASK
1443838460,1535.77,0.0641,ASK
1443838508,1535.65,0.0033,ASK
1443838508,1535.65,0.0488,ASK
1443838508,1535.64,0.0479,ASK
1443838509,1535.64,0.0521,ASK
1443838511,1535.65,5.0,ASK
1443838511,1535.65,5.201,ASK
1443838512,1535.64,0.0521,ASK
1443838513,1535.64,0.65,ASK
1443838514,1535.65,0.0577,ASK
1443838514,1535.64,0.5033,ASK
1443838514,1535.64,0.0577,ASK
1443838514,1535.63,0.0313,ASK
1443838515,1535.65,0.0281,ASK
1443838515,1535.63,0.6219,ASK
1443838519,1535.63,0.1,ASK
1443838521,1535.63,0.65,ASK
1443838522,1535.63,0.9044,ASK
1443838522,1535.62,0.001,ASK
1443838543,1535.62,0.65,BID
1443838545,1535.62,1.3054,ASK
1443838546,1535.62,0.65,ASK
1443838547,1535.62,0.65,ASK
1443838568,1535.64,0.0577,BID
1443838568,1535.75,0.0426,BID
1443838568,1535.76,0.65,BID
1443838568,1535.76,0.2011,BID
1443838568,1535.79,0.0205,BID
1443838570,1535.8,10.0,ASK
1443838571,1535.81,0.5176,ASK
1443838571,1535.8,0.1324,ASK
1443838572,1535.8,0.65,ASK
1443838586,1535.81,1.3053,ASK
1443838586,1535.8,0.1538,ASK
1443838587,1535.8,0.65,ASK
1443838608,1535.8,3.5514,ASK
1443838644,1535.86,0.3935,ASK
1443838644,1535.81,11.49,ASK
1443838657,1535.81,2.58,BID
1443838658,1535.81,0.6511,BID
1443838659,1535.81,0.1734,BID
1443838697,1535.82,0.25,ASK
1443838698,1535.82,0.2277,ASK
1443838698,1535.81,0.0426,ASK
1443838698,1535.81,0.0215,ASK
1443838715,1535.81,0.13,BID
1443838716,1535.81,0.0559,BID
1443838716,1535.81,0.4777,BID
1443838726,1535.83,0.1682,BID
1443838727,1535.84,0.0197,BID
1443838729,1535.84,0.3494,ASK
1443838753,1535.85,0.3935,BID
1443838820,1535.86,0.5859,ASK
1443838820,1535.85,0.2576,ASK
1443838820,1535.85,0.0765,ASK
1443838880,1535.86,0.5274,ASK
1443838880,1535.85,2.0526,ASK
1443838880,1535.85,1.18,ASK
1443838930,1535.88,0.0629,BID
1443838930,1535.89,0.9341,BID
1443838931,1535.89,0.0629,BID
1443838939,1535.86,0.3361,ASK
1443838940,1535.86,0.1385,ASK
1443838940,1535.85,0.3361,ASK
1443838941,1535.85,0.4746,ASK
1443838977,1535.84,0.101,ASK
1443838983,1535.87,0.1542,BID
1443838984,1535.87,0.6511,BID
1443838985,1535.87,0.1917,BID
1443838985,1535.88,0.0154,BID
1443838993,1535.89,0.3083,BID
1443838993,1535.89,0.0986,BID
1443838993,1535.9,1.5931,BID
1443838994,1535.9,0.4069,BID
1443838995,1535.9,2.58,BID
1443838995,1535.9,0.6511,BID
1443838996,1535.9,0.6511,BID
1443838997,1535.9,0.6511,BID
1443839038,1535.89,0.0548,ASK
1443839038,1535.89,0.0265,ASK
1443839038,1535.88,0.444,ASK
1443839038,1535.88,0.6511,ASK
1443839038,1535.88,0.53,ASK
1443839038,1535.85,0.0237,ASK
1443839038,1535.84,0.0475,ASK
1443839038,1535.84,0.4272,ASK
1443839038,1535.83,0.4186,ASK
1443839038,1535.82,0.1175,ASK
1443839038,1535.82,0.6276,ASK
1443839066,1535.88,0.0813,BID
1443839066,1535.89,0.0548,BID
1443839066,1535.89,0.0237,BID
1443839066,1535.89,0.0265,BID
1443839066,1535.9,3.7137,BID
1443839106,1535.89,0.0813,ASK
1443839106,1535.88,0.3974,ASK
1443839125,1535.88,0.4167,ASK
1443839126,1535.88,0.65,ASK
1443839127,1535.88,0.65,ASK
1443839145,1535.9,1.18,BID
1443839198,1535.88,0.3946,ASK
1443839198,1535.85,0.0173,ASK
1443839198,1535.84,0.0192,ASK
1443839198,1535.84,0.346,ASK
1443839198,1535.83,0.3844,ASK
1443839198,1535.83,0.0185,ASK
1443839200,1535.88,3.0,ASK
1443839200,1535.88,2.0,ASK
1443839200,1535.88,3.134,ASK
1443839210,1535.89,0.0173,BID
1443839210,1535.89,0.0185,BID
1443839210,1535.89,0.0192,BID
1443839210,1535.9,1.125,BID
1443839210,1535.9,2.0,BID
1443839212,1535.9,2.0,BID
1443839246,1535.84,0.0156,ASK
1443839246,1535.83,0.0664,ASK
1443839246,1535.83,0.3114,ASK
1443839246,1535.82,1.3053,ASK
1443839246,1535.82,0.1146,ASK
1443839246,1535.81,6.5237,ASK
1443839277,1535.82,0.2803,BID
1443839289,1535.82,0.0975,BID
1443839373,1535.89,0.0179,BID
1443839373,1535.89,0.0955,BID
1443839377,1535.89,2.0,ASK
1443839378,1535.89,0.65,ASK
1443839379,1535.89,0.65,ASK
1443839380,1535.89,0.5866,ASK
1443839385,1535.85,0.0179,ASK
1443839385,1535.85,0.0103,ASK
1443839385,1535.84,0.5045,ASK
1443839385,1535.84,0.06,ASK
1443839385,1535.83,0.0975,ASK
1443839385,1535.83,0.0852,ASK
1443839385,1535.82,1.2246,ASK
1443839392,1535.87,0.0179,BID
1443839392,1535.87,0.0178,BID
1443839392,1535.88,0.0634,BID
1443839392,1535.88,0.227,BID
1443839410,1535.87,0.0212,BID
1443839410,1535.88,0.423,BID
1443839413,1535.88,0.5023,ASK
1443839414,1535.88,0.65,ASK
1443839415,1535.88,0.65,ASK
1443839471,1535.88,0.6835,ASK
1443839477,1535.85,0.0212,ASK
1443839477,1535.84,0.0202,ASK
1443839477,1535.84,0.4844,ASK
1443839477,1535.84,0.06,ASK
1443839477,1535.83,0.4036,ASK
1443839477,1535.83,0.0155,ASK
1443839483,1535.83,0.1853,BID
1443839483,1535.86,0.0189,BID
1443839483,1535.87,0.3784,BID
1443839483,1535.87,0.394,BID
1443839486,1535.84,0.1853,ASK
1443839486,1535.82,0.5937,ASK
1443839491,1535.82,0.648,ASK
1443839496,1535.83,0.1853,BID
1443839496,1535.86,0.0478,BID
1443839496,1535.87,0.9113,BID
1443839496,1535.87,0.0449,BID
1443839496,1535.87,0.0165,BID
1443839496,1535.88,0.7942,BID
1443839497,1535.83,0.4521,ASK
1443839497,1535.82,2.1279,ASK
1443839502,1535.84,0.4,ASK
1443839502,1535.84,0.9053,ASK
1443839502,1535.83,0.0478,ASK
1443839502,1535.83,0.0449,ASK
1443839502,1535.83,0.0354,ASK
1443839502,1535.82,0.0246,ASK
1443839512,1535.82,1.18,ASK
1443839520,1535.86,0.0675,BID
1443839520,1535.87,1.3053,BID
1443839520,1535.87,0.0364,BID
1443839520,1535.87,0.0927,BID
1443839520,1535.88,0.5871,BID
1443839534,1535.84,0.0705,ASK
1443839534,1535.83,0.0364,ASK
1443839534,1535.83,0.0211,ASK
1443839571,1535.87,0.0211,BID
1443839571,1535.87,0.0364,BID
1443839571,1535.87,0.0705,BID
1443839571,1535.88,1.052,BID
1443839572,1535.88,0.128,BID
1443839601,1535.85,0.0339,ASK
1443839601,1535.84,0.6782,ASK
1443839601,1535.84,0.0125,ASK
1443839601,1535.84,0.0528,ASK
1443839601,1535.83,1.2226,ASK
1443839602,1535.88,2.58,BID
1443839603,1535.84,0.0339,BID
1443839603,1535.87,0.0191,BID
1443839603,1535.87,0.0337,BID
1443839603,1535.88,0.6174,BID
1443839605,1535.88,0.5578,BID
1443839605,1535.89,0.0339,BID
1443839609,1535.9,1.848,BID
1443839609,1535.9,0.4201,BID
1443839609,1535.99,0.0125,BID
1443839609,1536.0,2.7194,BID
1443839659,1535.91,0.4,ASK
1443839661,1535.91,0.2511,ASK
1443839661,1535.9,0.0309,ASK
1443839679,1535.89,0.0594,ASK
1443839679,1535.89,0.5576,ASK
1443839679,1535.89,0.0002,ASK
1443839685,1535.88,0.3998,BID
1443839685,1535.88,0.6,BID
1443839685,1535.88,0.6172,BID
1443839685,1535.9,0.368,BID
1443839685,1535.9,0.015,BID
1443839688,1535.9,0.635,BID
1443839688,1535.99,0.0309,BID
1443839688,1536.0,0.2096,BID
1443839688,1536.0,0.6598,BID
1443839688,1536.0,0.3,BID
1443839688,1536.02,0.002,BID
1443839688,1536.05,0.001,BID
1443839688,1536.07,0.002,BID
1443839688,1536.25,0.01,BID
1443839688,1536.33,0.002,BID
1443839688,1536.81,0.1,BID
1443839688,1536.95,0.004,BID
1443839688,1537.0,0.0437,BID
1443839692,1535.92,0.0319,ASK
1443839692,1535.92,0.5176,ASK
1443839692,1535.91,0.635,ASK
1443839692,1535.91,0.002,ASK
1443839692,1535.89,0.0063,ASK
1443839723,1535.91,0.001,ASK
1443839723,1535.9,0.0307,ASK
1443839723,1535.89,0.6443,ASK
1443839723,1535.89,0.0005,ASK
1443839748,1535.9,0.01,BID
1443839748,1535.91,0.39,BID
1443839755,1535.85,0.0206,ASK
1443839755,1535.84,0.06,ASK
1443839755,1535.84,0.3512,ASK
1443839768,1535.83,0.1135,ASK
1443839769,1535.83,0.676,BID
1443839769,1535.82,0.1135,ASK
1443839770,1535.83,0.2898,BID
1443839770,1535.84,0.229,BID
1443839770,1535.84,0.0206,BID
1443839772,1535.84,0.038,ASK
1443839773,1535.84,0.0737,ASK
1443839774,1535.82,0.4626,ASK
1443839775,1535.82,0.02,ASK
1443839775,1535.82,0.65,ASK
1443839776,1535.82,0.65,ASK
1443839777,1535.82,0.65,ASK
1443839781,1535.83,0.038,BID
1443839781,1535.83,0.1117,BID
1443839785,1535.84,0.0003,ASK
1443839785,1535.84,0.1308,ASK
1443839786,1535.9,0.0144,BID
1443839786,1535.91,0.2876,BID
1443839786,1536.45,0.019,BID
1443839786,1536.45,0.031,BID
1443839786,1536.46,0.0668,BID
1443839787,1535.85,1.0,ASK
1443839787,1535.85,3.108,ASK
1443839787,1536.45,15.439,BID
1443839788,1535.84,0.0189,ASK
1443839788,1535.83,0.031,ASK
1443839788,1535.82,6.1218,ASK
1443839795,1535.84,0.016,ASK
1443839795,1535.83,0.029,ASK
1443839812,1536.69,0.5176,BID
1443839812,1536.85,0.0143,BID
1443839812,1536.95,0.001,BID
1443839812,1536.98,0.002,BID
1443839812,1537.0,0.2563,BID
1443839812,1537.99,1.689,BID
1443839812,1537.99,1.2226,BID
1443839812,1538.0,0.3,BID
1443839812,1538.0,0.1312,BID
1443839812,1538.0,0.6599,BID
1443839812,1538.19,0.008,BID
1443839812,1538.52,0.1981,BID
1443839814,1535.88,0.002,ASK
1443839814,1535.86,0.01,ASK
1443839816,1535.87,3.0,BID
1443839816,1535.87,9.724,BID
1443839846,1536.65,0.001,BID
1443839846,1536.67,0.299,BID
1443839849,1536.01,0.015,ASK
1443839849,1536.0,0.001,ASK
1443839852,1536.01,11.0,ASK
1443839852,1536.01,1.982,ASK
1443839855,1536.66,6.499,ASK
1443839860,1536.01,0.042,ASK
1443839869,1536.0,0.02,ASK
1443839882,1536.0,0.121,ASK
1443839883,1536.64,0.042,BID
1443839883,1536.65,0.0959,BID
1443839883,1536.65,0.0546,BID
1443839883,1536.66,0.01,BID
1443839883,1536.66,0.7985,BID
1443839884,1536.0,0.049,ASK
1443839900,1536.04,0.02,ASK
1443839903,1536.65,0.015,BID
1443839903,1536.65,0.0245,BID
1443839903,1536.65,0.02,BID
1443839903,1536.66,2.2015,BID
1443839903,1536.66,0.739,BID
1443839924,1536.04,0.0259,ASK
1443839924,1536.02,0.0259,ASK
1443839924,1536.0,0.109,ASK
1443839924,1535.9,0.0912,ASK
1443839962,1535.92,0.013,ASK
1443839966,1535.93,0.048,ASK
1443839995,1535.92,0.02,ASK
1443840021,1536.47,0.048,BID
1443840021,1536.48,0.015,BID
1443840021,1536.48,0.0361,BID
1443840021,1536.49,6.4683,BID
1443840021,1536.5,4.0,BID
1443840021,1536.67,0.002,BID
1443840021,1536.88,0.19,BID
1443840021,1536.99,1.606,BID
1443840087,1535.98,0.0261,ASK
1443840087,1535.97,0.026,ASK
1443840123,1536.45,0.4619,BID
1443840154,1536.45,0.2176,BID
1443840196,1536.05,0.0259,ASK
1443840196,1536.01,0.0259,ASK
1443840196,1536.01,0.0372,ASK
1443840206,1536.44,0.0372,BID
1443840206,1536.44,0.0261,BID
1443840206,1536.44,0.0855,BID
1443840206,1536.45,8.3122,BID
1443840255,1536.02,0.5179,ASK
1443840255,1536.01,0.1538,ASK
1443840255,1536.0,1.6646,ASK
1443840304,1536.41,0.833,ASK
1443840306,1536.41,0.0008,ASK
1443840356,1536.01,0.0428,ASK
1443840356,1536.0,2.3354,ASK
1443840360,1535.99,0.4,BID
1443840371,1535.99,0.559,BID
1443840372,1535.99,0.651,BID
1443840373,1535.99,0.651,BID
1443840374,1535.99,0.651,BID
1443840395,1535.99,0.6,BID
1443840410,1535.97,0.0675,ASK
1443840411,1535.97,0.4292,ASK
1443840411,1535.96,0.2208,ASK
1443840412,1535.96,0.4967,ASK
1443840429,1535.98,0.1305,BID
1443840429,1535.98,0.0428,BID
1443840429,1535.98,0.0233,BID
1443840429,1535.99,31.8034,BID
1443840430,1535.99,0.157,BID
1443840467,1535.99,0.0396,ASK
1443840467,1535.99,0.17,ASK
1443840489,1535.97,0.01,ASK
1443840497,1535.97,0.01,ASK
1443840501,1535.97,0.01,ASK
1443840514,1535.97,0.56,ASK
1443840514,1535.97,0.0295,ASK
1443840514,1535.96,0.5895,ASK
1443840514,1535.94,0.001,ASK
1443840517,1535.96,0.59,BID
1443840518,1535.96,0.0095,BID
1443840548,1535.98,0.2096,BID
1443840548,1535.98,0.0295,BID
1443840548,1535.99,1.8749,BID
1443840548,1535.99,1.307,BID
1443840557,1535.99,2.0,ASK
1443840593,1535.99,2.4697,ASK
1443840593,1535.99,0.2096,ASK
1443840593,1535.97,0.59,ASK
1443840593,1535.94,0.001,ASK
1443840613,1535.88,0.001,ASK
1443840613,1535.85,0.0654,ASK
1443840613,1535.84,0.3429,ASK
1443840636,1535.9,0.5833,BID
1443840636,1535.97,0.0067,BID
1443840658,1535.84,0.9642,ASK
1443840658,1535.83,0.2614,ASK
1443840658,1535.82,4.9486,ASK
1443840674,1535.83,0.65,BID
1443840750,1535.85,0.3346,ASK
1443840772,1535.85,1.6654,BID
1443840772,1535.87,0.0142,BID
1443840772,1535.87,0.0258,BID
1443840772,1535.87,0.0187,BID
1443840772,1535.88,0.2759,BID
1443840772,1535.88,1.1784,BID
1443840772,1535.98,0.0016,BID
1443840780,1535.98,0.6484,BID
1443840780,1535.98,0.239,BID
1443840780,1536.15,0.085,BID
1443840780,1536.2,1.7276,BID
1443840796,1535.9,0.147,BID
1443840799,1536.18,0.13,BID
1443840801,1536.18,0.3879,BID
1443840801,1536.19,0.13,BID
1443840802,1536.19,0.5179,BID
1443840804,1536.18,6.931,BID
1443840830,1536.03,0.0117,ASK
1443840830,1536.01,0.1708,ASK
1443840830,1536.0,0.1985,ASK
1443840831,1536.04,0.1708,ASK
1443840833,1536.05,0.0141,ASK
1443840833,1536.04,0.3329,ASK
1443840887,1536.17,0.0108,ASK
1443840906,1536.17,0.35,BID
1443840907,1536.18,0.0246,BID
1443840909,1536.18,0.1429,ASK
1443840941,1536.18,0.3254,ASK
1443840945,1536.16,0.0234,BID
1443840945,1536.17,0.2978,BID
1443840953,1536.17,0.1705,BID
1443840953,1536.17,0.0337,BID
1443840954,1536.18,0.1705,BID
1443840961,1536.17,2.58,ASK
1443840962,1536.17,0.5158,ASK
1443840966,1536.01,0.0108,ASK
1443840977,1536.01,0.1799,BID
1443840991,1536.0,0.001,ASK
1443840998,1536.0,0.02,ASK
1443841013,1536.13,0.0118,BID
1443841013,1536.13,0.0144,BID
1443841013,1536.14,0.625,BID
1443841027,1536.14,0.0342,BID
1443841027,1536.14,0.1005,BID
1443841027,1536.14,0.02,BID
1443841027,1536.15,1.8053,BID
1443841028,1536.15,0.1547,BID
1443841029,1536.15,0.651,BID
1443841030,1536.15,0.651,BID
1443841031,1536.15,0.651,BID
1443841032,1536.15,0.651,BID
1443841032,1536.15,0.1,BID
1443841033,1536.15,0.651,BID
1443841035,1536.15,0.651,BID
1443841036,1536.15,0.651,BID
1443841037,1536.15,0.383,BID
1443841037,1536.16,0.1342,BID
1443841064,1536.16,0.1338,ASK
1443841064,1536.16,0.651,ASK
1443841070,1535.98,0.02,ASK
1443841097,1536.01,0.1405,ASK
1443841097,1536.0,1.8695,ASK
1443841098,1536.0,0.1405,ASK
1443841106,1536.14,0.02,BID
1443841106,1536.14,0.1405,BID
1443841106,1536.15,5.2395,BID
1443841107,1536.15,0.1605,BID
1443841140,1536.15,0.8152,BID
1443841140,1536.15,0.65,BID
1443841140,1536.15,7.0,BID
1443841140,1536.16,0.584,BID
1443841140,1536.18,0.5041,BID
1443841140,1536.2,0.4467,BID
1443841190,1536.05,0.001,ASK
1443841215,1536.05,0.001,ASK
1443841235,1536.05,0.0101,ASK
1443841252,1536.05,0.0279,ASK
1443841252,1536.04,0.03,ASK
1443841252,1536.03,0.1,ASK
1443841252,1536.01,0.05,ASK
1443841252,1536.01,0.1704,ASK
1443841252,1536.01,0.015,ASK
1443841252,1536.0,0.4265,ASK
1443841272,1536.03,0.09,BID
1443841272,1536.04,0.0279,BID
1443841272,1536.04,0.001,BID
1443841272,1536.19,0.1704,BID
1443841272,1536.19,0.015,BID
1443841272,1536.2,3.2108,BID
1443841274,1536.03,0.015,ASK
1443841274,1536.03,0.012,ASK
1443841278,1536.19,0.015,BID
1443841278,1536.19,0.012,BID
1443841278,1536.2,0.1031,BID
1443841279,1536.03,0.027,ASK
1443841283,1536.04,0.001,ASK
1443841308,1536.04,0.0022,ASK
1443841332,1536.09,0.001,ASK
1443841357,1536.12,0.0054,ASK
1443841362,1536.17,0.07,BID
1443841380,1536.17,0.001,ASK
1443841392,1536.18,0.01,BID
1443841392,1536.19,0.027,BID
1443841392,1536.2,9.5118,BID
1443841395,1536.21,0.4,ASK
1443841405,1536.22,0.0024,ASK
1443841418,1536.27,0.05,ASK
1443841418,1536.26,0.03,ASK
1443841418,1536.25,0.01,ASK
1443841418,1536.24,0.04,ASK
1443841418,1536.23,0.03,ASK
1443841418,1536.23,0.08,ASK
1443841418,1536.23,0.16,ASK
1443841424,1536.23,0.4,ASK
1443841425,1536.23,0.65,ASK
1443841426,1536.23,0.484,ASK
1443841426,1536.23,0.027,ASK
1443841426,1536.23,0.0427,ASK
1443841426,1536.22,0.0876,ASK
1443841426,1536.22,0.0087,ASK
1443841441,1536.22,0.4,ASK
1443841442,1536.22,0.65,ASK
1443841443,1536.22,0.2484,ASK
1443841443,1536.21,0.08,ASK
1443841443,1536.21,0.1269,ASK
1443841445,1536.2,2.8193,ASK
1443841445,1536.2,2.4872,ASK
1443841454,1536.2,1.694,ASK
1443841455,1536.2,0.65,ASK
1443841465,1536.21,0.07,BID
1443841466,1536.21,0.1247,BID
1443841466,1536.22,0.001,BID
1443841471,1536.22,0.069,ASK
1443841471,1536.22,0.1947,ASK
1443841471,1536.2,0.2034,ASK
1443841489,1536.2,0.001,ASK
1443841490,1536.21,0.001,BID
1443841510,1536.2,0.01,ASK
1443841530,1536.2,0.0023,ASK
1443841550,1536.2,0.0011,ASK
1443841570,1536.2,0.001,ASK
1443841591,1536.2,0.0014,ASK
1443841591,1536.21,0.068,BID
1443841591,1536.21,0.1167,BID
1443841591,1536.21,0.02,BID
1443841591,1536.21,0.0599,BID
1443841591,1536.21,1.3071,BID
1443841591,1536.22,5.6283,BID
1443841600,1536.2,1.18,ASK
1443841601,1536.2,0.65,ASK
1443841602,1536.2,0.65,ASK
1443841603,1536.2,0.65,ASK
1443841604,1536.2,0.65,ASK
1443841604,1536.2,0.1686,ASK
1443841608,1536.19,0.0599,ASK
1443841608,1536.19,0.0866,ASK
1443841608,1536.18,0.001,ASK
1443841608,1536.18,1.0325,ASK
1443841611,1536.2,2.58,BID
1443841612,1536.19,0.0501,ASK
1443841612,1536.18,1.1299,ASK
1443841612,1536.2,0.651,BID
1443841613,1536.2,0.651,BID
1443841614,1536.2,0.651,BID
1443841615,1536.2,0.651,BID
1443841616,1536.2,0.651,BID
1443841617,1536.2,0.1663,BID
1443841617,1536.2,0.0077,BID
1443841617,1536.21,0.0405,BID
1443841639,1536.19,0.0383,ASK
1443841639,1536.19,0.04,ASK
1443841639,1536.18,0.7669,ASK
1443841639,1536.17,0.0591,ASK
1443841639,1536.13,0.01,ASK
1443841639,1536.12,0.0246,ASK
1443841639,1536.11,0.08,ASK
1443841639,1536.1,0.03,ASK
1443841639,1536.09,0.079,ASK
1443841639,1536.08,0.09,ASK
1443841639,1536.07,0.08,ASK
1443841639,1536.06,0.03,ASK
1443841639,1536.05,0.07,ASK
1443841639,1536.04,0.0068,ASK
1443841639,1536.02,0.09,ASK
1443841639,1536.02,1.3072,ASK
1443841639,1536.01,0.05,ASK
1443841639,1536.0,6.0835,ASK
1443841639,1535.95,0.014,ASK
1443841639,1535.89,0.1349,ASK
1443841639,1535.88,0.2249,ASK
1443841639,1535.87,0.2998,ASK
1443841639,1535.86,0.3212,ASK
1443841639,1535.85,0.2676,ASK
1443841639,1535.84,0.4182,ASK
1443841639,1535.83,0.39,ASK
1443841639,1535.83,2.5,ASK
1443841639,1535.83,1.0735,ASK
1443841663,1536.03,0.001,ASK
1443841683,1536.06,0.0097,ASK
1443841684,1536.14,0.0014,BID
1443841708,1536.06,0.0065,ASK
1443841709,1536.14,0.0023,BID
1443841730,1536.13,0.001,BID
1443841730,1536.14,0.0363,BID
1443841730,1536.14,0.02,BID
1443841730,1536.15,0.04,BID
1443841730,1536.17,0.11,BID
1443841730,1536.18,0.07,BID
1443841730,1536.19,0.04,BID
1443841731,1536.2,0.07,ASK
1443841733,1536.2,0.002,ASK
1443841761,1536.2,0.001,ASK
1443841772,1536.07,0.07,ASK
1443841772,1536.06,0.0038,ASK
1443841772,1536.05,0.04,ASK
1443841772,1536.04,0.04,ASK
1443841772,1536.03,0.07,ASK
1443841772,1536.02,0.1074,ASK
1443841772,1535.83,0.09,ASK
1443841772,1535.82,5.5614,ASK
1443841776,1535.83,0.05,ASK
1443841779,1535.82,0.05,ASK
1443841781,1535.82,0.05,ASK
1443841783,1535.82,0.05,ASK
1443841816,1536.14,0.05,BID
1443841816,1536.15,0.03,BID
1443841816,1536.15,0.05,BID
1443841817,1535.86,0.09,ASK
1443841817,1535.85,0.03,ASK
1443841817,1535.84,0.08,ASK
1443841817,1535.83,0.04,ASK
1443841817,1535.82,0.76,ASK
1443841838,1536.14,0.09,BID
1443841838,1536.15,0.04,BID
1443841838,1536.16,0.08,BID
1443841838,1536.17,0.04,BID
1443841838,1536.2,0.0012,BID
1443841838,1536.21,0.014,BID
1443841838,1536.21,0.0265,BID
1443841838,1536.22,0.7257,BID
1443841838,1536.22,0.085,BID
1443841838,1536.23,0.1296,BID
1443841838,1536.23,0.114,BID
1443841839,1535.88,0.1703,ASK
1443841839,1535.88,0.3477,ASK
1443841839,1535.88,0.04,ASK
1443841839,1535.87,0.0322,ASK
1443841842,1536.13,4.332,ASK
1443841867,1536.08,0.0243,BID
1443841867,1536.12,0.0557,BID
1443841965,1536.11,0.01,ASK
1443842022,1536.12,0.0343,BID
1443842022,1536.13,0.1,BID
1443842022,1536.14,0.04,BID
1443842023,1536.21,0.508,ASK
1443842040,1536.21,0.3977,ASK
1443842040,1536.09,0.0243,ASK
1443842081,1536.09,0.5422,BID
1443842081,1536.09,0.5491,BID
1443842122,1536.19,0.11,BID
1443842122,1536.2,0.3977,BID
1443842122,1536.24,2.5916,BID
1443842122,1536.39,0.002,BID
1443842122,1536.43,0.01,BID
1443842122,1536.45,5.35,BID
1443842123,1536.18,0.08,BID
1443842148,1536.35,0.08,BID
1443842148,1536.36,0.09,BID
1443842148,1536.37,0.06,BID
1443842148,1536.38,0.08,BID
1443842178,1536.42,0.04,BID
1443842178,1536.43,0.1,BID
1443842178,1536.44,0.26,BID
1443842178,1536.44,0.4,BID
1443842179,1536.44,0.1,BID
1443842184,1536.42,0.1301,BID
1443842185,1536.42,0.1799,BID
1443842186,1536.43,0.1301,ASK
1443842186,1536.43,0.31,ASK
1443842186,1536.38,0.04,ASK
1443842186,1536.37,0.1,ASK
1443842186,1536.36,0.08,ASK
1443842188,1536.35,19.737,ASK
1443842193,1536.36,0.4,BID
1443842194,1536.36,0.6509,BID
1443842195,1536.36,0.6509,BID
1443842196,1536.36,0.5671,BID
1443842196,1536.37,0.04,BID
1443842213,1536.43,0.09,BID
1443842214,1536.44,0.09,BID
1443842214,1536.43,0.03,ASK
1443842215,1536.44,0.3432,BID
1443842215,1536.45,0.09,BID
1443842216,1536.45,0.4332,BID
1443842218,1536.44,0.08,ASK
1443842226,1536.44,0.08,ASK
1443842233,1536.44,0.11,ASK
1443842235,1536.43,0.11,ASK
1443842238,1536.44,0.05,ASK
1443842239,1536.43,0.4,ASK
1443842240,1536.44,0.122,ASK
1443842240,1536.43,0.528,ASK
1443842241,1536.43,0.65,ASK
1443842259,1536.44,0.05,BID
1443842259,1536.44,0.072,BID
1443842259,1536.45,1.058,BID
1443842260,1536.45,0.122,BID
1443842265,1536.45,1.18,BID
1443842266,1536.45,0.6509,BID
1443842267,1536.45,0.6509,BID
1443842268,1536.45,1.18,BID
1443842268,1536.45,0.6509,BID
1443842269,1536.45,0.6509,BID
1443842270,1536.44,0.122,ASK
1443842270,1536.43,0.478,ASK
1443842270,1536.45,0.6509,BID
1443842271,1536.43,0.122,ASK
1443842275,1536.44,0.025,ASK
1443842275,1536.44,0.0496,ASK
1443842275,1536.43,0.2834,ASK
1443842276,1536.43,0.025,ASK
1443842277,1536.43,0.6,ASK
1443842278,1536.43,0.65,ASK
1443842279,1536.43,0.4597,ASK
1443842287,1536.39,0.03,ASK
1443842287,1536.38,0.09,ASK
1443842287,1536.24,0.03,ASK
1443842324,1536.34,0.05,BID
1443842324,1536.35,0.02,BID
1443842324,1536.36,0.08,BID
1443842324,1536.37,0.1,BID
1443842324,1536.38,0.03,BID
1443842324,1536.41,0.042,BID
1443842324,1536.42,0.1903,BID
1443842324,1536.42,0.4816,BID
1443842359,1536.4,0.06,ASK
1443842359,1536.39,0.11,ASK
1443842359,1536.38,0.09,ASK
1443842362,1536.37,0.09,ASK
1443842363,1536.36,0.06,ASK
1443842364,1536.35,0.05,ASK
1443842372,1536.28,0.05,ASK
1443842372,1536.27,0.02,ASK
1443842372,1536.26,0.03,ASK
1443842387,1536.34,0.4,ASK
1443842389,1536.35,0.01,ASK
1443842406,1536.34,0.3,ASK
1443842407,1536.34,0.555,ASK
1443842450,1536.27,0.07,BID
1443842450,1536.28,0.07,BID
1443842450,1536.29,0.1,BID
1443842450,1536.3,0.05,BID
1443842450,1536.31,0.08,BID
1443842450,1536.32,0.04,BID
1443842450,1536.33,0.095,BID
1443842450,1536.33,0.65,BID
1443842450,1536.33,0.03,BID
1443842450,1536.33,0.1246,BID
1443842450,1536.34,3.0204,BID
1443842611,1536.34,3.0,BID
1443842631,1536.34,0.13,BID
1443842632,1536.34,0.6509,BID
1443842633,1536.34,0.6509,BID
1443842635,1536.34,0.6509,BID
1443842636,1536.34,0.2676,BID
1443842636,1536.35,0.1,BID
1443842668,1536.35,0.0244,ASK
1443842669,1536.35,0.2589,ASK
1443842669,1536.35,0.0244,ASK
1443842670,1536.35,0.2432,ASK
1443842720,1536.34,0.3077,BID
1443842720,1536.34,0.5265,BID
1443842720,1536.36,0.03,BID
1443842720,1536.38,0.11,BID
1443842720,1536.41,0.06,BID
1443842720,1536.42,0.1684,BID
1443842749,1536.44,2.58,ASK
1443842750,1536.44,0.5474,ASK
1443842750,1536.36,0.0325,ASK
1443842750,1536.35,0.6001,ASK
1443842752,1536.35,0.0508,ASK
1443842752,1536.28,0.07,ASK
1443842752,1536.26,0.05,ASK
1443842752,1536.25,0.1,ASK
1443842752,1536.24,0.05,ASK
1443842752,1536.23,0.09,ASK
1443842752,1536.22,0.06,ASK
1443842752,1536.21,0.08,ASK
1443842752,1536.19,0.025,ASK
1443842752,1536.18,0.5,ASK
1443842752,1536.17,0.08,ASK
1443842752,1536.16,0.0242,ASK
1443842760,1536.34,0.0508,BID
1443842760,1536.42,0.025,BID
1443842760,1536.42,0.0242,BID
1443842769,1536.35,0.0508,ASK
1443842769,1536.16,0.0858,ASK
1443842769,1536.13,0.001,ASK
1443842769,1535.9,0.023,ASK
1443842769,1535.89,0.09,ASK
1443842769,1535.89,0.3906,ASK
1443842769,1535.88,0.1,ASK
1443842769,1535.88,0.3282,ASK
1443842769,1535.88,0.0193,ASK
1443842769,1535.87,0.0578,ASK
1443842769,1535.87,0.3282,ASK
1443842769,1535.86,0.4375,ASK
1443842769,1535.86,0.0878,ASK
1443842771,1535.86,1.2199,ASK
1443842771,1535.85,0.4688,ASK
1443842771,1535.84,0.3113,ASK
1443842789,1535.84,1.18,ASK
1443842897,1536.43,0.0193,BID
1443842897,1536.43,0.0313,BID
1443842897,1536.44,1.3077,BID
1443842899,1536.44,0.381,ASK
1443842899,1536.44,0.6,ASK
1443842902,1536.44,0.6,ASK
1443842903,1536.45,1.3077,BID
1443842904,1536.43,0.65,BID
1443842904,1536.45,0.0009,BID
1443842906,1535.85,0.5181,ASK
1443842906,1535.85,0.0313,ASK
1443842906,1535.84,15.752,ASK
1443842969,1536.39,0.13,ASK
1443842970,1536.39,0.0001,ASK
1443842975,1535.86,0.1463,ASK
1443842975,1535.86,0.019,ASK
1443842975,1535.85,4.32,ASK
1443842978,1535.83,2.0,BID
1443842979,1535.83,2.58,BID
1443842979,1535.83,0.6511,BID
1443842980,1535.83,0.6511,BID
1443842981,1535.83,0.6511,BID
1443842982,1535.83,0.6511,BID
1443842983,1535.83,0.6511,BID
1443842984,1535.82,1.3077,ASK
1443842984,1535.83,0.6511,BID
1443842990,1535.83,1.3077,BID
1443842991,1535.83,0.6511,BID
1443842992,1535.83,0.6511,BID
1443842994,1535.83,0.6511,BID
1443842995,1535.83,0.6511,BID
1443842996,1535.83,0.6511,BID
1443842997,1535.83,0.6511,BID
1443842998,1535.83,0.6511,BID
1443843000,1535.83,0.6511,BID
1443843002,1535.83,0.6511,BID
1443843002,1535.82,1.3077,ASK
1443843003,1535.83,0.6511,BID
1443843004,1535.83,0.6511,BID
1443843005,1535.83,0.6511,BID
1443843006,1535.83,0.6511,BID
1443843007,1535.83,0.6511,BID
1443843008,1535.83,0.6511,BID
1443843009,1535.83,0.6511,BID
1443843010,1535.83,1.1179,BID
1443843010,1535.83,0.1898,BID
1443843010,1535.83,0.1205,BID
1443843016,1535.84,0.0545,ASK
1443843054,1535.99,0.0208,BID
1443843054,1536.0,0.416,BID
1443843054,1536.38,0.13,BID
1443843054,1536.43,0.1,BID
1443843054,1536.44,0.5132,BID
1443843071,1536.38,0.0259,BID
1443843071,1536.39,0.5181,BID
1443843071,1536.43,0.0397,BID
1443843071,1536.44,0.5963,BID
1443843092,1536.44,0.1982,BID
1443843092,1536.44,0.1102,BID
1443843092,1536.45,0.8716,BID
1443843101,1535.86,0.1404,ASK
1443843101,1535.85,0.1721,ASK
1443843101,1535.85,6.1254,ASK
1443843128,1535.88,0.5183,ASK
1443843128,1535.87,0.105,ASK
1443843153,1536.43,0.0329,BID
1443843153,1536.45,0.1351,BID
1443843153,1536.45,0.168,BID
1443843153,1536.45,5.1222,BID
1443843154,1536.42,0.5183,BID
1443843154,1536.45,0.0327,BID
1443843154,1536.44,12.451,BID
1443843158,1536.44,0.1075,BID
1443843158,1536.45,0.4025,BID
1443843161,1536.44,0.1721,BID
1443843161,1536.45,1.0419,BID
1443843161,1536.45,0.4,BID
1443843164,1536.45,0.894,BID
1443843167,1536.45,1.987,BID
1443843170,1536.45,2.201,BID
1443843171,1536.45,0.6,BID
1443843178,1536.45,0.34,BID
1443843185,1536.45,0.6,BID
1443843187,1536.45,0.359,BID
1443843189,1536.45,0.6,BID
1443843203,1536.45,0.4,BID
1443843203,1536.45,0.256,BID
1443843218,1536.43,0.6,BID
1443843277,1536.43,2.674,BID
1443843292,1536.45,3.2543,BID
1443843316,1536.44,0.0356,ASK
1443843316,1536.43,0.28,ASK
1443843316,1536.43,0.201,ASK
1443843317,1536.43,0.0356,ASK
1443843331,1536.43,0.194,ASK
1443843456,1536.43,0.0004,ASK
1443843456,1536.01,0.0632,ASK
1443843456,1536.01,0.025,ASK
1443843456,1536.01,0.0728,ASK
1443843456,1536.0,0.4386,ASK
1443843460,1536.01,0.5184,ASK
1443843460,1536.0,0.0816,ASK
1443843535,1536.36,0.0259,BID
1443843535,1536.44,0.1185,BID
1443843535,1536.45,2.8556,BID
1443843540,1536.01,0.0259,ASK
1443843540,1536.01,0.1185,ASK
1443843540,1536.0,1.2406,ASK
1443843695,1536.36,0.001,ASK
1443843695,1536.3,0.001,ASK
1443843695,1536.0,1.178,ASK
1443843713,1536.0,2.2612,ASK
1443843713,1535.87,0.3188,ASK
1443843753,1536.0,0.103,BID
1443843756,1535.87,0.8844,ASK
1443843756,1535.82,0.2956,ASK
1443843759,1535.82,1.18,ASK
1443843760,1535.82,0.65,ASK
1443843761,1535.82,0.65,ASK
1443843762,1535.86,0.341,BID
1443843762,1535.82,0.65,ASK
1443843763,1535.86,0.309,BID
1443843766,1535.98,0.0654,BID
1443843766,1535.99,1.3082,BID
1443843766,1535.99,0.0866,BID
1443843766,1535.99,0.0446,BID
1443843766,1536.0,5.005,BID
1443843787,1536.0,0.16,BID
1443843788,1536.0,0.651,BID
1443843789,1536.0,0.651,BID
1443843790,1536.0,0.651,BID
1443843791,1536.0,0.651,BID
1443843792,1536.0,0.651,BID
1443843793,1536.0,0.651,BID
1443843794,1536.0,0.651,BID
1443843798,1536.0,1.497,BID
1443843799,1536.0,0.378,BID
1443843912,1536.44,0.1,BID
1443843932,1536.45,0.319,BID
1443843965,1536.44,0.4184,BID
1443843965,1536.45,2.5816,BID
1443843972,1536.45,0.4,BID
1443843975,1536.45,0.6,BID
1443843983,1536.45,0.6,BID
1443844041,1536.45,0.065,BID
1443844095,1536.45,0.455,BID
1443844096,1536.45,0.6509,BID
1443844112,1536.45,14.7436,BID
1443844144,1536.45,16.603,BID
1443844144,1536.5,0.2,BID
1443844144,1536.55,3.5,BID
1443844144,1536.6,0.003,BID
1443844144,1536.91,0.002,BID
1443844144,1536.91,2.1,BID
1443844144,1536.97,0.002,BID
1443844144,1536.99,1.8,BID
1443844144,1536.99,0.3,BID
1443844144,1537.0,0.3,BID
1443844146,1537.0,0.95,ASK
1443844146,1537.0,0.24,ASK
1443844205,1536.97,0.002,BID
1443844208,1536.99,0.518,ASK
1443844209,1536.99,0.0003,ASK
1443844209,1536.98,0.008,ASK
1443844210,1536.29,2.0,ASK
1443844210,1536.29,11.839,ASK
1443844211,1536.29,10.96,ASK
1443844212,1536.31,0.0279,ASK
1443844218,1536.98,0.1557,BID
1443844233,1537.48,0.002,BID
1443844234,1537.48,0.0497,ASK
1443844249,1536.98,0.3029,ASK
1443844250,1536.98,0.4,ASK
1443844252,1536.98,0.338,ASK
1443844255,1536.98,0.0005,ASK
1443844290,1536.51,0.1212,ASK
1443844290,1536.51,0.0654,ASK
1443844290,1536.5,0.0004,ASK
1443844294,1536.5,0.035,ASK
1443844327,1536.5,0.4266,ASK
1443844345,1536.5,1.0,ASK
1443844404,1536.5,0.8706,ASK
1443844415,1536.5,1.6434,ASK
1443844418,1536.5,0.124,ASK
1443844421,1536.5,0.2399,BID
1443844424,1536.96,0.0169,BID
1443844426,1536.96,0.6,ASK
1443844426,1536.96,0.438,ASK
1443844428,1536.96,2.0,ASK
1443844429,1536.96,0.5,ASK
1443844429,1536.96,0.65,ASK
1443844430,1536.96,0.65,ASK
1443844431,1536.96,0.65,ASK
1443844432,1536.96,0.138,ASK
1443844432,1536.96,1.0,ASK
1443844432,1536.96,0.65,ASK
1443844433,1536.96,0.6,ASK
1443844433,1536.97,0.06,BID
1443844433,1536.97,0.1097,BID
1443844433,1536.97,1.1376,BID
1443844434,1536.96,2.0,ASK
1443844434,1536.96,0.65,ASK
1443844435,1536.96,0.65,ASK
1443844445,1536.96,1.3073,ASK
1443844446,1536.96,0.533,ASK
1443844446,1536.96,0.65,ASK
1443844446,1536.96,3.725,ASK
1443844447,1536.96,0.207,ASK
1443844447,1536.96,0.65,ASK
1443844448,1536.96,0.65,ASK
1443844449,1536.96,0.65,ASK
1443844450,1536.96,0.65,ASK
1443844451,1536.96,0.65,ASK
1443844452,1536.96,0.2804,ASK
1443844458,1536.52,0.012,ASK
1443844458,1536.51,0.2399,ASK
1443844458,1536.4,0.0101,ASK
1443844458,1536.39,0.2,ASK
1443844458,1536.39,0.001,ASK
1443844458,1536.39,0.001,ASK
1443844458,1536.29,0.002,ASK
1443844458,1536.26,0.002,ASK
1443844458,1536.24,0.002,ASK
1443844458,1536.18,0.0255,ASK
1443844458,1536.17,0.51,ASK
1443844458,1536.1,0.3,ASK
1443844458,1536.01,1.3081,ASK
1443844458,1536.0,0.3,ASK
1443844458,1535.88,13.1335,ASK
1443844458,1535.87,3.7142,ASK
1443844469,1536.94,0.0101,BID
1443844469,1536.94,0.012,BID
1443844469,1536.95,0.3696,BID
1443844469,1536.95,0.65,BID
1443844469,1536.96,0.153,BID
1443844470,1536.97,1.3081,ASK
1443844472,1536.97,0.4,ASK
1443844473,1536.97,0.65,ASK
1443844476,1536.97,0.4,ASK
1443844477,1536.97,0.65,ASK
1443844478,1536.97,0.65,ASK
1443844479,1536.97,0.65,ASK
1443844480,1536.97,0.6035,ASK
1443844495,1536.96,0.0465,BID
1443844495,1536.96,0.4035,BID
1443844499,1536.96,0.2465,BID
1443844499,1536.97,0.015,BID
1443844499,1536.97,0.0105,BID
1443844499,1536.98,0.183,BID
1443844511,1536.98,0.39,BID
1443844524,1535.91,0.1212,ASK
1443844524,1535.9,0.0655,ASK
1443844524,1535.9,1.0133,ASK
1443844525,1536.98,3.0,BID
1443844526,1536.98,0.227,BID
1443844526,1536.99,0.1212,ASK
1443844526,1536.99,0.015,ASK
1443844529,1536.99,0.2368,ASK
1443844531,1536.98,0.2368,BID
1443844531,1537.0,0.2812,BID
1443844537,1536.99,0.2815,BID
1443844537,1537.0,0.0185,BID
1443844538,1537.0,0.0003,BID
1443844547,1537.24,0.0237,BID
1443844547,1537.24,0.0118,BID
1443844547,1537.24,0.015,BID
1443844547,1537.25,0.3505,BID
1443844548,1537.25,0.0505,BID
1443844566,1537.25,0.4,BID
1443844566,1537.25,0.321,BID
1443844570,1537.25,0.2,BID
1443844571,1537.25,0.6505,BID
1443844572,1537.25,0.6505,BID
1443844573,1537.25,0.6505,BID
1443844575,1537.25,0.2265,BID
1443844600,1537.46,0.002,BID
1443844600,1537.5,0.098,BID
1443844610,1537.28,0.5182,ASK
1443844610,1537.27,0.0113,ASK
1443844610,1537.26,0.2265,ASK
1443844610,1537.26,0.0423,ASK
1443844610,1537.25,0.3274,ASK
1443844611,1537.25,0.5182,ASK
1443844611,1537.25,0.0259,BID
1443844614,1537.23,0.002,BID
1443844614,1537.25,0.579,BID
1443844675,1536.23,0.01,ASK
1443844675,1536.22,0.002,ASK
1443844676,1536.22,0.666,BID
1443844677,1536.22,0.442,BID
1443844678,1537.45,0.01,BID
1443844689,1537.41,0.0259,BID
1443844693,1537.43,0.1916,ASK
1443844732,1537.42,0.1916,BID
1443844733,1537.45,0.5182,ASK
1443844739,1537.47,0.002,BID
1443844745,1537.47,0.3,ASK
1443844746,1537.47,0.139,ASK
1443844746,1537.47,0.061,ASK
1443844747,1537.45,0.5,ASK
1443844752,1537.45,3.0,ASK
1443844753,1537.45,0.65,ASK
1443844754,1537.45,0.65,ASK
1443844755,1537.45,0.9902,ASK
1443844763,1537.41,0.002,BID
1443844763,1537.43,0.1618,BID
1443844763,1537.44,0.65,BID
1443844763,1537.44,0.65,BID
1443844763,1537.46,0.0998,BID
1443844830,1537.45,0.004,BID
1443844846,1537.45,0.0219,BID
1443844846,1537.45,0.0131,BID
1443844846,1537.46,0.2002,BID
1443844846,1537.46,0.5,BID
1443844846,1537.5,2.702,BID
1443844846,1537.59,0.005,BID
1443844846,1537.9,0.002,BID
1443844846,1537.91,9.561,BID
1443844870,1537.42,0.2174,BID
1443845006,1537.42,0.1426,BID
1443845009,1537.43,0.0189,ASK
1443845009,1537.42,0.3591,ASK
1443845012,1537.44,0.518,ASK
1443845042,1537.42,0.019,ASK
1443845061,1537.43,0.028,BID
1443845063,1537.43,0.372,BID
1443845083,1537.44,0.028,ASK
1443845145,1537.42,0.0003,ASK
1443845145,1536.48,0.0007,ASK
1443845271,1536.56,0.0429,ASK
1443845271,1536.55,0.7381,ASK
1443845333,1536.57,0.0222,ASK
1443845333,1536.57,0.1074,ASK
1443845334,1537.43,0.028,BID
1443845351,1537.9,0.8411,BID
1443845364,1536.56,0.3053,ASK
1443845413,1537.83,0.518,BID
1443845413,1537.86,0.0315,BID
1443845413,1537.87,0.7381,BID
1443845413,1537.88,3.573,BID
1443845413,1537.89,3.0,BID
1443845413,1538.0,0.3,BID
1443845413,1538.0,4.1855,BID
1443845413,1538.0,23.6506,BID
1443845413,1538.0,5.76,BID
1443845413,1538.51,1.388,BID
1443845421,1537.84,0.0127,ASK
1443845421,1537.83,0.2413,ASK
1443845422,1537.83,0.0129,ASK
1443845422,1537.82,0.2411,BID
1443845426,1537.86,0.0139,ASK
1443845431,1537.84,0.2631,BID
1443845541,1537.42,0.2174,BID
1443845559,1537.0,0.3,ASK
1443845559,1536.67,0.01,ASK
1443845559,1536.66,1.309,ASK
1443845559,1536.59,0.0655,ASK
1443845559,1536.59,12.8399,ASK
1443845559,1536.58,7.1244,ASK
1443845559,1536.52,6.3348,ASK
1443845562,1536.98,0.3,BID
1443845565,1536.99,0.3,ASK
1443845565,1536.99,0.263,ASK
1443845635,1537.45,0.001,BID
1443845636,1536.52,0.0752,ASK
1443845638,1536.52,0.586,BID
1443845693,1537.44,0.0487,BID
1443845693,1537.45,0.91,BID
1443845693,1537.45,0.0655,BID
1443845693,1537.46,1.309,BID
1443845693,1537.46,0.1074,BID
1443845693,1537.47,0.81,BID
1443845708,1537.4,0.025,BID
1443845708,1537.41,0.5,BID
1443845710,1537.44,0.27,ASK
1443845710,1537.44,0.27,ASK
1443845710,1537.44,0.27,ASK
1443845710,1537.44,0.25,ASK
1443845713,1537.47,1.18,BID
1443845714,1537.44,0.184,ASK
1443845714,1537.48,0.6504,BID
1443845715,1537.44,0.65,ASK
1443845716,1537.47,0.65,ASK
1443845716,1537.48,1.18,BID
1443845717,1537.48,0.6504,BID
1443845718,1537.48,0.6504,BID
1443845719,1537.48,1.309,BID
1443845719,1537.48,0.6504,BID
1443845720,1537.48,0.6504,BID
1443845721,1537.48,3.0168,BID
1443845721,1537.48,0.6504,BID
1443845722,1537.48,0.6504,BID
1443845726,1537.48,9.709,BID
1443845727,1537.48,0.6504,BID
1443845728,1537.48,0.329,BID
1443845728,1537.48,0.6504,BID
1443845729,1537.48,0.6504,BID
1443845730,1537.48,0.6504,BID
1443845731,1537.47,1.309,ASK
1443845731,1537.48,0.6504,BID
1443845732,1537.47,0.65,ASK
1443845732,1537.48,6.6514,BID
1443845733,1537.48,0.65,ASK
