timestamp,price,amount,side
1445471825,1730.99,0.01,BID
1445471827,1730.98,0.01,BID
1445471841,1731.0,0.002,BID
1445471842,1731.01,0.008,ASK
1445471846,1731.04,0.01,ASK
1445471848,1731.04,0.01,ASK
1445471848,1731.04,0.557,ASK
1445471849,1731.0,0.0147,ASK
1445471849,1730.77,0.0208,ASK
1445471849,1730.52,0.002,ASK
1445471849,1730.48,0.035,ASK
1445471849,1730.47,0.0875,ASK
1445471851,1731.01,0.05,BID
1445471853,1731.02,0.0147,ASK
1445471864,1731.03,0.0337,ASK
1445471866,1731.03,0.0263,ASK
1445471866,1731.02,0.0337,ASK
1445471867,1731.04,0.015,ASK
1445471867,1731.04,0.0187,ASK
1445471867,1731.02,0.0016,ASK
1445471879,1730.91,0.1483,BID
1445471881,1730.96,0.0134,BID
1445471882,1730.96,0.0466,BID
1445471882,1730.98,0.0134,BID
1445471884,1731.02,0.002,BID
1445471887,1731.03,0.01,ASK
1445471906,1731.36,0.0337,BID
1445471907,1731.91,0.1,BID
1445471908,1731.91,0.159,BID
1445471908,1731.91,0.0459,BID
1445471910,1732.0,0.1,ASK
1445471910,1731.96,0.159,ASK
1445471911,1731.97,5.938,BID
1445471912,1731.96,0.1,ASK
1445471912,1731.69,0.0337,ASK
1445471912,1731.68,0.0337,ASK
1445471912,1731.68,0.01,ASK
1445471912,1731.46,0.0816,BID
1445471913,1732.5,0.0118,BID
1445471917,1731.62,0.0179,ASK
1445471922,1731.7,0.002,ASK
1445471922,1731.63,0.008,ASK
1445471923,1731.63,0.052,ASK
1445471923,1731.62,0.0005,ASK
1445471925,1731.13,0.012,BID
1445471937,1731.11,0.0229,ASK
1445471939,1731.11,0.0061,ASK
1445471939,1731.1,0.0939,ASK
1445471947,1731.17,0.002,ASK
1445471949,1731.09,0.038,ASK
1445471950,1731.09,0.0298,ASK
1445471950,1731.08,0.0678,ASK
1445471951,1731.09,0.038,BID
1445471951,1731.09,0.0298,ASK
1445471951,1731.08,0.0678,ASK
1445471955,1731.13,0.008,BID
1445471955,1731.13,0.01,BID
1445471965,1731.45,0.01,ASK
1445471969,1731.42,0.567,BID
1445472017,1731.91,0.0337,BID
1445472019,1731.91,0.06,BID
1445472020,1731.92,0.0107,BID
1445472020,1731.93,0.0493,BID
1445472021,1731.93,0.0107,BID
1445472021,1731.93,0.01,BID
1445472022,1731.93,0.025,BID
1445472023,1731.93,0.1194,BID
1445472023,1731.94,0.004,BID
1445472037,1732.1,0.05,ASK
1445472046,1732.64,0.01,BID
1445472049,1732.63,0.1,BID
1445472049,1732.64,0.1256,BID
1445472049,1732.83,0.1039,BID
1445472049,1733.02,0.0217,BID
1445472049,1733.03,8.8708,BID
1445472049,1733.13,0.647,BID
1445472049,1733.22,0.1,BID
1445472049,1733.23,0.325,BID
1445472049,1733.3,0.1,BID
1445472049,1733.31,0.9,BID
1445472049,1733.79,0.656,BID
1445472052,1732.6,5.0,BID
1445472052,1732.6,0.658,BID
1445472076,1732.61,0.326,BID
1445472078,1732.61,0.6,ASK
1445472078,1732.61,0.4,ASK
1445472078,1732.61,0.4,ASK
1445472078,1732.62,0.152,ASK
1445472078,1732.61,0.248,ASK
1445472078,1732.61,0.747,ASK
1445472078,1732.61,0.01,ASK
1445472079,1732.62,0.0151,ASK
1445472079,1732.62,0.4649,ASK
1445472079,1732.61,0.2901,ASK
1445472079,1732.61,0.015,ASK
1445472080,1732.61,0.259,ASK
1445472080,1732.61,0.15,ASK
1445472081,1732.61,0.01,ASK
1445472081,1732.61,0.174,ASK
1445472081,1732.61,1.4517,ASK
1445472083,1732.48,0.01,BID
1445472083,1732.56,0.05,BID
1445472087,1732.49,0.01,ASK
1445472106,1732.55,0.06,BID
1445472108,1732.55,0.01,ASK
1445472109,1732.56,0.0337,ASK
1445472113,1732.55,0.0063,BID
1445472115,1733.17,0.53,BID
1445472116,1733.17,0.0063,ASK
1445472118,1732.8,0.2141,BID
1445472118,1732.88,0.01,BID
1445472118,1732.57,0.01,ASK
1445472120,1732.81,0.1804,ASK
1445472120,1732.81,0.0337,ASK
1445472121,1732.57,0.01,ASK
1445472122,1732.73,0.1799,BID
1445472122,1732.73,0.0005,BID
1445472122,1732.8,0.214,BID
1445472122,1732.8,0.214,BID
1445472122,1732.8,0.138,BID
1445472123,1732.88,0.01,BID
1445472123,1732.88,0.01,BID
1445472124,1732.92,0.0337,ASK
1445472124,1732.92,0.01,ASK
1445472125,1732.92,0.1367,ASK
1445472125,1732.92,0.1243,ASK
1445472127,1732.93,0.01,ASK
1445472128,1733.78,0.001,BID
1445472128,1732.93,0.01,ASK
1445472128,1732.93,0.0137,ASK
1445472128,1732.93,0.06,ASK
1445472128,1732.93,0.1263,ASK
1445472128,1732.93,0.01,ASK
1445472129,1732.93,0.06,ASK
1445472131,1732.94,0.0232,ASK
1445472131,1732.93,0.0768,ASK
1445472131,1732.93,0.01,ASK
1445472140,1733.3,0.01,ASK
1445472141,1733.3,0.055,ASK
1445472141,1733.3,0.59,ASK
1445472141,1733.3,0.39,ASK
1445472141,1733.3,0.11,ASK
1445472142,1733.3,0.01,ASK
1445472142,1733.3,0.01,ASK
1445472143,1733.3,0.055,ASK
1445472145,1733.65,0.105,BID
1445472145,1733.31,0.031,ASK
1445472146,1733.31,0.01,ASK
1445472146,1733.31,0.07,ASK
1445472146,1733.31,0.1,ASK
1445472147,1733.31,0.03,ASK
1445472147,1733.32,0.0196,ASK
1445472147,1733.31,0.0804,ASK
1445472147,1733.31,0.018,ASK
1445472148,1733.31,0.01,ASK
1445472149,1733.32,0.1606,ASK
1445472150,1733.32,0.0504,ASK
1445472150,1733.31,0.0183,ASK
1445472151,1733.31,0.01,ASK
1445472151,1733.31,0.04,ASK
1445472151,1733.32,0.161,ASK
1445472152,1733.32,0.1323,ASK
1445472153,1733.32,0.01,ASK
1445472153,1733.32,0.03,ASK
1445472153,1733.32,0.0337,ASK
1445472153,1733.31,0.0003,ASK
1445472154,1733.31,0.02,ASK
1445472155,1733.31,0.01,ASK
1445472158,1733.16,0.01,BID
1445472158,1733.19,0.01,BID
1445472158,1733.19,0.056,BID
1445472158,1733.19,0.0337,ASK
1445472160,1733.42,0.066,ASK
1445472160,1733.21,0.01,ASK
1445472160,1733.19,0.0103,ASK
1445472160,1732.75,0.0427,ASK
1445472162,1733.78,0.2831,BID
1445472162,1733.79,0.0596,BID
1445472163,1733.77,0.01,BID
1445472163,1733.43,0.01,ASK
1445472163,1733.77,0.06,BID
1445472163,1733.79,0.2827,BID
1445472163,1733.44,2.0,ASK
1445472163,1733.44,1.447,ASK
1445472164,1733.79,0.3845,BID
1445472164,1733.79,0.22,BID
1445472165,1733.79,0.154,BID
1445472167,1733.79,0.0905,BID
1445472168,1733.89,0.01,ASK
1445472169,1733.9,4.0,ASK
1445472169,1733.9,2.45,ASK
1445472169,1733.89,0.144,ASK
1445472169,1733.8,0.01,ASK
1445472171,1733.8,0.087,ASK
1445472171,1733.8,0.113,ASK
1445472172,1733.78,0.01,BID
1445472172,1733.78,0.002,BID
1445472175,1733.44,0.947,BID
1445472175,1733.44,0.001,BID
1445472175,1733.44,0.01,BID
1445472176,1733.44,0.064,BID
1445472176,1733.44,0.01,BID
1445472176,1733.44,0.01,BID
1445472176,1733.44,0.117,BID
1445472177,1733.44,0.983,BID
1445472177,1733.44,0.9949,BID
1445472178,1733.44,0.013,BID
1445472178,1733.44,0.01,BID
1445472178,1733.44,0.01,BID
1445472180,1733.43,0.01,BID
1445472180,1733.44,0.144,BID
1445472181,1733.44,0.09,BID
1445472181,1733.44,0.01,BID
1445472184,1733.44,0.01,BID
1445472185,1733.32,0.149,ASK
1445472186,1733.44,0.01,BID
1445472187,1733.31,0.001,BID
1445472188,1733.31,0.1479,BID
1445472188,1733.31,0.001,BID
1445472189,1733.31,0.009,ASK
1445472189,1733.14,0.001,ASK
1445472191,1733.43,0.01,BID
1445472191,1733.32,0.01,ASK
1445472195,1733.32,0.01,ASK
1445472195,1733.32,0.01,ASK
1445472199,1733.37,0.002,ASK
1445472199,1733.32,0.1189,ASK
1445472203,1733.31,0.01,BID
1445472203,1733.31,0.092,BID
1445472204,1733.31,0.0169,BID
1445472210,1733.37,0.01,ASK
1445472213,1733.37,0.01,ASK
1445472213,1733.37,0.01,ASK
1445472214,1733.37,0.021,ASK
1445472215,1733.42,0.001,BID
1445472215,1733.37,0.0679,ASK
1445472216,1733.36,0.01,BID
1445472216,1733.36,0.031,BID
1445472216,1733.36,0.01,BID
1445472217,1733.36,0.041,BID
1445472218,1733.36,0.01,BID
1445472218,1733.36,0.0279,BID
1445472220,1733.39,0.0379,ASK
1445472220,1733.37,0.0131,ASK
1445472220,1733.37,0.0379,ASK
1445472220,1733.32,0.102,ASK
1445472220,1732.89,0.03,ASK
1445472220,1732.88,0.6,ASK
1445472220,1732.74,0.1804,ASK
1445472220,1732.6,0.428,ASK
1445472220,1732.58,0.0263,ASK
1445472220,1732.57,0.525,ASK
1445472220,1732.57,0.0384,ASK
1445472220,1732.56,0.0311,ASK
1445472220,1732.56,0.0374,ASK
1445472220,1732.56,0.7,ASK
1445472220,1732.55,1.0,ASK
1445472220,1732.53,0.336,ASK
1445472220,1732.5,0.268,ASK
1445472220,1732.48,0.7,ASK
1445472220,1732.47,0.8,ASK
1445472220,1732.46,1.4221,ASK
1445472220,1733.44,0.378,BID
1445472221,1732.47,1.0,ASK
1445472221,1732.47,1.0,ASK
1445472221,1732.47,16.23,ASK
1445472221,1733.43,9.0,ASK
1445472221,1733.43,0.899,ASK
1445472221,1733.44,0.01,BID
1445472223,1733.36,0.0131,BID
1445472233,1732.49,0.025,ASK
1445472233,1732.48,0.119,ASK
1445472233,1732.48,0.138,ASK
1445472233,1732.48,0.144,ASK
1445472234,1732.48,0.099,ASK
1445472234,1732.48,0.0124,ASK
1445472234,1732.48,0.0243,ASK
1445472234,1732.47,0.0083,ASK
1445472234,1732.56,0.011,BID
1445472235,1732.72,0.025,ASK
1445472236,1732.72,0.01,ASK
1445472238,1732.73,0.0337,ASK
1445472238,1732.48,0.0303,ASK
1445472240,1732.64,0.033,ASK
1445472241,1732.64,0.01,ASK
1445472243,1732.95,0.0337,BID
1445472243,1732.96,0.111,BID
1445472245,1732.96,0.033,BID
1445472245,1732.96,0.0007,BID
1445472245,1733.02,0.01,BID
1445472247,1733.04,0.01,ASK
1445472250,1733.11,0.002,ASK
1445472250,1733.03,0.01,ASK
1445472250,1733.03,0.008,ASK
1445472262,1733.38,0.01,BID
1445472262,1733.39,0.0366,BID
1445472263,1733.39,0.02,BID
1445472264,1733.37,0.05,BID
1445472269,1733.39,0.01,BID
1445472276,1733.43,0.1,BID
1445472278,1733.43,0.01,BID
1445472279,1733.43,0.127,BID
1445472279,1733.43,0.001,BID
1445472280,1733.43,0.078,BID
1445472281,1733.43,0.5766,BID
1445472281,1733.44,0.078,BID
1445472282,1733.44,0.5766,BID
1445472283,1733.43,0.01,ASK
1445472284,1733.44,0.01,BID
1445472285,1733.44,0.34,BID
1445472285,1733.44,0.001,BID
1445472285,1733.44,0.781,BID
1445472285,1733.08,0.002,ASK
1445472285,1733.02,0.008,ASK
1445472286,1733.44,0.01,BID
1445472286,1733.44,0.9,BID
1445472287,1733.44,0.16,BID
1445472289,1733.44,0.01,BID
1445472289,1733.44,0.01,BID
1445472294,1733.43,0.001,BID
1445472294,1733.43,0.01,BID
1445472306,1733.43,0.578,BID
1445472306,1733.43,0.144,BID
1445472306,1733.43,0.0158,BID
1445472306,1733.44,0.3842,BID
1445472306,1733.44,0.381,BID
1445472306,1733.44,0.366,BID
1445472306,1733.44,0.578,BID
1445472307,1733.44,0.381,BID
1445472307,1733.44,0.5769,BID
1445472309,1733.41,0.01,ASK
1445472312,1733.44,0.01,BID
1445472316,1733.38,0.01,ASK
1445472316,1733.44,0.001,BID
1445472323,1733.44,0.01,BID
1445472325,1733.44,0.001,BID
1445472325,1733.24,0.01,ASK
1445472328,1733.43,0.01,BID
1445472330,1733.42,0.01,BID
1445472330,1733.23,0.002,ASK
1445472362,1733.4,0.0289,BID
1445472364,1733.41,0.016,BID
1445472366,1733.41,0.01,BID
1445472368,1733.41,0.09,BID
1445472368,1733.15,0.002,ASK
1445472368,1733.11,0.06,ASK
1445472368,1733.02,0.035,ASK
1445472368,1733.01,0.013,ASK
1445472369,1733.41,0.462,BID
1445472369,1733.42,0.0231,ASK
1445472370,1733.42,0.0769,ASK
1445472371,1733.42,0.0769,ASK
1445472372,1733.42,0.4751,ASK
1445472380,1733.4,0.0333,BID
1445472380,1733.4,0.06,BID
1445472380,1733.41,0.0769,BID
1445472380,1733.41,0.552,BID
1445472380,1733.42,0.014,BID
1445472380,1733.81,0.01,BID
1445472380,1733.89,0.6208,BID
1445472380,1733.9,0.6,BID
1445472380,1733.92,0.001,BID
1445472380,1733.92,0.001,BID
1445472380,1733.92,0.001,BID
1445472380,1733.92,0.001,BID
1445472380,1733.92,0.001,BID
1445472380,1733.97,0.175,BID
1445472380,1734.13,4.4611,BID
1445472380,1734.15,0.175,BID
1445472380,1734.15,0.175,BID
1445472380,1734.23,0.175,BID
1445472380,1734.32,0.3,BID
1445472380,1734.39,0.3,BID
1445472380,1734.47,0.463,BID
1445472380,1734.48,0.03,BID
1445472380,1734.98,2.1,BID
1445472380,1734.99,1.2593,BID
1445472380,1735.0,2.3954,BID
1445472380,1735.12,11.9115,BID
1445472380,1735.28,1.0,BID
1445472380,1735.28,1.0,BID
1445472380,1735.4,0.9477,BID
1445472380,1733.02,0.0331,ASK
1445472382,1733.03,0.033,ASK
1445472387,1733.03,0.036,ASK
1445472398,1733.12,0.002,ASK
1445472398,1733.05,0.03,ASK
1445472398,1733.04,0.0337,ASK
1445472398,1733.04,0.6,ASK
1445472398,1733.03,0.674,ASK
1445472398,1733.01,1.3548,ASK
1445472398,1733.0,9.5922,ASK
1445472405,1733.36,0.025,BID
1445472406,1733.35,0.025,BID
1445472412,1733.36,0.03,BID
1445472412,1733.37,0.008,BID
1445472413,1733.37,0.042,BID
1445472414,1733.38,0.008,ASK
1445472424,1733.47,0.0337,ASK
1445472424,1733.46,0.002,ASK
1445472424,1733.39,0.06,ASK
1445472424,1733.38,0.002,ASK
1445472424,1733.0,0.0813,ASK
1445472443,1733.04,0.01,ASK
1445472486,1733.12,0.002,ASK
1445472486,1733.06,0.0362,ASK
1445472486,1733.05,0.05,ASK
1445472486,1733.05,0.5118,ASK
1445472486,1733.06,0.01,BID
1445472486,1733.47,0.03,BID
1445472487,1733.05,0.1622,ASK
1445472488,1733.01,0.0121,ASK
1445472488,1733.01,0.1487,ASK
1445472488,1733.0,1.1232,ASK
1445472488,1733.0,0.038,ASK
1445472488,1733.04,0.5998,BID
1445472488,1733.47,0.0037,BID
1445472488,1733.53,0.06,BID
1445472488,1733.62,0.3165,BID
1445472488,1733.0,0.1608,ASK
1445472489,1733.0,0.01,ASK
1445472490,1733.0,0.117,ASK
1445472490,1733.01,0.0362,BID
1445472491,1733.01,0.0121,BID
1445472491,1733.01,0.1125,BID
1445472491,1733.01,0.01,BID
1445472492,1733.01,0.0262,ASK
1445472492,1733.0,0.3698,ASK
1445472492,1733.0,0.4,ASK
1445472492,1733.0,0.5,ASK
1445472492,1733.0,0.366,ASK
1445472492,1733.0,0.4,ASK
1445472493,1733.0,0.0262,ASK
1445472493,1733.0,0.65,ASK
1445472493,1733.0,0.01,ASK
1445472496,1733.0,0.01,ASK
1445472499,1733.03,0.006,BID
1445472499,1733.0,0.06,ASK
1445472500,1733.0,0.1029,ASK
1445472500,1733.0,0.65,ASK
1445472500,1733.0,0.01,ASK
1445472501,1733.0,0.65,ASK
1445472501,1733.0,0.02,ASK
1445472501,1733.0,0.01,ASK
1445472502,1733.0,0.65,ASK
1445472502,1733.0,0.288,ASK
1445472502,1733.0,0.62,ASK
1445472503,1733.0,0.65,ASK
1445472503,1733.0,0.476,ASK
1445472503,1733.0,0.01,ASK
1445472503,1733.0,0.018,ASK
1445472504,1733.0,0.65,ASK
1445472504,1733.0,0.01,ASK
1445472505,1733.0,0.018,ASK
1445472506,1733.0,0.65,ASK
1445472507,1733.0,0.018,ASK
1445472507,1733.0,0.01,ASK
1445472507,1733.0,0.65,ASK
1445472508,1733.0,0.65,ASK
1445472508,1733.0,0.01,ASK
1445472509,1733.0,0.65,ASK
1445472510,1733.0,0.571,ASK
1445472510,1733.0,0.01,ASK
1445472510,1733.0,0.024,ASK
1445472510,1733.0,0.65,ASK
1445472511,1733.0,0.9,ASK
1445472511,1733.0,0.65,ASK
1445472512,1733.0,0.018,ASK
1445472512,1733.0,0.01,ASK
1445472512,1733.0,0.65,ASK
1445472513,1733.0,0.674,ASK
1445472513,1733.0,0.65,ASK
1445472514,1733.0,0.01,ASK
1445472516,1733.0,0.01,ASK
1445472518,1733.0,0.018,ASK
1445472518,1733.0,0.01,ASK
1445472520,1733.0,0.01,ASK
1445472526,1733.0,0.01,ASK
1445472530,1733.0,0.01,ASK
1445472531,1733.0,0.01,ASK
1445472531,1733.0,0.01,ASK
1445472533,1733.0,0.01,ASK
1445472543,1733.0,0.05,ASK
1445472544,1733.0,0.1757,ASK
1445472545,1733.0,0.01,ASK
1445472546,1733.0,0.01,ASK
1445472547,1733.0,0.01,ASK
1445472548,1733.0,0.4,ASK
1445472548,1733.0,0.388,ASK
1445472548,1733.0,0.8,ASK
1445472549,1733.0,0.263,ASK
1445472549,1733.0,0.01,ASK
1445472549,1733.0,0.07,ASK
1445472549,1733.0,0.488,ASK
1445472550,1733.0,1.0,ASK
1445472550,1733.0,0.1,ASK
1445472550,1733.0,0.01,ASK
1445472550,1733.0,0.1,ASK
1445472550,1733.0,0.91,ASK
1445472551,1733.0,0.01,ASK
1445472551,1733.0,0.6,ASK
1445472552,1733.0,0.224,ASK
1445472553,1733.0,0.2,ASK
1445472553,1733.0,0.213,ASK
1445472553,1733.0,0.02,ASK
1445472554,1733.0,0.01,ASK
1445472555,1733.0,0.02,ASK
1445472555,1733.0,0.9,ASK
1445472555,1733.0,0.6,ASK
1445472555,1733.0,0.01,ASK
1445472556,1733.02,6.274,ASK
1445472556,1733.0,0.941,ASK
1445472556,1733.0,0.149,ASK
1445472556,1733.0,0.01,ASK
1445472556,1733.02,9.789,ASK
1445472557,1733.0,1.0,ASK
1445472557,1733.0,0.712,ASK
1445472558,1733.0,0.02,ASK
1445472558,1733.0,0.334,ASK
1445472558,1733.0,0.01,ASK
1445472558,1733.02,7.714,ASK
1445472559,1733.0,0.014,ASK
1445472559,1733.0,0.5,ASK
1445472559,1733.0,0.6,ASK
1445472560,1733.0,0.2,ASK
1445472560,1733.0,0.01,ASK
1445472561,1733.0,0.01,ASK
1445472562,1733.0,0.02,ASK
1445472562,1733.0,0.512,ASK
1445472563,1733.0,1.0,ASK
1445472563,1733.0,0.01,ASK
1445472563,1733.0,0.53,ASK
1445472564,1733.0,0.2,ASK
1445472566,1733.0,0.95,ASK
1445472566,1733.0,0.22,ASK
1445472566,1733.0,0.5,ASK
1445472566,1733.0,0.168,ASK
1445472567,1733.0,0.01,ASK
1445472567,1733.0,1.0,ASK
1445472567,1733.0,0.158,ASK
1445472570,1733.03,0.01,BID
1445472571,1733.0,0.105,ASK
1445472571,1733.0,0.01,ASK
1445472571,1733.0,1.0,ASK
1445472572,1733.0,0.01,ASK
1445472573,1733.0,0.01,ASK
1445472576,1733.0,1.0,ASK
1445472577,1733.0,0.01,ASK
1445472578,1733.03,0.034,BID
1445472581,1733.58,0.005,BID
1445472582,1733.11,0.01,ASK
1445472603,1733.04,0.034,ASK
1445472603,1733.01,0.0677,ASK
1445472603,1733.01,0.0763,ASK
1445472614,1733.12,0.06,ASK
1445472614,1733.01,0.053,ASK
1445472614,1733.01,0.0147,ASK
1445472614,1733.01,0.0616,ASK
1445472614,1733.0,2.9391,ASK
1445472616,1733.63,0.01,BID
1445472616,1733.63,0.025,BID
1445472616,1733.63,0.0327,BID
1445472616,1733.64,0.1243,BID
1445472616,1733.64,0.09,BID
1445472616,1733.64,0.4789,BID
1445472616,1733.64,0.489,BID
1445472616,1733.64,0.1726,BID
1445472616,1733.71,0.008,BID
1445472616,1733.74,11.947,BID
1445472617,1733.92,0.0577,ASK
1445472619,1733.92,0.01,ASK
1445472619,1733.92,0.01,ASK
1445472619,1733.73,0.0397,ASK
1445472620,1733.73,0.02,ASK
1445472620,1733.65,0.039,ASK
1445472621,1733.74,0.02,ASK
1445472623,1733.74,0.0137,ASK
1445472623,1733.23,0.0063,BID
1445472636,1733.9,0.01,ASK
1445472639,1733.74,0.01,ASK
1445472641,1733.4,0.01,BID
1445472641,1733.4,0.144,BID
1445472647,1733.47,0.06,ASK
1445472647,1733.42,0.0308,ASK
1445472649,1733.15,0.01,BID
1445472651,1733.15,0.0022,BID
1445472657,1733.65,0.01,ASK
1445472658,1733.65,0.094,ASK
1445472658,1733.65,0.01,ASK
1445472659,1733.65,0.094,ASK
1445472662,1733.64,0.034,BID
1445472666,1733.67,0.002,BID
1445472667,1733.68,0.008,ASK
1445472667,1733.67,0.002,ASK
1445472667,1733.65,0.031,ASK
1445472667,1733.65,0.138,ASK
1445472667,1733.38,0.0112,ASK
1445472667,1733.31,0.0828,ASK
1445472669,1733.64,0.0589,BID
1445472675,1733.81,0.1,ASK
1445472693,1734.27,0.0337,BID
1445472695,1734.02,0.164,ASK
1445472697,1734.03,0.033,ASK
1445472703,1734.04,0.01,ASK
1445472703,1733.73,0.002,ASK
1445472703,1733.08,0.106,ASK
1445472705,1733.08,0.01,ASK
1445472727,1733.85,0.002,ASK
1445472733,1733.84,0.008,BID
1445472738,1733.87,0.01,ASK
1445472754,1733.87,0.002,ASK
1445472757,1733.86,0.008,BID
1445472759,1733.94,0.01,ASK
1445472759,1733.93,0.002,ASK
1445472760,1733.85,0.01,BID
1445472761,1733.85,0.038,BID
1445472762,1733.94,0.01,ASK
1445472762,1733.94,0.038,ASK
1445472764,1733.88,0.9,BID
1445472764,1733.88,0.901,BID
1445472765,1733.88,1.806,BID
1445472765,1733.88,0.5767,BID
1445472765,1733.88,0.4,BID
1445472765,1733.88,0.01,BID
1445472765,1733.88,0.8,BID
1445472765,1733.88,0.5,BID
1445472766,1733.88,0.4,BID
1445472766,1733.88,0.01,BID
1445472766,1733.88,0.5767,BID
1445472767,1733.88,0.7,BID
1445472767,1733.88,0.71,BID
1445472767,1733.88,0.5767,BID
1445472768,1733.88,0.01,BID
1445472768,1733.88,0.71,BID
1445472769,1733.87,0.5767,BID
1445472770,1733.87,0.0233,BID
1445472770,1733.88,0.1567,BID
1445472770,1733.88,0.634,BID
1445472770,1733.88,0.5767,BID
1445472770,1733.88,0.016,BID
1445472771,1733.88,0.01,BID
1445472771,1733.88,0.01,BID
1445472771,1733.88,0.0233,BID
1445472771,1733.88,0.5767,BID
1445472772,1733.88,4.189,BID
1445472772,1733.88,4.1725,BID
1445472773,1733.94,0.01,ASK
1445472774,1733.94,0.929,ASK
1445472777,1733.93,0.146,BID
1445472777,1733.93,0.146,BID
1445472777,1733.95,0.308,ASK
1445472778,1733.93,0.146,BID
1445472779,1733.93,0.292,BID
1445472780,1733.87,0.002,ASK
1445472780,1733.86,0.008,BID
1445472780,1733.94,0.01,BID
1445472780,1733.94,0.5587,ASK
1445472780,1733.09,0.0288,ASK
1445472780,1733.08,0.5769,ASK
1445472781,1733.08,0.0288,BID
1445472782,1733.08,0.5765,BID
1445472782,1733.08,0.02,BID
1445472783,1733.01,0.0803,ASK
1445472783,1733.0,1.2258,ASK
1445472783,1733.0,0.0359,ASK
1445472783,1733.08,0.01,BID
1445472783,1733.08,0.577,BID
1445472783,1733.0,0.07,ASK
1445472784,1733.08,0.0739,BID
1445472784,1733.14,0.0803,ASK
1445472791,1733.38,0.01,ASK
1445472795,1733.16,0.02,ASK
1445472795,1733.14,0.01,ASK
1445472800,1733.17,0.01,ASK
1445472814,1733.27,0.1643,ASK
1445472814,1733.26,0.0357,ASK
1445472816,1733.26,0.0243,ASK
1445472816,1733.25,0.002,ASK
1445472819,1733.1,0.0289,ASK
1445472819,1733.09,0.1341,ASK
1445472820,1733.09,0.0289,ASK
1445472821,1733.09,0.414,ASK
1445472823,1733.03,0.185,BID
1445472829,1733.0,0.162,ASK
1445472829,1733.0,0.112,ASK
1445472829,1732.87,0.001,ASK
1445472829,1732.52,0.002,ASK
1445472829,1732.3,0.002,ASK
1445472829,1732.16,0.083,ASK
1445472833,1732.99,0.274,BID
1445472839,1733.07,0.0221,BID
1445472839,1733.08,0.0885,BID
1445472843,1733.08,0.336,BID
1445472844,1733.07,0.016,BID
1445472845,1733.07,0.01,BID
1445472846,1733.07,0.044,BID
1445472846,1733.08,0.0184,BID
1445472851,1733.25,0.0243,BID
1445472855,1733.26,0.024,ASK
1445472855,1733.26,0.0003,ASK
1445472855,1733.26,0.0097,BID
1445472856,1733.71,7.0,ASK
1445472856,1733.71,0.306,ASK
1445472858,1733.27,0.01,ASK
1445472860,1733.34,0.002,ASK
1445472860,1733.27,0.0403,ASK
1445472863,1732.77,0.0077,BID
1445472865,1733.27,0.01,BID
1445472876,1733.34,0.01,ASK
1445472886,1732.52,0.034,ASK
1445472898,1732.53,0.18,ASK
1445472903,1732.54,1.3556,ASK
1445472910,1732.62,0.01,ASK
1445472912,1731.89,0.01,ASK
1445472916,1732.62,0.01,BID
1445472916,1732.92,0.004,BID
1445472919,1732.9,14.0,BID
1445472919,1732.9,2.649,BID
1445472945,1731.85,0.001,ASK
1445472949,1732.13,0.01,BID
1445472950,1732.13,0.01,BID
1445472992,1732.65,0.007,BID
1445473005,1731.83,0.004,ASK
1445473005,1731.59,0.002,ASK
1445473005,1731.41,0.1,ASK
1445473005,1731.41,0.073,ASK
1445473026,1732.58,0.01,BID
1445473029,1732.58,0.01,BID
1445473030,1732.58,0.036,BID
1445473031,1732.58,0.004,BID
1445473031,1732.58,0.006,BID
1445473031,1732.77,1.3556,BID
1445473036,1733.31,0.008,BID
1445473038,1733.31,0.07,BID
1445473076,1732.63,0.06,ASK
1445473081,1732.61,0.0137,ASK
1445473081,1732.61,0.0103,ASK
1445473087,1732.61,0.0967,ASK
1445473087,1732.61,0.0763,ASK
1445473087,1732.61,0.0137,ASK
1445473087,1732.6,9.1674,ASK
1445473087,1732.59,0.5772,ASK
1445473088,1732.52,0.0103,BID
1445473088,1732.52,0.101,BID
1445473089,1732.52,0.101,BID
1445473089,1732.52,2.237,BID
1445473089,1732.52,0.01,BID
1445473089,1732.52,0.6,BID
1445473090,1732.52,0.4,BID
1445473090,1732.52,0.6,BID
1445473090,1732.52,0.4,BID
1445473090,1732.52,0.01,BID
1445473091,1732.52,0.6464,BID
1445473095,1733.5,0.122,BID
1445473095,1733.5,0.122,BID
1445473095,1733.5,0.122,BID
1445473095,1733.56,0.273,BID
1445473095,1733.57,0.686,BID
1445473095,1733.68,0.133,BID
1445473099,1733.51,0.006,ASK
1445473101,1733.3,0.01,ASK
1445473112,1733.24,0.06,BID
1445473133,1733.35,0.002,ASK
1445473134,1733.27,0.06,ASK
1445473134,1733.26,0.0384,ASK
1445473134,1733.25,0.1296,ASK
1445473134,1733.25,0.06,ASK
1445473138,1733.26,0.0384,ASK
1445473139,1733.25,0.01,ASK
1445473139,1733.25,0.0384,ASK
1445473140,1733.26,0.01,BID
1445473142,1733.26,0.0189,ASK
1445473143,1733.25,0.0189,ASK
1445473144,1733.26,0.022,ASK
1445473144,1733.26,0.0045,ASK
1445473145,1733.25,0.01,ASK
1445473146,1733.25,0.083,ASK
1445473147,1733.25,0.4173,ASK
1445473159,1733.02,0.1499,ASK
1445473159,1732.93,0.0678,ASK
1445473159,1732.92,0.824,ASK
1445473159,1733.23,0.033,BID
1445473166,1733.23,0.0292,BID
1445473166,1733.24,0.083,BID
1445473166,1733.24,0.4578,BID
1445473173,1732.94,0.04,ASK
1445473173,1732.93,0.0266,ASK
1445473173,1732.92,0.0074,ASK
1445473178,1732.95,0.01,ASK
1445473184,1733.24,0.01,BID
1445473187,1733.24,0.01,BID
1445473188,1733.23,2.0,BID
1445473188,1733.23,9.344,BID
1445473189,1733.24,0.01,BID
1445473192,1733.02,0.01,BID
1445473264,1733.23,0.01,BID
1445473265,1733.23,0.05,BID
1445473265,1733.24,0.01,BID
1445473266,1733.23,0.01,ASK
1445473266,1732.85,0.18,ASK
1445473271,1733.23,0.01,BID
1445473272,1733.24,0.0025,BID
1445473275,1733.33,0.0075,ASK
1445473276,1733.27,0.0025,BID
1445473276,1733.34,0.01,ASK
1445473276,1733.73,2.0,BID
1445473276,1733.73,3.0,BID
1445473276,1733.73,3.17,BID
1445473278,1733.34,0.0475,ASK
1445473304,1733.24,0.05,ASK
1445473305,1733.25,0.035,ASK
1445473305,1733.24,0.162,ASK
1445473306,1733.24,0.488,ASK
1445473306,1733.23,0.162,ASK
1445473312,1733.26,0.03,ASK
1445473312,1733.25,0.082,ASK
1445473313,1733.25,0.03,ASK
1445473314,1733.25,0.039,ASK
1445473315,1733.26,0.015,ASK
1445473315,1733.26,0.01,ASK
1445473316,1733.26,0.0009,ASK
1445473316,1733.25,0.025,ASK
1445473317,1733.25,0.01,ASK
1445473318,1733.25,0.048,ASK
1445473320,1733.25,0.01,ASK
1445473320,1733.25,0.1,ASK
1445473320,1733.25,0.256,ASK
1445473320,1733.24,0.0495,ASK
1445473320,1733.24,0.0916,ASK
1445473320,1733.24,0.0108,ASK
1445473320,1733.23,0.0061,ASK
1445473321,1733.23,0.366,ASK
1445473321,1733.24,0.0142,BID
1445473322,1733.23,2.12,ASK
1445473323,1733.23,1.174,ASK
1445473323,1733.24,0.002,BID
1445473323,1733.23,0.65,ASK
1445473324,1733.23,0.025,ASK
1445473324,1733.24,0.01,BID
1445473324,1733.23,0.65,ASK
1445473325,1733.24,0.1739,BID
1445473325,1733.23,0.5,ASK
1445473326,1733.24,0.2239,BID
1445473326,1733.24,0.1761,BID
1445473326,1733.24,0.2379,BID
1445473329,1733.25,0.01,ASK
1445473341,1733.25,0.037,ASK
1445473370,1733.25,0.2,ASK
1445473372,1733.25,0.01,ASK
1445473374,1733.25,0.01,ASK
1445473376,1733.25,0.01,ASK
1445473378,1733.25,0.01,ASK
1445473380,1733.25,0.01,ASK
1445473381,1733.25,0.01,ASK
1445473383,1733.25,0.01,ASK
1445473387,1733.25,0.0221,ASK
1445473387,1733.25,0.1129,ASK
1445473392,1733.25,0.01,ASK
1445473399,1733.33,0.002,ASK
1445473399,1733.25,0.008,ASK
1445473406,1733.35,0.001,ASK
1445473407,1733.73,0.01,BID
1445473407,1733.73,0.02,BID
1445473409,1733.73,0.01,BID
1445473410,1733.73,0.02,BID
1445473410,1733.74,0.01,BID
1445473414,1733.83,0.317,BID
1445473414,1733.74,0.01,ASK
1445473414,1733.83,0.16,BID
1445473421,1733.73,0.01,BID
1445473426,1733.71,0.01,ASK
1445473429,1733.71,0.01,ASK
1445473430,1733.71,0.0753,ASK
1445473430,1733.71,0.0997,ASK
1445473431,1733.71,0.002,ASK
1445473431,1733.7,0.187,ASK
1445473431,1733.7,0.177,ASK
1445473432,1733.7,0.01,ASK
1445473433,1733.7,0.01,ASK
1445473433,1733.7,0.016,ASK
1445473434,1733.7,0.008,ASK
1445473434,1733.7,0.01,ASK
1445473435,1733.7,0.01,ASK
1445473435,1733.7,0.3,ASK
1445473436,1733.7,0.01,ASK
1445473437,1733.7,0.65,ASK
1445473437,1733.7,0.674,ASK
1445473438,1733.7,0.01,ASK
1445473438,1733.7,0.911,ASK
1445473439,1733.7,0.65,ASK
1445473440,1733.7,0.01,ASK
1445473442,1733.7,0.01,ASK
1445473445,1733.7,0.02,ASK
1445473445,1733.7,0.01,ASK
1445473445,1733.7,0.428,ASK
1445473446,1733.7,0.428,ASK
1445473446,1733.7,0.0769,ASK
1445473452,1733.7,0.01,ASK
1445473454,1733.72,0.1,BID
1445473454,1733.7,0.01,ASK
1445473455,1733.7,0.01,ASK
1445473456,1733.7,0.9693,ASK
1445473457,1733.7,0.01,BID
1445473461,1733.7,0.01,BID
1445473465,1733.5,0.1458,ASK
1445473465,1733.4,0.0262,ASK
1445473476,1733.69,0.0123,BID
1445473476,1733.7,0.2469,BID
1445473477,1733.74,2.0,BID
1445473477,1733.74,8.938,BID
1445473478,1733.7,0.064,ASK
1445473478,1733.7,0.6768,ASK
1445473482,1733.59,0.5689,ASK
1445473483,1733.59,0.02,ASK
1445473484,1733.59,0.195,ASK
1445473485,1733.6,0.01,ASK
1445473485,1733.61,6.0,ASK
1445473485,1733.61,1.705,ASK
1445473486,1733.66,0.064,BID
1445473486,1733.75,0.012,BID
1445473486,1733.82,0.0177,BID
1445473486,1733.83,0.3543,BID
1445473487,1733.6,0.01,ASK
1445473489,1733.67,0.01,ASK
1445473493,1733.67,0.054,ASK
1445473493,1733.67,0.064,ASK
1445473493,1733.67,0.064,ASK
1445473493,1733.67,0.064,ASK
1445473493,1733.6,0.1593,ASK
1445473493,1733.6,0.0177,ASK
1445473493,1733.6,0.02,ASK
1445473493,1733.59,9.2237,ASK
1445473495,1733.66,0.01,BID
1445473495,1733.66,0.054,BID
1445473497,1733.83,0.0001,BID
1445473506,1733.83,0.011,ASK
1445473507,1733.83,0.011,ASK
1445473508,1733.83,0.144,ASK
1445473509,1733.83,0.011,ASK
1445473510,1733.83,0.011,ASK
1445473511,1733.83,0.215,ASK
1445473513,1733.87,0.002,ASK
1445473513,1733.83,0.028,ASK
1445473514,1733.83,0.115,ASK
1445473517,1733.83,0.02,ASK
1445473519,1733.83,0.036,ASK
1445473520,1733.83,0.019,ASK
1445473521,1733.83,1.054,ASK
1445473522,1733.83,0.3019,ASK
1445473523,1733.83,0.2,ASK
1445473523,1733.83,0.01,ASK
1445473529,1734.03,0.033,BID
1445473529,1734.33,0.0234,BID
1445473529,1734.34,0.467,BID
1445473529,1734.36,0.004,BID
1445473530,1734.36,0.1759,ASK
1445473531,1734.36,2.58,ASK
1445473531,1734.36,2.0,ASK
1445473531,1734.36,0.03,ASK
1445473531,1734.36,0.119,ASK
1445473531,1734.36,0.119,ASK
1445473531,1734.36,1.206,ASK
1445473531,1734.36,0.694,ASK
1445473531,1734.37,0.0337,ASK
1445473531,1734.36,0.0853,ASK
1445473531,1734.36,0.968,ASK
1445473531,1734.36,0.968,ASK
1445473531,1734.36,0.6,ASK
1445473532,1734.36,0.15,ASK
1445473532,1734.36,0.6,ASK
1445473532,1734.36,0.462,ASK
1445473532,1734.45,0.0085,BID
1445473533,1734.36,0.01,ASK
1445473533,1734.36,0.4,ASK
1445473533,1734.36,0.4,ASK
1445473533,1734.36,0.8,ASK
1445473533,1734.36,0.2,ASK
1445473533,1734.36,0.4,ASK
1445473533,1734.36,0.05,ASK
1445473533,1734.36,0.422,ASK
1445473533,1734.36,0.4,ASK
1445473533,1734.36,0.4,ASK
1445473533,1734.36,0.05,ASK
1445473534,1734.37,0.0275,ASK
1445473534,1734.37,0.1225,ASK
1445473534,1734.36,0.51,ASK
1445473534,1734.37,0.047,ASK
1445473534,1734.36,3.1709,ASK
1445473534,1734.36,0.898,ASK
1445473534,1734.43,13.726,ASK
1445473535,1734.36,0.09,ASK
1445473535,1734.36,0.1,ASK
1445473535,1734.36,0.01,ASK
1445473536,1734.36,0.1683,ASK
1445473536,1734.36,0.2,ASK
1445473537,1734.36,0.02,ASK
1445473537,1734.36,0.7,ASK
1445473537,1734.36,0.437,ASK
1445473537,1734.36,0.417,ASK
1445473538,1734.37,0.002,BID
1445473539,1734.37,0.008,ASK
1445473539,1734.37,0.002,ASK
1445473539,1734.36,0.051,ASK
1445473539,1734.36,0.639,ASK
1445473540,1734.36,0.2094,ASK
1445473541,1734.36,0.038,ASK
1445473541,1734.36,0.01,ASK
1445473541,1734.36,0.01,ASK
1445473542,1734.36,0.762,ASK
1445473543,1734.36,0.02,ASK
1445473544,1734.36,0.889,ASK
1445473545,1734.36,0.01,ASK
1445473546,1734.36,0.01,ASK
1445473546,1734.36,3.4242,ASK
1445473546,1734.28,0.06,ASK
1445473546,1733.84,0.0173,ASK
1445473546,1733.84,0.0102,ASK
1445473546,1733.84,0.1225,ASK
1445473546,1733.83,2.3658,ASK
1445473553,1734.54,0.221,BID
1445473558,1734.53,0.059,BID
1445473558,1734.52,2.0,BID
1445473558,1734.52,2.108,BID
1445473571,1733.86,0.0738,BID
1445473576,1734.48,0.1614,BID
1445473576,1734.51,0.025,BID
1445473576,1734.52,0.3386,BID
1445473576,1734.52,0.1614,BID
1445473576,1734.85,0.1033,BID
1445473576,1734.86,0.6,BID
1445473576,1734.86,0.0967,BID
1445473577,1734.53,0.161,ASK
1445473579,1734.54,0.0382,ASK
1445473579,1734.53,0.0776,ASK
1445473579,1734.53,0.3842,ASK
1445473581,1734.53,0.06,BID
1445473582,1734.53,0.44,BID
1445473582,1734.55,0.001,ASK
1445473582,1734.52,0.06,ASK
1445473583,1734.53,0.009,BID
1445473583,1734.68,0.01,BID
1445473584,1734.78,0.0337,ASK
1445473585,1734.78,0.0033,ASK
1445473585,1734.54,0.44,ASK
1445473589,1734.54,0.437,BID
1445473589,1734.54,0.006,BID
1445473589,1734.66,0.01,BID
1445473594,1734.87,0.002,BID
1445473594,1735.03,0.002,BID
1445473594,1735.06,0.06,BID
1445473594,1735.11,0.7,BID
1445473594,1735.12,0.36,BID
1445473594,1735.12,0.4,BID
1445473595,1735.12,0.4,BID
1445473596,1735.12,0.509,BID
1445473596,1735.12,0.01,BID
1445473598,1735.12,0.01,BID
1445473601,1735.12,0.01,BID
1445473601,1735.12,0.217,BID
1445473601,1735.12,0.5,BID
1445473601,1735.12,0.0982,BID
1445473602,1735.12,0.159,BID
1445473602,1735.12,0.159,BID
1445473602,1735.12,0.159,BID
1445473602,1735.12,0.01,BID
1445473603,1735.12,0.303,BID
1445473603,1735.12,0.155,BID
1445473603,1735.12,0.5763,BID
1445473603,1735.12,0.303,BID
1445473604,1735.12,0.5763,BID
1445473605,1735.12,0.01,BID
1445473605,1735.12,0.01,BID
1445473605,1735.12,0.5763,BID
1445473605,1735.12,0.975,BID
1445473606,1735.12,0.4,BID
1445473606,1735.12,0.5763,BID
1445473606,1735.12,0.4787,BID
1445473608,1735.33,0.0026,BID
1445473609,1735.4,0.01,BID
1445473611,1735.4,0.01,BID
1445473611,1735.39,19.061,BID
1445473615,1735.29,0.01,BID
1445473615,1735.4,1.445,BID
1445473617,1735.39,0.8,BID
1445473617,1735.39,0.3899,BID
1445473617,1735.4,1.0651,BID
1445473618,1735.4,1.18,BID
1445473619,1735.4,0.0417,BID
1445473620,1735.4,0.5762,BID
1445473621,1735.4,0.4,BID
1445473621,1735.4,0.5762,BID
1445473622,1735.4,0.5762,BID
1445473623,1735.4,0.02,BID
1445473623,1735.4,0.5762,BID
1445473624,1735.4,0.5762,BID
1445473626,1735.4,0.01,BID
1445473627,1735.4,0.01,BID
1445473629,1735.4,0.035,BID
1445473630,1735.4,0.5762,BID
1445473631,1735.4,0.5762,BID
1445473632,1735.4,0.01,BID
1445473632,1735.4,0.5762,BID
1445473633,1735.4,0.5762,BID
1445473634,1735.4,0.5762,BID
1445473635,1735.4,0.5762,BID
1445473635,1735.4,0.239,BID
1445473636,1735.4,0.5762,BID
1445473637,1735.4,0.02,BID
1445473637,1735.4,0.5762,BID
1445473638,1735.4,4.061,BID
1445473638,1735.4,0.5762,BID
1445473640,1735.4,0.75,BID
1445473640,1735.4,0.5762,BID
1445473641,1735.4,0.01,BID
1445473641,1735.4,0.5762,BID
1445473642,1735.4,0.29,BID
1445473642,1735.4,0.5762,BID
1445473643,1735.4,0.29,BID
1445473643,1735.4,0.5762,BID
1445473643,1735.4,0.0309,BID
1445473644,1735.4,0.6,BID
1445473644,1735.4,0.5762,BID
1445473644,1735.4,2.3416,BID
1445473648,1735.47,0.011,ASK
1445473659,1735.72,0.01,BID
1445473664,1735.72,0.001,BID
1445473664,1735.73,0.004,BID
1445473664,1735.74,0.3386,ASK
1445473666,1735.52,0.6,ASK
1445473666,1735.51,0.035,ASK
1445473666,1735.5,0.7,ASK
1445473669,1735.6,0.06,ASK
1445473669,1735.53,0.0337,ASK
1445473669,1735.42,0.0037,ASK
1445473673,1735.59,0.02,BID
1445473674,1735.58,0.01,BID
1445473675,1735.58,0.01,BID
1445473675,1735.59,0.01,BID
1445473675,1735.46,2.0,BID
1445473675,1735.46,12.0,BID
1445473675,1735.46,1.855,BID
1445473676,1735.59,0.0237,BID
1445473677,1735.45,0.1472,ASK
1445473677,1735.42,0.0251,ASK
1445473677,1735.41,0.4287,ASK
1445473677,1735.41,0.1475,ASK
1445473677,1735.39,0.03,BID
1445473678,1735.39,0.0288,BID
1445473679,1735.14,0.0288,BID
1445473680,1735.14,0.02,BID
1445473685,1735.4,0.25,BID
1445473686,1735.4,0.15,BID
1445473686,1735.41,0.02,BID
1445473689,1735.41,0.018,ASK
1445473689,1735.41,0.212,ASK
1445473689,1735.41,0.15,ASK
1445473689,1735.41,0.4,ASK
1445473689,1735.2,0.01,ASK
1445473689,1735.14,0.0288,ASK
1445473689,1735.13,0.0642,ASK
1445473690,1735.13,0.5121,ASK
1445473690,1734.8,0.38,ASK
1445473691,1734.8,0.32,ASK
1445473691,1734.28,0.07,ASK
1445473693,1734.41,0.002,BID
1445473693,1734.41,0.058,BID
1445473693,1734.41,0.002,BID
1445473694,1734.41,0.198,BID
1445473694,1734.91,0.313,BID
1445473696,1734.93,0.1167,ASK
1445473697,1734.93,0.4436,ASK
1445473698,1734.92,0.017,BID
1445473698,1734.92,0.01,BID
1445473699,1734.92,0.0897,BID
1445473699,1734.92,0.0273,BID
1445473700,1734.92,0.01,BID
1445473700,1734.92,0.523,BID
1445473701,1734.96,0.015,ASK
1445473701,1734.93,0.0534,ASK
1445473701,1734.71,0.198,ASK
1445473701,1734.68,0.0836,BID
1445473702,1734.93,0.02,ASK
1445473703,1734.93,0.01,ASK
1445473704,1734.93,0.01,ASK
1445473705,1734.93,0.01,ASK
1445473706,1734.93,0.01,ASK
1445473707,1734.93,0.1,ASK
1445473714,1735.39,0.01,BID
1445473715,1735.39,0.001,BID
1445473718,1735.31,0.002,BID
1445473719,1735.34,0.008,ASK
1445473719,1735.28,0.002,ASK
1445473719,1735.22,0.168,ASK
1445473719,1735.2,0.108,ASK
1445473722,1735.2,1.074,BID
1445473722,1735.2,0.6,BID
1445473724,1735.19,0.524,BID
1445473732,1734.94,0.01,ASK
1445473735,1734.94,0.0066,ASK
1445473735,1734.94,0.0034,ASK
1445473740,1734.93,0.01,ASK
1445473740,1734.93,0.01,ASK
1445473746,1734.93,0.2,ASK
1445473747,1734.93,0.1128,ASK
1445473749,1734.92,0.2,BID
1445473749,1734.92,0.15,BID
1445473749,1734.92,0.1628,BID
1445473762,1734.98,0.032,ASK
1445473763,1734.98,0.0002,ASK
1445473763,1734.97,0.032,ASK
1445473767,1734.97,0.002,ASK
1445473767,1734.93,0.008,ASK
1445473770,1734.93,0.01,ASK
1445473770,1734.93,0.2119,ASK
1445473773,1734.93,0.01,ASK
1445473774,1734.94,0.0141,ASK
1445473774,1734.93,0.2689,ASK
1445473774,1734.93,0.004,ASK
1445473774,1734.88,0.01,ASK
1445473774,1734.87,0.002,ASK
1445473779,1734.73,0.0385,BID
1445473780,1734.73,0.2344,BID
1445473784,1734.74,0.0386,ASK
1445473784,1734.73,0.01,ASK
1445473784,1734.73,0.0109,ASK
1445473784,1734.42,0.26,ASK
1445473784,1734.42,0.26,ASK
1445473784,1734.3,2.3124,ASK
1445473820,1734.73,0.0386,BID
1445473830,1734.88,0.01,BID
1445473842,1734.87,0.4889,BID
1445473843,1734.87,0.1111,BID
1445473844,1734.98,0.01,BID
1445473845,1734.91,0.101,ASK
1445473845,1734.88,0.088,ASK
1445473845,1734.88,0.3773,ASK
1445473845,1734.88,0.1111,ASK
1445473845,1734.86,0.01,BID
1445473846,1734.86,0.014,BID
1445473848,1734.86,0.01,BID
1445473850,1734.86,0.1776,BID
1445473851,1734.87,0.1776,BID
1445473855,1734.87,0.01,BID
1445473855,1734.87,0.01,BID
1445473856,1734.67,0.002,ASK
1445473856,1734.57,0.01,ASK
1445473857,1734.67,0.01,BID
1445473857,1734.67,0.01,BID
1445473858,1734.67,0.995,BID
1445473859,1734.67,1.014,BID
1445473860,1734.67,0.1,BID
1445473860,1734.57,0.01,ASK
1445473860,1734.67,0.0635,BID
1445473861,1734.72,0.03,ASK
1445473861,1734.68,0.02,ASK
1445473863,1734.68,0.01,ASK
1445473868,1734.72,0.01,BID
1445473870,1734.73,0.01,ASK
1445473870,1734.73,0.4,ASK
1445473870,1734.73,1.069,ASK
1445473870,1734.73,0.4,ASK
1445473870,1734.73,0.1286,ASK
1445473870,1734.68,0.3714,ASK
1445473870,1734.68,0.1116,ASK
1445473870,1734.68,0.2884,ASK
1445473870,1734.68,0.2881,ASK
1445473871,1734.3,0.0876,ASK
1445473871,1734.11,0.002,ASK
1445473871,1733.98,0.7,ASK
1445473871,1733.97,0.6,ASK
1445473871,1733.9,0.08,ASK
1445473871,1733.87,0.0738,ASK
1445473871,1733.84,0.532,ASK
1445473871,1733.84,0.0268,ASK
1445473871,1733.83,4.9437,ASK
1445473871,1733.8,0.0026,ASK
1445473871,1733.78,0.148,ASK
1445473871,1733.66,0.74,ASK
1445473871,1733.66,0.74,ASK
1445473871,1733.66,0.223,ASK
1445473871,1733.66,0.22,ASK
1445473871,1733.6,0.272,ASK
1445473871,1733.59,1.4924,ASK
1445473871,1733.58,0.74,ASK
1445473871,1733.37,0.002,ASK
1445473871,1733.37,8.3741,ASK
1445473874,1734.56,0.473,BID
1445473874,1734.57,0.01,BID
1445473875,1734.59,7.0,BID
1445473875,1734.59,1.422,BID
1445473876,1734.58,0.246,ASK
1445473877,1734.58,0.34,ASK
1445473878,1734.37,0.04,ASK
1445473878,1733.79,0.1093,ASK
1445473878,1733.79,0.0507,ASK
1445473879,1734.33,0.01,BID
1445473879,1734.46,0.028,BID
1445473879,1734.5,0.022,BID
1445473879,1734.57,0.02,BID
1445473879,1734.57,0.554,BID
1445473882,1734.47,0.028,ASK
1445473925,1733.85,0.01,ASK
1445473925,1733.54,0.0112,ASK
1445473925,1733.37,0.1588,ASK
1445473929,1734.42,0.176,BID
1445473929,1734.42,0.0112,BID
1445473929,1734.43,0.0838,BID
1445473936,1734.45,0.01,BID
1445473938,1734.45,0.01,BID
1445473939,1734.45,0.01,BID
1445473942,1734.45,0.01,BID
1445473945,1734.46,0.01,BID
1445473947,1734.46,0.01,BID
1445473949,1734.46,0.008,BID
1445473950,1734.46,0.002,ASK
1445473952,1734.44,0.008,BID
1445473952,1734.56,0.002,BID
1445473954,1734.56,0.01,BID
1445473961,1734.46,0.01,ASK
1445473978,1734.55,0.01,BID
1445473979,1734.55,0.009,BID
1445473980,1734.55,0.001,BID
1445473982,1734.55,0.009,ASK
1445473982,1733.73,1.161,ASK
1445473988,1734.52,0.01,BID
1445473989,1734.26,0.06,ASK
1445474003,1734.5,0.01,BID
1445474021,1733.73,0.5,BID
1445474021,1733.73,0.177,BID
1445474021,1733.73,0.6,BID
1445474021,1733.73,0.6,BID
1445474021,1733.73,0.4,BID
1445474021,1733.73,0.15,BID
1445474021,1733.73,0.167,BID
1445474021,1733.73,0.4,BID
1445474021,1733.73,0.6,BID
1445474021,1733.73,0.4,BID
1445474021,1733.73,0.177,BID
1445474021,1733.73,0.4,BID
1445474021,1733.73,1.0,BID
1445474021,1733.73,0.132,BID
1445474021,1733.73,0.8,BID
1445474022,1733.73,0.4,BID
1445474022,1733.73,0.1671,BID
1445474022,1733.73,2.6459,BID
1445474022,1733.73,0.274,BID
1445474022,1733.75,7.0,BID
1445474022,1733.75,3.0,BID
1445474022,1733.75,7.6,BID
1445474034,1734.48,0.001,BID
1445474044,1734.33,0.001,BID
1445474045,1734.33,0.0173,BID
1445474055,1733.99,0.4,BID
1445474056,1733.99,0.5,BID
1445474056,1733.99,0.5767,BID
1445474056,1733.99,0.5,BID
1445474056,1733.99,0.01,BID
1445474057,1733.99,0.4,BID
1445474058,1733.98,0.025,BID
1445474058,1733.98,0.4912,BID
1445474058,1733.99,0.0855,BID
1445474058,1733.99,0.5767,BID
1445474058,1733.99,0.152,BID
1445474059,1733.99,0.01,BID
1445474059,1733.87,0.01,BID
1445474059,1733.87,0.5767,BID
1445474060,1733.87,2.01,BID
1445474060,1733.87,0.17,BID
1445474061,1733.87,0.3938,BID
1445474061,1733.99,0.5,BID
1445474062,1733.99,0.141,BID
1445474062,1733.99,0.01,BID
1445474063,1733.99,0.368,BID
1445474063,1734.06,0.05,BID
1445474067,1734.29,0.065,BID
1445474067,1734.16,0.105,ASK
1445474067,1734.09,0.051,ASK
1445474067,1734.0,0.519,ASK
1445474067,1733.89,0.6,ASK
1445474067,1733.88,0.2062,ASK
1445474067,1733.88,0.8,ASK
1445474067,1733.88,0.5767,ASK
1445474067,1733.87,0.01,ASK
1445474068,1733.87,0.6,BID
1445474068,1733.87,0.033,BID
1445474068,1733.87,0.03,BID
1445474068,1733.87,0.2228,BID
1445474068,1734.08,0.105,BID
1445474068,1734.15,0.0732,BID
1445474069,1733.97,0.105,ASK
1445474069,1734.15,0.1176,BID
1445474069,1734.29,0.055,BID
1445474069,1734.3,0.3274,BID
1445474073,1734.2,0.1176,ASK
1445474075,1734.19,0.063,BID
1445474076,1734.19,0.0546,BID
1445474078,1734.29,0.01,BID
1445474079,1734.29,0.6,BID
1445474079,1734.3,0.1808,BID
1445474080,1734.3,0.5766,BID
1445474081,1734.3,0.4,BID
1445474082,1734.3,0.5766,BID
1445474083,1734.3,0.15,BID
1445474083,1734.3,0.1886,BID
1445474086,1734.33,0.075,BID
1445474086,1734.33,0.01,BID
1445474087,1734.33,0.01,BID
1445474088,1734.33,0.339,BID
1445474089,1734.33,0.01,BID
1445474089,1734.33,0.256,BID
1445474089,1734.33,0.0847,BID
1445474089,1734.34,0.2359,BID
1445474090,1734.34,0.5766,BID
1445474090,1734.34,0.195,BID
1445474094,1734.34,0.175,BID
1445474095,1734.34,0.5116,BID
1445474107,1734.35,0.065,ASK
1445474107,1734.35,0.5766,ASK
1445474107,1734.32,0.0482,ASK
1445474107,1734.31,0.388,ASK
1445474107,1734.31,0.5766,ASK
1445474107,1734.26,0.06,ASK
1445474107,1734.2,0.063,ASK
1445474107,1734.2,0.1176,ASK
1445474107,1733.78,0.6,ASK
1445474107,1733.77,0.7,ASK
1445474107,1733.75,0.0577,ASK
1445474107,1733.74,0.5768,ASK
1445474107,1733.74,0.5768,ASK
1445474109,1733.74,0.4,BID
1445474109,1733.74,1.0,BID
1445474109,1733.74,0.6,BID
1445474109,1733.74,0.4,BID
1445474109,1733.74,0.4,BID
1445474109,1733.73,4.0,ASK
1445474109,1733.73,6.111,ASK
1445474109,1733.74,1.0,BID
1445474109,1733.74,0.5,BID
1445474109,1733.74,0.6,BID
1445474109,1733.74,1.0,BID
1445474109,1733.74,1.0,BID
1445474109,1733.74,0.4,BID
1445474109,1733.74,0.6,BID
1445474109,1733.74,0.103,BID
1445474109,1733.74,0.4,BID
1445474109,1733.74,1.259,BID
1445474109,1733.74,0.5,BID
1445474110,1733.74,1.0,BID
1445474110,1733.74,0.4,BID
1445474110,1733.74,0.027,BID
1445474110,1733.74,0.8,BID
1445474110,1733.74,0.02,BID
1445474111,1733.74,0.5768,BID
1445474111,1733.74,0.01,BID
1445474111,1733.74,0.044,BID
1445474112,1733.74,0.5,BID
1445474113,1733.74,0.152,BID
1445474113,1733.74,0.01,BID
1445474113,1733.74,0.368,BID
1445474113,1733.74,0.064,BID
1445474113,1733.74,0.01,BID
1445474113,1733.74,0.6,BID
1445474114,1733.74,0.019,BID
1445474115,1733.74,0.05,BID
1445474115,1733.74,0.5,BID
1445474115,1733.74,0.068,BID
1445474116,1733.74,0.74,BID
1445474116,1733.74,0.72,BID
1445474117,1733.74,0.169,BID
1445474119,1733.74,0.5,BID
1445474122,1733.73,0.044,BID
1445474122,1733.73,0.016,BID
1445474122,1733.73,0.5,BID
1445474123,1733.63,19.59,BID
1445474123,1733.73,0.04,BID
1445474123,1733.74,0.13,BID
1445474124,1733.74,0.04,BID
1445474124,1733.74,0.4,BID
1445474124,1733.74,0.4,BID
1445474124,1733.74,0.01,BID
1445474124,1733.74,0.4,BID
1445474124,1733.74,0.4,BID
1445474124,1733.74,0.2134,BID
1445474124,1733.74,0.5,BID
1445474125,1733.73,0.29,BID
1445474126,1733.73,0.01,BID
1445474126,1733.73,0.01,BID
1445474126,1733.73,0.39,BID
1445474126,1733.74,0.11,BID
1445474126,1733.64,6.0,BID
1445474126,1733.64,0.398,BID
1445474127,1733.74,0.04,BID
1445474127,1733.74,0.114,BID
1445474128,1733.74,0.04,BID
1445474128,1733.74,0.01,BID
1445474129,1733.74,0.12,BID
1445474129,1733.74,0.12,BID
1445474129,1733.74,0.5,BID
1445474130,1733.74,0.755,BID
1445474131,1733.74,0.038,BID
1445474131,1733.74,0.01,BID
1445474132,1733.74,0.01,BID
1445474133,1733.74,0.5,BID
1445474133,1733.74,0.01,BID
1445474133,1733.74,0.128,BID
1445474133,1733.74,0.128,BID
1445474134,1733.74,0.01,BID
1445474134,1733.74,0.59,BID
1445474134,1733.74,0.5,BID
1445474134,1733.74,0.59,BID
1445474134,1733.74,0.59,BID
1445474134,1733.74,0.59,BID
1445474134,1733.74,0.59,BID
1445474134,1733.74,0.59,BID
1445474134,1733.74,0.59,BID
1445474136,1733.74,0.59,BID
1445474136,1733.74,0.59,BID
1445474136,1733.74,0.59,BID
1445474137,1733.74,0.0256,BID
1445474137,1733.74,0.5,BID
1445474138,1733.74,0.01,BID
1445474138,1733.74,0.025,BID
1445474139,1733.74,0.4,BID
1445474139,1733.74,0.4,BID
1445474139,1733.74,0.4,BID
1445474139,1733.74,0.041,BID
1445474139,1733.74,0.4,BID
1445474139,1733.74,0.4,BID
1445474139,1733.74,0.01,BID
1445474140,1733.74,0.5,BID
1445474140,1733.74,0.01,BID
1445474141,1733.74,0.022,BID
1445474141,1733.74,0.166,BID
1445474142,1733.74,0.01,BID
1445474142,1733.74,0.034,BID
1445474142,1733.73,20.671,BID
1445474143,1733.74,0.158,BID
1445474143,1733.74,0.5,BID
1445474144,1733.74,4.1733,BID
1445474144,1733.74,0.01,BID
1445474145,1733.74,0.01,BID
1445474145,1733.74,0.6,BID
1445474145,1733.74,0.138,BID
1445474146,1733.74,0.01,BID
1445474147,1733.74,0.01,BID
1445474147,1733.74,0.01,BID
1445474148,1733.74,0.193,BID
1445474149,1733.74,0.035,BID
1445474150,1733.74,0.032,BID
1445474152,1733.74,0.357,BID
1445474152,1733.74,0.01,BID
1445474152,1733.74,0.01,BID
1445474153,1733.74,0.01,BID
1445474154,1733.74,0.021,BID
1445474154,1733.74,0.01,BID
1445474155,1733.73,0.051,BID
1445474157,1733.72,2.0,BID
1445474157,1733.72,1.0,BID
1445474157,1733.72,2.862,BID
1445474157,1733.73,0.009,BID
1445474157,1733.74,0.011,BID
1445474159,1733.74,0.01,BID
1445474159,1733.29,0.0197,ASK
1445474159,1733.28,0.395,ASK
1445474159,1733.26,0.0317,ASK
1445474159,1733.25,0.6,ASK
1445474159,1733.25,0.035,ASK
1445474159,1733.24,0.7,ASK
1445474159,1733.23,3.0151,ASK
1445474162,1733.45,0.01,BID
1445474163,1733.45,0.0162,BID
1445474165,1733.45,0.0108,BID
1445474165,1733.45,0.01,BID
1445474165,1733.45,0.167,BID
1445474166,1733.73,0.01,BID
1445474166,1733.46,0.0137,ASK
1445474166,1733.73,0.59,BID
1445474166,1733.74,7.41,BID
1445474171,1733.74,0.188,BID
1445474174,1733.74,0.188,BID
1445474187,1733.73,0.01,BID
1445474190,1733.73,0.1306,BID
1445474196,1733.73,0.1406,BID
1445474198,1733.74,0.01,BID
1445474204,1733.74,0.969,BID
1445474205,1733.73,0.01,BID
1445474207,1733.74,0.01,BID
1445474208,1733.74,0.057,BID
1445474209,1733.74,0.407,BID
1445474212,1733.74,0.01,BID
1445474213,1733.74,0.87,BID
1445474218,1733.74,0.4783,BID
1445474218,1734.7,0.7,BID
1445474218,1734.7,4.3883,BID
1445474232,1733.29,0.0337,ASK
1445474232,1733.28,0.0102,ASK
1445474234,1733.28,0.0299,ASK
1445474237,1733.28,0.0199,ASK
1445474237,1733.28,0.0001,ASK
1445474238,1733.28,0.0169,ASK
1445474239,1733.28,0.0085,ASK
1445474240,1733.28,0.0045,ASK
1445474240,1733.28,0.0041,ASK
1445474241,1733.65,0.1803,BID
1445474241,1733.69,0.0337,BID
1445474241,1733.69,5.0,BID
1445474241,1733.7,0.01,BID
1445474241,1733.7,0.017,BID
1445474241,1733.71,0.5,BID
1445474241,1734.32,0.09,BID
1445474241,1734.4,0.22,BID
1445474241,1734.48,0.544,BID
1445474241,1734.48,0.544,BID
1445474241,1734.48,1.0,BID
1445474241,1734.69,0.2282,BID
1445474241,1734.7,2.8668,BID
1445474242,1733.28,0.4,ASK
1445474243,1733.29,0.01,ASK
1445474277,1733.76,0.01,BID
1445474281,1733.76,0.1663,BID
1445474283,1733.76,0.102,BID
1445474284,1733.76,0.096,BID
1445474286,1733.76,0.0144,BID
1445474286,1733.76,0.086,BID
1445474287,1733.76,0.398,BID
1445474289,1733.76,0.01,BID
1445474291,1733.75,0.05,BID
1445474291,1733.76,0.348,BID
1445474294,1733.46,0.001,ASK
1445474299,1733.48,0.0296,ASK
1445474299,1733.48,0.1364,ASK
1445474299,1733.47,2.672,ASK
1445474299,1733.76,0.01,BID
1445474301,1733.75,0.0306,BID
1445474301,1733.75,0.1252,BID
1445474301,1733.76,0.3442,BID
1445474302,1733.76,0.1558,BID
1445474303,1733.76,2.606,BID
1445474310,1734.12,0.025,BID
1445474310,1734.13,0.5,BID
1445474310,1734.65,0.0202,BID
1445474310,1734.66,0.4041,BID
1445474310,1734.67,0.442,BID
1445474322,1733.34,0.001,ASK
1445474356,1734.16,0.01,ASK
1445474356,1734.16,0.01,ASK
1445474360,1733.57,0.61,ASK
1445474372,1733.8,0.398,ASK
1445474374,1733.82,0.0281,ASK
1445474374,1733.81,0.1619,ASK
1445474402,1733.87,0.01,ASK
1445474409,1733.88,0.01,ASK
1445474411,1733.89,0.01,ASK
1445474412,1733.89,0.01,ASK
1445474421,1733.9,0.2762,ASK
1445474421,1733.9,0.06,ASK
1445474421,1733.89,0.2498,ASK
1445474422,1733.89,0.159,ASK
1445474423,1733.98,0.002,ASK
1445474423,1733.89,0.039,ASK
1445474424,1733.89,0.014,ASK
1445474426,1733.89,0.0109,ASK
1445474428,1733.89,0.0991,ASK
1445474436,1733.83,0.03,ASK
1445474438,1733.83,0.01,ASK
1445474454,1733.86,0.034,ASK
1445474454,1733.85,0.03,ASK
1445474454,1733.85,0.0885,ASK
1445474471,1734.21,0.01,BID
1445474473,1734.21,0.001,BID
1445474475,1734.53,0.08,BID
1445474475,1734.25,0.02,ASK
1445474477,1734.25,0.211,ASK
1445474477,1734.24,0.21,ASK
1445474478,1734.26,0.0337,ASK
1445474481,1734.12,0.0447,BID
1445474481,1734.52,0.0447,BID
1445474481,1734.52,0.0114,BID
1445474481,1734.52,0.0139,BID
1445474481,1734.53,0.0819,BID
1445474481,1734.69,0.0148,BID
1445474481,1734.7,0.0394,BID
1445474482,1734.7,0.03,BID
1445474482,1734.7,0.19,BID
1445474486,1734.68,0.01,ASK
1445474486,1734.68,0.0014,ASK
1445474486,1734.62,0.0086,ASK
1445474488,1734.62,0.01,ASK
1445474488,1734.68,0.001,BID
1445474488,1734.7,0.009,BID
1445474488,1734.62,0.035,ASK
1445474490,1734.69,0.01,BID
1445474490,1734.46,0.011,ASK
1445474492,1734.61,0.01,BID
1445474492,1734.61,0.034,BID
1445474493,1734.61,0.015,BID
1445474493,1734.61,0.0524,BID
1445474493,1734.7,0.0272,BID
1445474493,1734.7,0.0594,BID
1445474496,1734.69,0.0613,BID
1445474498,1734.69,0.034,BID
1445474498,1734.69,0.01,BID
1445474501,1734.69,0.013,BID
1445474501,1734.63,0.5,ASK
1445474502,1734.68,0.0237,BID
1445474502,1734.69,0.1415,BID
1445474502,1734.7,0.3348,BID
1445474502,1734.64,0.1563,ASK
1445474502,1734.62,0.1114,ASK
1445474502,1734.62,0.016,BID
1445474502,1734.62,0.1545,BID
1445474503,1734.62,0.1545,BID
1445474503,1734.62,0.0573,BID
1445474503,1734.68,0.0547,BID
1445474503,1734.68,0.1114,BID
1445474503,1734.68,0.023,BID
1445474504,1734.68,0.031,BID
1445474510,1734.67,0.01,BID
1445474511,1734.45,0.007,ASK
1445474511,1734.32,0.0267,ASK
1445474512,1734.39,0.0337,BID
1445474513,1734.26,0.0263,BID
1445474513,1734.35,0.0074,BID
1445474514,1734.35,0.0366,BID
1445474517,1734.37,0.0134,ASK
1445474517,1734.2,0.03,ASK
1445474517,1734.19,0.3576,ASK
1445474518,1734.2,0.03,ASK
1445474519,1734.19,0.0113,ASK
1445474520,1734.2,0.0113,ASK
1445474520,1734.28,0.01,BID
1445474521,1734.2,0.0008,ASK
1445474521,1734.19,0.2311,ASK
1445474522,1734.18,0.0101,BID
1445474522,1734.18,0.0007,BID
1445474523,1734.1,0.002,ASK
1445474526,1734.09,0.008,BID
1445474529,1734.16,0.01,ASK
1445474530,1734.16,0.01,BID
1445474530,1734.18,0.221,BID
1445474532,1734.19,0.0262,ASK
1445474533,1734.19,0.01,ASK
1445474533,1734.19,0.1948,ASK
1445474533,1734.13,0.002,ASK
1445474533,1733.95,0.002,ASK
1445474533,1733.81,0.503,ASK
1445474533,1733.8,7.0813,ASK
1445474537,1733.8,0.2,ASK
1445474538,1734.16,0.06,BID
1445474538,1734.17,0.109,BID
1445474538,1734.18,0.181,BID
1445474540,1734.17,0.001,ASK
1445474547,1734.16,0.1,ASK
1445474566,1733.82,0.06,ASK
1445474566,1733.81,0.7,ASK
1445474566,1733.8,1.0801,ASK
1445474573,1734.11,0.06,BID
1445474573,1734.14,0.0138,BID
1445474573,1734.14,0.1292,BID
1445474577,1734.14,0.001,BID
1445474580,1733.81,0.042,ASK
1445474580,1733.8,0.161,ASK
1445474587,1734.13,0.01,BID
1445474619,1733.81,0.06,ASK
1445474620,1733.8,0.06,ASK
1445474620,1733.81,0.44,BID
1445474620,1734.05,0.2268,BID
1445474620,1734.08,0.138,ASK
1445474620,1734.11,2.0,ASK
1445474620,1734.11,17.244,ASK
1445474621,1734.08,0.1501,ASK
1445474622,1734.08,0.01,ASK
1445474622,1734.08,0.1267,ASK
1445474622,1734.08,0.19,ASK
1445474622,1734.12,0.1378,BID
1445474622,1734.08,0.4,ASK
1445474622,1734.08,0.4,ASK
1445474623,1734.08,0.4,ASK
1445474623,1734.08,0.4,ASK
1445474624,1734.08,0.6,ASK
1445474624,1734.08,0.355,ASK
1445474624,1734.08,0.6,ASK
1445474625,1734.08,0.01,ASK
1445474625,1734.08,0.65,ASK
1445474625,1734.08,0.495,ASK
1445474626,1734.08,0.01,ASK
1445474626,1734.08,0.65,ASK
1445474627,1734.08,0.01,ASK
1445474627,1734.08,1.384,ASK
1445474627,1734.08,0.65,ASK
1445474627,1734.08,0.0044,ASK
1445474627,1734.06,0.2268,ASK
1445474629,1733.8,0.189,ASK
1445474630,1733.8,0.4306,ASK
1445474632,1733.79,0.01,BID
1445474633,1733.79,0.179,BID
1445474633,1733.79,0.01,BID
1445474634,1733.79,0.01,BID
1445474636,1733.79,0.01,BID
1445474638,1733.79,0.5896,BID
1445474638,1733.92,0.1601,BID
1445474638,1733.93,0.6212,BID
1445474638,1733.93,0.9881,BID
1445474638,1734.07,0.65,BID
1445474638,1734.07,0.65,BID
1445474638,1734.07,0.189,BID
1445474638,1734.13,2.579,BID
1445474638,1734.18,0.05,BID
1445474638,1734.73,0.195,BID
1445474638,1734.79,0.186,BID
1445474638,1734.8,0.212,BID
1445474638,1734.82,0.014,BID
1445474638,1734.86,0.186,BID
1445474638,1734.89,0.08,BID
1445474638,1734.98,3.823,BID
1445474639,1734.97,5.0,BID
1445474639,1734.97,5.0,BID
1445474639,1734.97,1.587,BID
1445474642,1733.93,0.01,BID
1445474643,1733.81,0.0288,ASK
1445474643,1733.8,0.1602,ASK
1445474644,1733.8,0.0288,ASK
1445474645,1733.93,0.01,BID
1445474647,1733.93,0.01,BID
1445474648,1733.93,0.03,BID
1445474650,1733.96,0.001,ASK
1445474655,1733.96,0.039,ASK
1445474655,1733.95,0.011,ASK
1445474655,1733.94,0.04,ASK
1445474655,1733.94,0.0919,ASK
1445474666,1734.0,0.06,ASK
1445474666,1734.82,0.5,BID
1445474666,1734.83,0.7,BID
1445474666,1734.91,0.0515,BID
1445474669,1733.98,0.06,ASK
1445474705,1733.81,0.0194,ASK
1445474705,1733.8,0.0964,ASK
1445474714,1734.32,0.01,BID
1445474744,1734.69,0.01,ASK
1445474746,1734.7,0.01,ASK
1445474750,1734.71,0.01,BID
1445474754,1733.94,0.0438,ASK
1445474754,1733.93,0.7,ASK
1445474754,1733.9,0.002,ASK
1445474754,1733.81,0.0146,ASK
1445474754,1733.8,0.2914,ASK
1445474754,1733.7,0.1,ASK
1445474754,1733.69,1.0,ASK
1445474754,1733.69,1.0,ASK
1445474754,1733.66,0.876,ASK
1445474754,1733.56,0.08,ASK
1445474754,1733.54,0.002,ASK
1445474754,1733.41,0.004,ASK
1445474754,1733.32,18.2587,ASK
1445474754,1733.3,3.6887,ASK
1445474759,1734.58,0.01,BID
1445474771,1734.59,0.01,ASK
1445474773,1734.59,0.01,ASK
1445474773,1734.59,0.0252,ASK
1445474774,1734.59,0.504,ASK
1445474775,1734.59,0.01,ASK
1445474775,1734.59,0.65,ASK
1445474776,1734.59,0.65,ASK
1445474776,1734.68,0.01,BID
1445474778,1734.59,0.65,ASK
1445474779,1734.59,0.65,ASK
1445474780,1734.69,0.025,BID
1445474780,1734.7,0.375,BID
1445474780,1734.7,0.125,BID
1445474780,1734.89,0.0137,BID
1445474780,1734.72,0.538,ASK
1445474780,1734.71,0.112,ASK
1445474782,1734.71,0.0137,ASK
1445474783,1734.98,0.01,BID
1445474784,1734.72,1.0,BID
1445474784,1734.72,5.0,BID
1445474784,1734.72,9.832,BID
1445474787,1734.97,0.01,BID
1445474789,1734.97,0.01,BID
1445474790,1734.97,0.01,BID
1445474791,1734.68,0.03,ASK
1445474791,1734.68,0.01,BID
1445474792,1734.68,0.0337,BID
1445474794,1734.68,0.01,BID
1445474796,1734.6,0.073,ASK
1445474798,1734.6,0.004,ASK
1445474798,1734.6,0.0317,ASK
1445474798,1734.6,0.01,ASK
1445474798,1734.59,0.073,ASK
1445474799,1734.59,0.1187,ASK
1445474800,1734.6,0.01,BID
1445474801,1734.6,0.01,BID
1445474802,1734.59,0.01,ASK
1445474803,1734.6,0.063,BID
1445474803,1734.67,0.0208,BID
1445474803,1734.68,0.4162,BID
1445474805,1734.68,0.0001,BID
1445474807,1734.82,0.0754,ASK
1445474807,1734.8,0.0629,ASK
1445474807,1734.61,0.063,ASK
1445474812,1734.61,0.2987,BID
1445474812,1734.61,0.201,BID
1445474812,1734.79,0.0629,BID
1445474812,1734.89,0.004,BID
1445474812,1734.97,0.0982,BID
1445474812,1734.98,1.9631,BID
1445474812,1734.99,0.029,BID
1445474812,1735.0,0.579,BID
1445474812,1735.1,0.06,BID
1445474812,1735.65,0.122,BID
1445474812,1735.81,0.6332,BID
1445474812,1735.82,0.497,BID
1445474812,1735.82,0.1,BID
1445474812,1735.83,0.259,BID
1445474812,1735.87,9.1775,BID
1445474812,1735.9,0.001,BID
1445474812,1735.91,0.001,BID
1445474812,1735.91,0.001,BID
1445474812,1735.96,0.001,BID
1445474812,1735.96,0.001,BID
1445474812,1735.97,0.001,BID
1445474812,1735.98,0.001,BID
1445474812,1736.02,0.001,BID
1445474812,1736.02,0.001,BID
1445474812,1736.03,0.516,BID
1445474812,1736.07,0.28,BID
1445474812,1736.16,2.5656,BID
1445474812,1736.45,0.0026,BID
1445474812,1736.86,0.259,BID
1445474812,1737.29,0.008,BID
1445474812,1737.34,11.646,BID
1445474814,1734.63,8.0,BID
1445474814,1734.63,3.0,BID
1445474814,1734.63,5.347,BID
1445474815,1734.62,0.4997,ASK
1445474815,1734.6,0.0838,BID
1445474815,1734.6,0.025,BID
1445474815,1734.6,0.0882,BID
1445474850,1734.63,0.01,ASK
1445474851,1734.63,0.05,ASK
1445474851,1734.62,0.03,ASK
1445474851,1734.61,0.42,ASK
1445474852,1734.61,0.06,ASK
1445474854,1734.61,0.12,ASK
1445474854,1734.61,0.0781,ASK
1445474857,1734.6,0.01,ASK
1445474858,1734.61,0.2039,BID
1445474859,1734.6,0.01,ASK
1445474859,1734.6,0.198,ASK
1445474859,1734.61,0.098,BID
1445474860,1734.62,0.2039,ASK
1445474860,1734.6,0.4461,ASK
1445474861,1734.6,0.01,ASK
1445474862,1734.6,0.65,ASK
1445474863,1734.6,0.01,ASK
1445474865,1734.6,0.01,ASK
1445474865,1734.6,0.01,ASK
1445474867,1734.6,0.0005,ASK
1445474867,1734.59,0.2034,ASK
1445474869,1734.59,0.01,ASK
1445474871,1734.59,0.01,ASK
1445474873,1734.67,0.002,ASK
1445474873,1734.59,0.008,ASK
1445474874,1734.6,0.1721,ASK
1445474874,1734.59,3.9084,ASK
1445474874,1734.37,0.002,ASK
1445474875,1734.0,5.7,BID
1445474875,1734.0,3.6563,BID
1445474890,1734.7,0.01,ASK
1445474890,1734.15,1.0755,ASK
1445474918,1734.92,0.06,BID
1445474918,1735.02,0.004,BID
1445474918,1735.38,0.5,BID
1445474918,1735.38,0.1899,BID
1445474918,1735.39,5.0,BID
1445474918,1735.4,0.7,BID
1445474918,1735.41,1.3546,BID
1445474918,1735.43,0.122,BID
1445474918,1735.69,0.122,BID
1445474918,1735.69,0.122,BID
1445474918,1735.72,0.298,BID
1445474918,1735.74,0.101,BID
1445474918,1736.0,0.08,BID
1445474918,1736.78,0.111,BID
1445474918,1736.78,0.111,BID
1445474918,1736.89,0.122,BID
1445474918,1737.34,1.0025,BID
1445474921,1735.22,18.0,BID
1445474921,1735.22,21.8,BID
1445474954,1734.23,0.244,ASK
1445474954,1734.21,0.035,ASK
1445474954,1734.2,0.7,ASK
1445474954,1734.15,0.0678,ASK
1445474954,1734.14,1.3556,ASK
1445474954,1734.05,0.002,ASK
1445474954,1734.03,0.312,ASK
1445474954,1733.99,0.3227,ASK
1445474954,1733.98,1.3259,ASK
1445474963,1734.93,0.01,BID
1445474966,1734.92,0.01,BID
1445474987,1735.16,1.3,ASK
1445474991,1735.03,0.002,BID
1445475028,1735.12,0.01,BID
1445475034,1735.12,0.0137,BID
1445475034,1735.13,0.0678,BID
1445475034,1735.14,0.2542,BID
1445475035,1735.12,0.004,ASK
1445475038,1735.14,0.01,BID
1445475046,1735.14,0.01,BID
1445475047,1735.14,0.01,BID
1445475069,1734.96,0.01,ASK
1445475071,1734.96,0.01,ASK
1445475075,1734.96,0.01,ASK
1445475077,1734.97,0.0337,ASK
1445475077,1734.96,0.0002,ASK
1445475077,1734.96,0.0731,ASK
1445475078,1734.95,0.0337,ASK
1445475078,1734.95,0.167,ASK
1445475083,1734.95,0.0167,ASK
1445475084,1734.95,0.0167,ASK
1445475096,1734.95,0.15,ASK
1445475097,1734.95,0.65,ASK
1445475098,1734.95,2.8278,ASK
1445475098,1734.95,0.65,ASK
1445475099,1734.95,0.65,ASK
1445475100,1734.95,0.65,ASK
1445475101,1734.95,0.65,ASK
1445475102,1734.95,0.65,ASK
1445475103,1734.95,0.65,ASK
1445475104,1734.95,0.65,ASK
1445475105,1734.95,0.65,ASK
1445475106,1734.95,0.1785,ASK
1445475106,1734.95,0.65,ASK
1445475107,1734.95,0.65,ASK
1445475108,1734.95,0.65,ASK
1445475109,1734.95,0.65,ASK
1445475110,1734.95,0.65,ASK
1445475111,1734.95,0.65,ASK
1445475112,1734.95,0.65,ASK
1445475113,1734.95,0.65,ASK
1445475114,1734.95,0.65,ASK
1445475115,1734.95,0.65,ASK
1445475116,1735.12,0.01,ASK
1445475116,1734.95,0.64,ASK
1445475117,1734.95,0.65,ASK
1445475118,1734.95,0.65,ASK
1445475119,1734.95,0.65,ASK
1445475120,1734.95,0.65,ASK
1445475120,1735.13,0.01,BID
1445475121,1735.12,1.0,ASK
1445475121,1735.12,9.029,ASK
1445475121,1734.95,0.65,ASK
1445475122,1734.95,0.65,ASK
1445475122,1735.12,0.01,BID
1445475123,1735.12,0.01,BID
1445475123,1734.96,0.0759,ASK
1445475123,1734.95,0.5741,ASK
1445475123,1735.12,0.0137,BID
1445475123,1735.13,0.0436,BID
1445475123,1735.14,0.2717,BID
1445475124,1735.14,0.02,BID
1445475125,1734.96,0.0112,ASK
1445475125,1734.96,0.0436,ASK
1445475125,1734.95,0.4658,ASK
1445475126,1735.14,0.478,BID
1445475126,1735.14,0.01,BID
1445475126,1735.14,0.01,BID
1445475127,1735.13,0.0112,BID
1445475127,1735.13,0.0278,BID
1445475127,1735.14,0.2817,BID
1445475128,1736.0,10.397,BID
1445475129,1735.16,0.148,ASK
1445475133,1735.84,0.009,BID
1445475136,1735.17,0.06,ASK
1445475136,1735.16,0.187,ASK
1445475136,1735.16,0.0416,ASK
1445475136,1735.15,0.2556,ASK
1445475136,1735.15,0.0558,ASK
1445475136,1735.15,0.4,ASK
1445475136,1735.25,0.002,ASK
1445475136,1735.15,0.058,ASK
1445475138,1735.18,0.01,BID
1445475138,1735.26,0.0237,ASK
1445475138,1735.15,0.01,ASK
1445475140,1735.15,0.0267,ASK
1445475141,1735.15,0.01,ASK
1445475141,1735.15,0.0158,ASK
1445475148,1735.14,0.01,BID
1445475151,1734.97,0.0358,ASK
1445475158,1734.96,0.01,ASK
1445475160,1734.96,0.01,ASK
1445475161,1734.96,0.0707,ASK
1445475161,1734.96,0.0405,ASK
1445475161,1734.96,0.03,ASK
1445475161,1734.95,0.2588,ASK
1445475161,1734.95,0.796,ASK
1445475161,1734.95,0.6,ASK
1445475161,1734.95,0.612,ASK
1445475161,1734.95,0.425,ASK
1445475162,1734.96,0.01,BID
1445475163,1734.96,0.0358,ASK
1445475163,1734.95,0.1054,ASK
1445475164,1734.95,0.0573,ASK
1445475164,1734.95,0.1412,ASK
1445475165,1734.95,0.65,ASK
1445475166,1734.95,0.02,ASK
1445475167,1734.95,0.485,ASK
1445475168,1734.95,0.3941,ASK
1445475169,1734.95,0.01,ASK
1445475174,1734.96,0.01,ASK
1445475175,1734.96,0.01,ASK
1445475179,1734.96,0.01,BID
1445475183,1734.96,0.169,BID
1445475183,1734.96,0.0084,BID
1445475183,1734.96,0.4,BID
1445475183,1734.96,0.2269,BID
1445475183,1734.96,0.1741,BID
1445475184,1734.96,0.3999,BID
1445475184,1735.13,2.0,BID
1445475184,1735.13,17.599,BID
1445475185,1735.14,0.0084,BID
1445475185,1734.99,1.0,BID
1445475185,1734.99,8.0,BID
1445475185,1734.99,3.931,BID
1445475187,1734.99,0.008,ASK
1445475189,1735.14,0.0183,BID
1445475204,1735.24,0.0084,ASK
1445475204,1734.98,0.073,ASK
1445475204,1734.97,0.5764,ASK
1445475204,1734.97,0.5764,ASK
1445475204,1734.96,0.0751,ASK
1445475204,1734.96,0.247,ASK
1445475206,1734.95,0.0089,ASK
1445475206,1734.96,0.5,BID
1445475207,1734.96,0.175,BID
1445475207,1734.96,0.175,BID
1445475207,1734.96,0.175,BID
1445475207,1734.96,0.175,BID
1445475208,1734.96,0.0084,BID
1445475208,1734.96,1.2351,BID
1445475209,1734.96,0.15,BID
1445475209,1734.96,0.302,BID
1445475209,1734.96,0.302,BID
1445475209,1734.96,0.262,BID
1445475209,1734.96,0.169,BID
1445475209,1734.96,0.302,BID
1445475209,1734.96,0.302,BID
1445475209,1734.96,0.0075,BID
1445475209,1735.43,0.06,BID
1445475209,1735.75,0.002,BID
1445475209,1735.87,0.02,BID
1445475209,1736.08,0.155,BID
1445475209,1736.33,0.155,BID
1445475209,1736.33,0.108,BID
1445475210,1734.97,0.008,ASK
1445475211,1734.98,8.0,BID
1445475211,1734.98,8.877,BID
1445475229,1735.16,0.01,ASK
1445475229,1735.16,0.05,ASK
1445475237,1735.06,0.002,ASK
1445475237,1734.98,0.0569,ASK
1445475237,1734.97,0.0161,ASK
1445475239,1734.98,0.0132,ASK
1445475239,1734.98,0.0429,ASK
1445475239,1734.97,0.0019,ASK
1445475239,1734.97,0.01,ASK
1445475241,1735.04,0.01,BID
1445475244,1734.98,0.0351,ASK
1445475244,1734.98,0.0039,ASK
1445475244,1734.98,0.0165,ASK
1445475244,1734.97,0.0565,ASK
1445475245,1734.97,0.0351,ASK
1445475248,1734.97,0.02,ASK
1445475249,1734.97,0.226,ASK
1445475249,1734.97,0.1953,ASK
1445475249,1734.97,0.0307,ASK
1445475250,1734.97,0.226,ASK
1445475250,1734.97,0.226,ASK
1445475254,1734.97,0.0937,ASK
1445475259,1734.93,0.01,BID
1445475259,1734.95,0.047,BID
1445475259,1734.95,0.0837,BID
1445475271,1734.94,0.06,BID
1445475272,1734.96,0.0937,BID
1445475274,1735.0,0.175,ASK
1445475275,1735.0,0.175,ASK
1445475275,1735.0,2.687,ASK
1445475275,1735.0,0.4,ASK
1445475275,1735.0,0.8,ASK
1445475275,1735.0,0.5,ASK
1445475275,1735.0,0.4,ASK
1445475275,1735.0,0.4,ASK
1445475275,1735.0,4.9489,ASK
1445475275,1735.0,0.6,ASK
1445475276,1735.0,0.4,ASK
1445475276,1735.0,0.04,ASK
1445475276,1735.0,0.15,ASK
1445475277,1735.0,0.143,ASK
1445475280,1735.0,0.01,ASK
1445475280,1735.0,0.383,ASK
1445475281,1735.0,0.65,ASK
1445475284,1735.0,0.15,ASK
1445475285,1735.01,9.0,ASK
1445475285,1735.01,4.513,ASK
1445475286,1735.0,0.022,ASK
1445475287,1735.0,0.012,ASK
1445475288,1735.0,0.399,ASK
1445475289,1735.0,0.01,ASK
1445475290,1735.0,0.01,ASK
1445475291,1735.0,0.01,ASK
1445475292,1735.0,0.2,ASK
1445475292,1735.0,0.9,ASK
1445475293,1735.0,0.65,ASK
1445475293,1735.0,0.0814,ASK
1445475293,1734.96,0.02,ASK
1445475294,1734.96,0.04,ASK
1445475294,1734.48,0.108,ASK
1445475294,1734.29,0.002,ASK
1445475294,1734.23,0.364,ASK
1445475294,1734.1,0.579,ASK
1445475294,1733.89,0.087,ASK
1445475295,1733.86,2.0,ASK
1445475299,1734.89,0.01,BID
1445475304,1734.88,0.06,BID
1445475304,1734.89,0.03,BID
1445475304,1734.96,0.6,BID
1445475304,1734.97,1.3259,BID
1445475304,1734.99,0.65,BID
1445475304,1734.99,0.274,BID
1445475304,1734.99,0.274,BID
1445475304,1735.0,8.3309,BID
1445475304,1735.56,0.002,BID
1445475304,1735.71,1.0,BID
1445475304,1735.77,0.888,BID
1445475304,1735.78,0.409,BID
1445475304,1735.91,5.0,BID
1445475304,1736.16,4.0864,BID
1445475304,1736.24,0.175,BID
1445475304,1736.26,0.175,BID
1445475304,1736.88,0.431,BID
1445475304,1736.98,0.163,BID
1445475304,1737.15,7.3039,BID
1445475304,1737.18,0.441,BID
1445475304,1737.37,3.8158,BID
1445475304,1737.68,0.163,BID
1445475304,1737.88,0.441,BID
1445475304,1738.58,1.1611,BID
1445475310,1734.82,0.2205,BID
1445475310,1734.85,0.5,BID
1445475310,1734.95,0.7,BID
1445475313,1734.52,0.01,ASK
1445475314,1734.52,0.1537,ASK
1445475314,1734.52,0.01,ASK
1445475315,1734.51,0.034,ASK
1445475315,1734.53,0.01,ASK
1445475316,1734.53,0.132,ASK
1445475316,1734.53,0.132,ASK
1445475316,1734.53,0.0331,ASK
1445475316,1734.53,0.0229,ASK
1445475316,1734.51,0.076,ASK
1445475316,1734.51,0.132,ASK
1445475316,1734.54,0.0151,ASK
1445475316,1734.51,0.1479,ASK
1445475317,1734.52,0.0994,BID
1445475318,1734.52,0.2206,BID
1445475318,1734.52,0.32,BID
1445475318,1734.52,0.01,BID
1445475318,1734.52,0.01,ASK
1445475319,1734.52,0.022,ASK
1445475319,1734.52,0.01,ASK
1445475320,1734.52,0.0074,ASK
1445475320,1734.51,0.08,ASK
1445475321,1734.51,0.01,ASK
1445475323,1734.52,0.01,BID
1445475327,1734.52,0.022,BID
1445475329,1734.74,0.175,ASK
1445475331,1734.74,0.01,ASK
1445475333,1735.0,0.1839,BID
1445475348,1734.99,0.0198,BID
1445475348,1735.0,0.3951,BID
1445475350,1735.54,0.1956,ASK
1445475353,1735.04,0.195,BID
1445475353,1735.23,0.1428,BID
1445475353,1735.24,0.1956,BID
1445475353,1735.24,0.01,BID
1445475353,1735.44,0.0326,BID
1445475354,1735.31,7.0,BID
1445475354,1735.31,8.191,BID
1445475357,1734.55,0.038,ASK
1445475357,1734.54,0.158,ASK
1445475358,1734.54,0.196,ASK
1445475358,1734.55,3.0,ASK
1445475358,1734.55,3.138,ASK
1445475382,1735.07,0.2185,BID
1445475382,1735.09,0.0288,BID
1445475382,1735.1,0.576,BID
1445475384,1735.27,1.026,ASK
1445475384,1735.27,0.4,ASK
1445475384,1735.27,0.6,ASK
1445475384,1735.27,0.4,ASK
1445475385,1735.27,0.6,ASK
1445475385,1735.27,0.4,ASK
1445475385,1735.27,0.11,ASK
1445475385,1735.27,0.4,ASK
1445475386,1735.27,0.036,ASK
1445475387,1735.27,0.01,ASK
1445475387,1735.27,0.01,ASK
1445475387,1735.27,0.095,ASK
1445475388,1735.27,0.196,ASK
1445475388,1735.27,0.3261,ASK
1445475389,1735.28,0.01,ASK
1445475389,1735.28,0.01,ASK
1445475390,1735.28,0.01,ASK
1445475390,1735.28,0.161,ASK
1445475391,1735.28,0.086,ASK
1445475392,1735.28,0.153,ASK
1445475392,1735.28,0.262,ASK
1445475392,1735.27,0.239,ASK
1445475393,1735.27,0.142,ASK
1445475393,1735.27,0.3945,ASK
1445475395,1735.27,0.01,ASK
1445475396,1735.27,0.01,ASK
1445475397,1735.27,0.01,ASK
1445475398,1735.27,0.04,ASK
1445475432,1735.32,0.01,ASK
1445475439,1735.33,0.01,ASK
1445475445,1735.37,0.01,ASK
1445475445,1735.32,0.01,ASK
1445475445,1735.3,0.06,ASK
1445475445,1735.29,0.029,ASK
1445475450,1735.3,0.066,ASK
1445475451,1735.3,0.0003,ASK
1445475451,1735.29,0.0097,ASK
1445475452,1735.3,0.0523,ASK
1445475452,1735.3,0.0137,ASK
1445475452,1735.29,0.172,ASK
1445475453,1735.29,0.01,ASK
1445475453,1735.29,0.012,ASK
1445475455,1735.29,0.071,ASK
1445475457,1735.29,0.01,ASK
1445475457,1735.29,0.042,ASK
1445475459,1735.29,0.01,ASK
1445475461,1735.29,0.01,ASK
1445475462,1735.29,0.033,ASK
1445475463,1735.29,0.01,ASK
1445475463,1735.29,0.035,ASK
1445475464,1735.29,0.033,ASK
1445475464,1735.29,0.526,ASK
1445475464,1735.29,0.3428,ASK
1445475464,1735.28,0.0572,ASK
1445475464,1735.28,0.0075,ASK
1445475464,1735.28,0.021,ASK
1445475464,1735.28,0.014,ASK
1445475464,1735.27,0.01,ASK
1445475465,1735.28,0.0973,BID
1445475466,1735.27,0.01,ASK
1445475467,1735.27,0.1654,ASK
1445475467,1735.27,0.0187,ASK
1445475467,1735.27,0.01,ASK
1445475467,1735.27,0.0337,ASK
1445475468,1735.27,0.01,ASK
1445475468,1735.27,0.127,ASK
1445475470,1735.27,0.112,ASK
1445475471,1735.27,1.436,ASK
1445475471,1735.27,0.01,ASK
1445475471,1735.27,0.2,ASK
1445475472,1735.27,0.028,ASK
1445475474,1735.27,0.01,ASK
1445475474,1735.27,0.01,ASK
1445475475,1735.27,0.01,ASK
1445475475,1735.27,0.051,ASK
1445475476,1735.27,0.198,ASK
1445475476,1735.28,0.01,ASK
1445475477,1735.28,0.02,ASK
1445475480,1735.27,0.01,ASK
1445475482,1735.27,0.01,ASK
1445475482,1735.27,0.346,ASK
1445475483,1735.27,0.01,ASK
1445475483,1735.27,0.8963,ASK
1445475484,1735.24,0.002,BID
1445475485,1735.24,0.0407,BID
1445475485,1735.26,0.4853,BID
1445475487,1734.82,0.2,ASK
1445475488,1735.24,0.01,ASK
1445475505,1735.13,0.01,ASK
1445475507,1735.13,0.01,ASK
1445475508,1735.14,0.01,ASK
1445475510,1735.14,0.0415,ASK
1445475510,1735.14,0.0477,ASK
1445475512,1735.13,1.285,ASK
1445475513,1735.13,0.79,ASK
1445475515,1735.13,0.265,ASK
1445475516,1735.13,0.042,ASK
1445475517,1735.13,0.391,ASK
1445475518,1735.13,0.006,ASK
1445475518,1735.13,0.044,ASK
1445475519,1735.13,0.01,ASK
1445475519,1735.13,0.01,ASK
1445475519,1735.14,5.0,ASK
1445475519,1735.14,1.0,ASK
1445475519,1735.14,4.25,ASK
1445475520,1735.13,0.01,ASK
1445475520,1735.18,5.0,ASK
1445475520,1735.18,2.515,ASK
1445475521,1735.13,0.01,ASK
1445475534,1735.13,0.276,ASK
1445475534,1735.19,0.002,BID
1445475535,1735.13,0.591,ASK
1445475539,1734.82,0.1059,ASK
1445475546,1734.82,0.342,ASK
1445475550,1734.82,0.175,ASK
1445475550,1734.94,0.169,BID
1445475550,1734.94,0.342,BID
1445475551,1734.94,0.2236,BID
1445475554,1734.95,0.3528,ASK
1445475554,1734.95,0.342,ASK
1445475554,1734.95,0.4702,ASK
1445475554,1734.95,0.1062,ASK
1445475556,1734.82,1.18,ASK
1445475557,1734.82,0.0737,ASK
1445475557,1734.82,0.65,ASK
1445475559,1734.82,1.18,ASK
1445475560,1734.82,0.0934,ASK
1445475560,1734.8,0.001,ASK
1445475560,1734.63,0.002,ASK
1445475560,1734.37,0.002,ASK
1445475560,1734.12,0.0148,ASK
1445475560,1734.11,0.004,ASK
1445475561,1734.1,16.7,ASK
1445475564,1734.02,1.165,ASK
1445475567,1734.02,0.559,ASK
1445475567,1734.02,0.5,ASK
1445475567,1734.02,0.012,ASK
1445475567,1734.02,1.689,ASK
1445475567,1734.02,3.0,ASK
1445475568,1734.34,0.006,BID
1445475568,1734.02,0.157,ASK
1445475568,1734.02,0.091,ASK
1445475569,1734.02,0.041,ASK
1445475570,1734.02,0.01,ASK
1445475570,1734.02,1.639,ASK
1445475570,1734.02,0.358,ASK
1445475570,1734.02,0.01,ASK
1445475572,1734.02,0.01,ASK
1445475572,1734.02,0.911,ASK
1445475572,1734.02,2.083,ASK
1445475572,1734.03,3.0,ASK
1445475572,1734.03,0.287,ASK
1445475573,1734.02,0.01,ASK
1445475573,1734.02,0.099,ASK
1445475574,1734.02,0.21,ASK
1445475575,1734.02,0.554,ASK
1445475575,1734.02,0.01,ASK
1445475575,1734.02,0.21,ASK
1445475576,1734.02,0.038,ASK
1445475577,1734.02,0.04,ASK
1445475581,1733.85,0.006,BID
1445475582,1733.8,0.0105,ASK
1445475582,1733.8,0.01,ASK
1445475582,1733.8,0.01,ASK
1445475583,1733.87,0.01,BID
1445475583,1734.0,0.03,BID
1445475586,1733.87,0.002,ASK
1445475586,1733.8,0.0937,ASK
1445475590,1733.8,0.1995,ASK
1445475593,1733.8,0.01,ASK
1445475594,1733.8,0.175,ASK
1445475596,1733.8,0.01,ASK
1445475597,1733.8,1.3535,ASK
1445475598,1733.8,0.126,ASK
1445475598,1733.81,0.001,BID
1445475598,1734.01,0.2074,BID
1445475598,1734.02,4.149,BID
1445475598,1734.42,0.101,BID
1445475598,1734.64,0.936,BID
1445475598,1734.66,0.354,BID
1445475598,1734.68,0.536,BID
1445475598,1734.69,0.446,BID
1445475598,1734.78,0.6,BID
1445475598,1734.8,0.956,BID
1445475598,1734.8,0.01,BID
1445475598,1734.81,0.15,BID
1445475598,1734.94,0.3528,BID
1445475598,1735.13,2.2008,BID
1445475599,1733.8,0.047,ASK
1445475601,1733.8,0.042,ASK
1445475605,1733.81,0.037,ASK
1445475607,1733.81,0.01,ASK
1445475610,1733.82,0.0265,ASK
1445475610,1733.82,0.0145,ASK
1445475611,1733.82,0.002,ASK
1445475611,1733.82,0.0104,ASK
1445475611,1733.81,0.0306,ASK
1445475612,1734.7,0.0145,BID
1445475612,1734.7,0.0265,BID
1445475612,1734.7,0.07,BID
1445475612,1734.71,0.0104,BID
1445475612,1734.78,0.3786,BID
1445475612,1733.81,0.01,ASK
1445475616,1733.82,0.01,ASK
1445475616,1733.82,0.267,ASK
1445475616,1733.82,0.01,ASK
1445475617,1733.82,0.183,ASK
1445475619,1733.82,0.21,ASK
1445475619,1733.8,0.184,ASK
1445475620,1733.8,0.569,ASK
1445475622,1733.8,0.01,ASK
1445475623,1733.81,0.06,BID
1445475627,1733.81,0.01,BID
1445475627,1733.8,0.01,ASK
1445475629,1733.8,0.01,ASK
1445475631,1733.8,0.01,ASK
1445475631,1733.81,0.064,BID
1445475631,1733.8,0.001,ASK
1445475632,1733.81,0.5768,BID
1445475633,1733.81,0.5768,BID
1445475633,1733.8,0.01,ASK
1445475634,1733.81,0.5768,BID
1445475635,1733.81,0.5768,BID
1445475636,1733.81,0.5768,BID
1445475637,1733.81,0.1001,BID
1445475637,1733.81,0.5768,BID
1445475637,1733.81,0.0024,BID
1445475638,1733.8,0.01,ASK
1445475638,1733.81,0.5768,BID
1445475639,1733.81,0.5768,BID
1445475640,1733.81,0.716,BID
1445475640,1733.81,0.4,BID
1445475640,1733.81,0.0005,BID
1445475640,1733.81,0.01,ASK
1445475644,1733.91,0.761,ASK
1445475645,1733.92,0.013,ASK
1445475645,1733.92,0.587,ASK
1445475645,1733.91,0.01,ASK
1445475646,1733.9,0.006,BID
1445475646,1733.83,1.0,BID
1445475646,1733.83,9.832,BID
1445475650,1733.9,0.047,BID
1445475665,1733.91,0.047,ASK
1445475676,1733.83,0.02,ASK
1445475678,1733.83,0.01,ASK
1445475679,1733.83,0.02,ASK
1445475681,1733.83,0.0077,ASK
1445475681,1733.82,0.0023,ASK
1445475681,1733.83,0.01,ASK
1445475682,1733.82,0.01,ASK
1445475683,1733.82,0.0613,ASK
1445475684,1733.82,0.052,ASK
1445475685,1733.82,0.4512,ASK
1445475685,1733.82,0.1988,ASK
1445475685,1733.82,0.01,ASK
1445475686,1733.82,0.01,ASK
1445475686,1733.82,0.1,ASK
1445475686,1733.82,0.258,ASK
1445475686,1733.82,0.392,ASK
1445475687,1733.82,0.01,ASK
1445475687,1733.82,0.044,ASK
1445475688,1733.82,0.039,ASK
1445475689,1733.82,1.4759,ASK
1445475689,1733.8,0.0921,ASK
1445475689,1733.8,1.4939,ASK
1445475691,1733.32,0.2,ASK
1445475693,1733.71,0.01,BID
1445475701,1733.7,0.01,BID
1445475702,1733.7,0.01,BID
1445475703,1733.7,0.04,BID
1445475703,1733.79,0.0738,BID
1445475703,1733.8,0.2312,BID
1445475705,1733.73,0.01,ASK
1445475707,1733.73,0.03,ASK
1445475708,1733.73,0.01,BID
1445475708,1733.8,0.05,BID
1445475709,1733.72,0.03,BID
1445475709,1733.8,0.5468,BID
1445475714,1733.73,0.025,ASK
1445475715,1733.73,0.005,ASK
1445475736,1733.72,0.02,BID
1445475736,1733.72,0.005,BID
1445475736,1733.79,0.0324,BID
1445475736,1733.8,0.647,BID
1445475736,1733.8,0.0325,BID
1445475736,1733.81,0.65,BID
1445475737,1733.82,0.335,ASK
1445475737,1733.81,0.02,ASK
1445475737,1733.81,0.245,ASK
1445475739,1733.82,0.01,ASK
1445475739,1733.82,0.015,ASK
1445475743,1733.82,0.01,BID
1445475743,1733.98,0.01,BID
1445475743,1733.99,0.057,BID
1445475745,1733.83,0.01,ASK
1445475746,1733.98,9.0,ASK
1445475746,1733.98,7.98,ASK
1445475758,1733.82,0.01,BID
1445475758,1733.82,0.049,ASK
1445475758,1733.82,0.0056,ASK
1445475762,1733.99,0.143,BID
1445475762,1733.99,0.12,BID
1445475762,1734.0,2.043,BID
1445475764,1734.0,0.357,BID
1445475765,1734.0,0.0056,ASK
1445475765,1734.0,0.0198,ASK
1445475766,1734.0,0.736,ASK
1445475766,1733.72,3.0,ASK
1445475766,1733.72,16.42,ASK
1445475768,1733.72,0.015,ASK
1445475768,1733.71,0.3001,ASK
1445475768,1733.41,0.06,ASK
1445475768,1733.41,1.9309,ASK
1445475773,1734.61,0.005,ASK
1445475792,1733.99,0.692,BID
1445475792,1734.0,3.6196,BID
1445475802,1733.93,0.01,BID
1445475803,1733.93,0.01,BID
1445475805,1733.93,0.01,BID
1445475809,1733.93,0.01,BID
1445475812,1733.99,0.1061,BID
1445475813,1734.0,0.1061,BID
1445475813,1734.0,0.1061,BID
1445475814,1733.96,0.02,ASK
1445475814,1734.0,0.01,BID
1445475816,1733.99,0.01,ASK
1445475816,1733.59,0.01,ASK
1445475817,1733.6,3.0,ASK
1445475817,1733.6,11.011,ASK
1445475871,1733.97,0.01,BID
1445475896,1733.73,0.001,ASK
1445475901,1733.97,0.2801,BID
1445475902,1733.97,0.003,BID
1445475902,1733.97,0.0634,BID
1445475902,1733.98,0.1106,BID
1445475902,1733.98,0.1695,BID
1445475903,1733.98,0.037,BID
1445475908,1733.98,0.029,ASK
1445475909,1733.98,0.0004,ASK
1445475912,1733.75,0.0173,ASK
1445475912,1733.74,0.0117,ASK
1445475913,1733.8,0.01,ASK
1445475917,1733.92,0.01,ASK
1445475919,1733.82,0.01,ASK
1445475919,1733.91,0.01,BID
1445475921,1733.91,0.01,BID
1445475921,1733.82,0.01,ASK
1445475922,1733.91,0.2317,BID
1445475923,1733.96,0.0951,BID
1445475923,1733.97,0.029,BID
1445475923,1734.0,0.0749,BID
1445475926,1733.92,0.0103,ASK
1445475926,1733.92,0.219,ASK
1445475926,1733.92,0.2317,ASK
1445475940,1733.91,0.01,BID
1445475943,1733.91,0.2193,BID
1445475947,1733.92,0.086,ASK
1445475948,1733.92,0.1333,ASK
1445475948,1733.82,0.0751,ASK
1445475948,1733.81,0.0106,ASK
1445475950,1733.91,0.001,BID
1445475952,1733.91,0.2183,BID
1445475952,1733.91,0.2193,BID
1445475952,1734.0,0.7424,BID
1445475958,1733.99,0.01,BID
1445475961,1733.99,0.01,BID
1445475966,1733.92,0.438,ASK
1445475968,1733.92,0.0006,ASK
1445475968,1733.91,0.1231,ASK
1445475968,1733.91,0.0167,ASK
1445475968,1733.91,0.0131,ASK
1445475968,1733.91,0.2851,ASK
1445475969,1733.99,0.01,BID
1445475971,1733.99,0.01,BID
1445475973,1733.99,0.01,BID
1445475975,1733.99,0.0041,BID
1445475975,1733.99,0.0131,BID
1445475975,1733.99,0.0169,BID
1445475975,1733.99,0.01,ASK
1445475975,1733.99,0.5559,ASK
1445475975,1733.98,3.1534,ASK
1445475976,1733.98,5.0,ASK
1445475977,1733.98,0.65,ASK
1445475977,1733.98,0.01,ASK
1445475977,1733.98,0.65,ASK
1445475978,1733.98,0.65,ASK
1445475979,1733.98,0.65,ASK
1445475980,1733.98,0.65,ASK
1445475981,1733.98,1.097,ASK
1445475981,1734.0,0.299,BID
1445475981,1734.0,0.299,BID
1445475981,1734.0,0.4,BID
1445475981,1734.0,0.0845,BID
1445475981,1734.01,0.3155,ASK
1445475981,1734.01,0.3345,ASK
1445475982,1734.01,0.0541,ASK
1445475982,1734.01,0.0114,ASK
1445475982,1733.98,0.1886,ASK
1445475984,1734.01,0.0038,BID
1445475987,1733.99,0.0062,ASK
1445475987,1734.0,0.01,ASK
1445475989,1734.0,0.01,ASK
1445476007,1734.39,0.1627,ASK
1445476007,1734.02,0.06,ASK
1445476007,1734.01,0.1169,ASK
1445476007,1734.01,0.041,ASK
1445476007,1734.0,0.58,ASK
1445476007,1734.0,0.1355,ASK
1445476007,1734.0,0.0242,ASK
1445476007,1734.0,0.0372,ASK
1445476007,1734.0,5.0,BID
1445476007,1734.0,0.02,BID
1445476008,1734.0,0.158,BID
1445476008,1734.0,0.102,BID
1445476008,1734.0,0.102,BID
1445476008,1734.0,5.0,BID
1445476008,1734.0,1.02,BID
1445476009,1734.0,0.7,BID
1445476009,1734.0,0.477,BID
1445476009,1734.0,1.292,BID
1445476009,1734.0,0.01,BID
1445476009,1734.0,0.01,BID
1445476009,1734.0,0.188,BID
1445476010,1734.0,1.5,BID
1445476010,1734.0,0.5,BID
1445476010,1734.0,0.5767,BID
1445476010,1734.0,0.5,BID
1445476010,1734.0,0.847,BID
1445476010,1734.0,0.942,BID
1445476010,1734.0,0.8,BID
1445476010,1734.0,1.585,BID
1445476011,1734.0,0.513,BID
1445476011,1734.0,0.5767,BID
1445476011,1734.0,0.036,BID
1445476012,1734.0,0.59,BID
1445476012,1734.0,0.5767,BID
1445476012,1734.0,0.161,BID
1445476012,1733.99,0.0495,ASK
1445476012,1733.99,0.0144,ASK
1445476012,1733.99,0.6361,ASK
1445476012,1734.0,0.7,BID
1445476013,1734.0,0.02,BID
1445476013,1734.0,0.871,BID
1445476013,1734.0,0.5767,BID
1445476013,1734.0,0.036,BID
1445476013,1734.0,0.5,BID
1445476014,1734.0,0.5767,BID
1445476014,1734.0,0.6,BID
1445476014,1734.0,0.038,BID
1445476015,1734.0,4.6119,BID
1445476015,1734.0,0.5767,BID
1445476015,1734.0,0.157,BID
1445476015,1734.0,1.2729,BID
1445476016,1734.0,1.418,BID
1445476016,1734.0,0.4,BID
1445476016,1734.0,0.6,BID
1445476016,1734.0,0.5767,BID
1445476016,1734.0,0.5,BID
1445476016,1734.0,0.2029,BID
1445476017,1734.0,0.27,BID
1445476018,1734.0,0.5767,BID
1445476019,1734.0,0.06,BID
1445476019,1734.0,0.5767,BID
1445476019,1734.0,0.312,BID
1445476019,1734.0,0.5767,BID
1445476019,1734.0,0.01,BID
1445476020,1734.0,0.079,BID
1445476020,1734.0,0.153,BID
1445476020,1734.0,0.5767,BID
1445476021,1734.0,0.51,BID
1445476021,1734.0,0.5767,BID
1445476022,1734.0,0.871,BID
1445476022,1734.0,0.5767,BID
1445476023,1734.0,0.5767,BID
1445476023,1734.0,0.01,BID
1445476024,1734.0,0.01,BID
1445476024,1734.0,0.29,BID
1445476024,1734.0,0.5767,BID
1445476024,1734.0,0.001,BID
1445476024,1734.0,0.01,BID
1445476025,1734.0,0.01,BID
1445476025,1734.0,0.5767,BID
1445476026,1734.0,0.048,BID
1445476026,1734.0,0.5767,BID
1445476026,1734.0,0.01,BID
1445476027,1734.0,0.01,BID
1445476027,1734.0,0.2892,BID
1445476029,1734.01,0.136,ASK
1445476029,1734.01,0.1515,ASK
1445476029,1734.01,0.4385,ASK
1445476030,1734.01,0.1382,ASK
1445476030,1734.0,0.01,ASK
1445476030,1734.0,0.0751,ASK
1445476030,1733.99,0.0097,ASK
1445476031,1734.02,0.1174,ASK
1445476031,1734.0,0.013,BID
1445476032,1734.0,0.0728,BID
1445476035,1733.99,0.01,ASK
1445476035,1733.99,0.01,ASK
1445476036,1733.99,0.6342,ASK
1445476036,1733.99,0.3483,ASK
1445476037,1733.99,0.3517,ASK
1445476037,1733.98,0.2983,ASK
1445476038,1733.98,0.65,ASK
1445476039,1733.98,0.65,ASK
1445476040,1733.98,0.65,ASK
1445476041,1733.98,0.65,ASK
1445476043,1733.98,0.65,ASK
1445476044,1733.98,0.043,ASK
1445476044,1733.98,0.65,ASK
1445476045,1733.98,0.038,ASK
1445476045,1733.98,0.65,ASK
1445476046,1733.98,0.2,ASK
1445476046,1733.98,0.65,ASK
1445476047,1733.98,0.038,ASK
1445476047,1733.98,0.65,ASK
1445476048,1733.98,0.687,ASK
1445476048,1733.98,0.65,ASK
1445476048,1733.98,0.014,ASK
1445476049,1733.98,0.65,ASK
1445476049,1733.98,2.362,ASK
1445476050,1733.98,0.65,ASK
1445476050,1733.98,0.033,ASK
1445476052,1733.98,0.65,ASK
1445476052,1733.98,0.3295,ASK
1445476056,1733.98,0.01,ASK
1445476058,1733.98,0.2,ASK
1445476059,1733.98,0.01,ASK
1445476060,1733.98,0.65,ASK
1445476061,1733.98,0.65,ASK
1445476062,1733.98,0.374,ASK
1445476064,1733.97,0.056,BID
1445476068,1733.91,0.01,ASK
1445476068,1733.91,0.01,ASK
1445476072,1733.91,0.056,ASK
1445476072,1733.91,0.2,ASK
1445476075,1733.91,0.032,ASK
1445476077,1733.91,0.692,ASK
1445476081,1733.96,0.01,BID
1445476084,1733.96,0.001,BID
1445476084,1733.97,0.009,BID
1445476085,1733.97,0.01,BID
1445476089,1733.96,0.01,BID
1445476103,1733.88,0.02,ASK
1445476105,1733.88,0.01,ASK
1445476114,1733.88,0.025,ASK
1445476114,1733.88,0.0004,ASK
1445476114,1733.87,0.002,ASK
1445476117,1733.87,0.023,BID
1445476119,1733.81,0.01,ASK
1445476119,1733.96,0.01,BID
1445476119,1733.96,0.0554,BID
1445476120,1733.97,0.018,BID
1445476122,1733.97,0.01,BID
1445476124,1733.97,0.069,BID
1445476125,1733.97,0.104,BID
1445476127,1733.98,0.0956,ASK
1445476131,1733.98,0.0014,ASK
1445476131,1733.98,0.034,ASK
1445476131,1733.98,0.0546,ASK
1445476132,1733.98,0.01,ASK
1445476133,1733.98,0.033,ASK
1445476133,1733.98,0.02,ASK
1445476135,1733.98,0.01,ASK
1445476138,1734.0,0.01,ASK
1445476139,1734.0,0.336,ASK
1445476139,1734.0,0.01,ASK
1445476141,1734.0,0.01,ASK
1445476141,1734.0,0.22,ASK
1445476141,1734.0,0.01,ASK
1445476142,1734.0,0.394,ASK
1445476142,1734.0,0.01,ASK
1445476144,1734.0,0.014,ASK
1445476145,1734.0,0.01,ASK
1445476145,1734.0,0.01,ASK
1445476146,1734.0,0.188,ASK
1445476147,1734.0,0.01,ASK
1445476150,1734.0,0.01,ASK
1445476163,1734.01,0.1558,ASK
1445476163,1734.0,2.297,ASK
1445476163,1733.99,0.0419,ASK
1445476163,1733.98,0.0454,ASK
1445476163,1733.84,0.0956,ASK
1445476163,1733.82,0.0121,ASK
1445476163,1733.81,0.2411,ASK
1445476163,1733.75,0.0167,ASK
1445476163,1733.74,0.2714,ASK
1445476163,1733.74,0.0625,ASK
1445476165,1734.03,0.1558,ASK
1445476165,1734.13,0.01,BID
1445476165,1734.12,3.0,ASK
1445476165,1734.12,9.616,ASK
1445476167,1734.12,0.01,BID
1445476168,1734.12,0.0142,BID
1445476168,1734.12,0.01,BID
1445476170,1734.12,0.01,BID
1445476170,1734.12,0.0025,BID
1445476170,1734.12,0.0075,BID
1445476172,1734.12,0.01,BID
1445476177,1734.11,0.2851,BID
1445476177,1734.12,0.0349,BID
1445476178,1734.12,0.2851,BID
1445476178,1734.12,0.0379,BID
1445476179,1734.12,0.008,BID
1445476180,1734.12,0.021,BID
1445476181,1734.12,0.2956,BID
1445476181,1734.13,0.029,BID
1445476181,1734.13,0.01,BID
1445476182,1734.12,0.3166,BID
1445476183,1734.11,0.01,BID
1445476183,1734.12,0.2501,BID
1445476183,1734.13,0.0355,BID
1445476183,1734.12,0.01,BID
1445476184,1734.12,0.2501,BID
1445476185,1734.12,0.01,BID
1445476185,1734.12,0.2501,BID
1445476186,1734.12,0.0798,BID
1445476186,1734.13,0.4969,BID
1445476187,1734.13,0.3399,BID
1445476189,1734.13,0.01,BID
1445476189,1734.13,0.01,BID
1445476189,1734.13,0.01,BID
1445476190,1734.13,0.196,BID
1445476191,1734.13,0.01,BID
1445476191,1734.13,0.5767,BID
1445476191,1734.13,0.651,BID
1445476192,1734.13,0.5767,BID
1445476192,1734.13,0.01,BID
1445476193,1734.13,0.01,BID
1445476193,1734.13,0.5767,BID
1445476194,1734.13,0.01,BID
1445476194,1734.13,0.5767,BID
1445476198,1734.14,0.5767,ASK
1445476198,1734.04,0.0225,ASK
1445476198,1733.82,0.002,ASK
1445476198,1733.74,0.0009,ASK
1445476198,1733.72,0.1106,ASK
1445476198,1733.72,0.2065,ASK
1445476198,1733.7,0.0018,ASK
1445476198,1733.34,0.7,ASK
1445476198,1733.33,0.6,ASK
1445476198,1733.31,0.983,ASK
1445476198,1733.29,0.18,ASK
1445476198,1733.24,3.8146,ASK
1445476211,1733.7,0.185,ASK
1445476211,1733.66,0.2545,ASK
1445476211,1733.65,0.0545,ASK
1445476217,1733.71,0.1016,ASK
1445476219,1733.7,0.002,BID
1445476226,1733.66,0.157,ASK
1445476227,1733.66,0.0003,ASK
1445476227,1733.65,0.006,ASK
1445476229,1733.41,0.01,ASK
1445476237,1733.46,0.01,BID
1445476240,1733.25,0.051,ASK
1445476241,1733.46,0.01,BID
1445476244,1733.46,0.01,BID
1445476245,1733.46,0.08,BID
1445476246,1733.46,0.042,BID
1445476246,1733.46,0.04,BID
1445476246,1733.46,0.3751,BID
1445476249,1733.47,0.14,ASK
1445476250,1733.47,0.032,ASK
1445476250,1733.47,0.14,ASK
1445476251,1733.57,0.01,BID
1445476251,1733.47,0.3971,ASK
1445476253,1733.46,0.2429,BID
1445476253,1733.46,0.2571,BID
1445476254,1733.46,0.312,BID
1445476257,1733.47,0.01,ASK
1445476264,1733.47,0.19,ASK
1445476265,1733.47,0.0649,ASK
1445476265,1733.47,0.5769,ASK
1445476269,1733.46,0.0082,BID
1445476269,1733.46,0.0018,BID
1445476269,1733.46,0.06,BID
1445476270,1733.46,0.5769,BID
1445476271,1733.46,0.0113,BID
1445476271,1733.65,0.151,BID
1445476273,1733.65,0.2459,ASK
1445476273,1733.65,0.06,ASK
1445476273,1733.65,0.0114,ASK
1445476274,1733.65,0.0186,ASK
1445476275,1733.65,0.0498,ASK
1445476284,1733.65,0.1,ASK
1445476291,1733.96,0.001,BID
1445476295,1733.91,0.1938,BID
1445476295,1733.95,0.035,BID
1445476295,1733.96,0.699,BID
1445476295,1733.96,0.03,BID
1445476295,1733.97,0.6,BID
1445476297,1733.97,0.4,ASK
1445476297,1733.97,0.4,ASK
1445476297,1733.97,0.6,ASK
1445476297,1733.97,0.8,ASK
1445476297,1733.97,0.5,ASK
1445476297,1733.97,0.5656,ASK
1445476306,1733.68,0.017,ASK
1445476306,1733.67,0.089,ASK
1445476308,1733.68,0.01,ASK
1445476314,1733.69,0.01,ASK
1445476316,1733.69,0.01,ASK
1445476325,1733.94,0.017,BID
1445476325,1733.94,0.01,BID
1445476325,1733.94,0.0304,BID
1445476325,1733.94,0.1673,BID
1445476327,1733.94,0.01,BID
1445476328,1733.94,0.01,BID
1445476328,1733.69,0.1473,ASK
1445476328,1733.68,0.0025,ASK
1445476328,1733.68,0.01,ASK
1445476328,1733.67,0.2507,ASK
1445476328,1733.65,0.0089,BID
1445476329,1733.65,0.01,BID
1445476329,1733.65,0.1737,BID
1445476329,1733.65,0.01,BID
1445476330,1733.65,0.69,BID
1445476331,1733.65,0.5768,BID
1445476331,1733.65,0.6206,BID
1445476331,1733.65,0.01,BID
1445476332,1733.64,0.0728,BID
1445476332,1733.65,0.504,BID
1445476334,1733.65,0.01,BID
1445476334,1733.65,0.01,BID
1445476334,1733.65,0.5768,BID
1445476335,1733.65,0.334,BID
1445476336,1733.65,0.334,BID
1445476336,1733.65,0.1415,BID
1445476338,1733.73,0.035,ASK
1445476338,1733.66,0.13,ASK
1445476348,1733.66,0.03,ASK
1445476362,1733.94,0.1666,BID
1445476362,1733.95,0.1731,BID
1445476364,1733.69,0.1634,ASK
1445476364,1733.67,0.1666,ASK
1445476364,1733.66,0.2753,ASK
1445476364,1733.66,0.5768,ASK
1445476364,1733.62,0.06,ASK
1445476364,1733.5,0.0728,ASK
1445476364,1733.49,0.0129,ASK
1445476364,1733.49,0.004,ASK
1445476364,1733.48,0.2459,ASK
1445476364,1733.48,0.0114,ASK
1445476364,1733.48,0.0288,ASK
1445476364,1733.47,0.5769,ASK
1445476364,1733.36,0.4877,ASK
1445476366,1733.37,5.0,ASK
1445476366,1733.37,1.696,ASK
1445476369,1733.88,1.656,BID
1445476369,1733.88,0.801,BID
1445476370,1733.88,0.439,BID
1445476370,1733.88,0.5767,BID
1445476370,1733.51,0.183,ASK
1445476371,1733.87,0.5183,BID
1445476371,1733.88,0.0584,BID
1445476372,1733.88,0.02,BID
1445476373,1733.88,0.71,BID
1445476374,1733.88,0.495,BID
1445476374,1733.87,0.183,BID
1445476374,1733.88,0.312,BID
1445476376,1733.88,0.01,BID
1445476381,1733.88,0.01,BID
1445476384,1733.87,0.01,BID
1445476385,1733.87,0.5,BID
1445476386,1733.87,0.01,BID
1445476386,1733.87,0.01,BID
1445476386,1733.87,0.304,BID
1445476388,1733.87,0.054,BID
1445476388,1733.87,0.01,BID
1445476389,1733.86,0.02,BID
1445476390,1733.86,0.01,BID
1445476390,1733.86,0.01,BID
1445476392,1733.86,0.018,BID
1445476392,1733.86,0.01,BID
1445476392,1733.86,0.01,BID
1445476393,1733.86,0.0567,BID
1445476393,1733.87,0.038,BID
1445476394,1733.53,0.134,ASK
1445476394,1733.87,0.8692,BID
1445476394,1733.87,0.0187,BID
1445476394,1733.87,0.37,BID
1445476394,1733.87,0.0947,BID
1445476394,1733.87,0.0567,BID
1445476396,1733.88,0.03,BID
1445476397,1733.88,0.045,BID
1445476398,1733.88,0.92,BID
1445476398,1733.88,0.5767,BID
1445476399,1733.88,0.5767,BID
1445476400,1733.88,0.099,BID
1445476400,1733.88,0.5767,BID
1445476401,1733.88,0.5767,BID
1445476401,1733.88,1.49,BID
1445476403,1733.88,0.8,BID
1445476410,1733.88,14.9959,BID
1445476414,1733.85,0.5,BID
1445476414,1733.88,1.109,BID
1445476417,1733.86,0.5,ASK
1445476417,1733.53,0.0007,ASK
1445476417,1733.52,0.0208,ASK
1445476417,1733.52,0.0187,ASK
1445476417,1733.51,0.0798,ASK
1445476445,1733.86,0.06,BID
1445476445,1733.87,0.381,BID
1445476445,1733.87,0.06,BID
1445476446,1733.87,0.103,BID
1445476446,1733.87,0.103,BID
1445476446,1733.87,0.0679,BID
1445476446,1733.88,0.0351,BID
1445476447,1733.87,0.01,BID
1445476448,1733.87,0.431,BID
1445476448,1733.88,1.684,BID
1445476449,1733.88,0.441,BID
1445476449,1733.88,0.431,BID
1445476450,1733.88,0.01,BID
1445476451,1733.88,0.02,BID
1445476451,1733.88,0.1726,BID
1445476452,1733.84,0.1375,ASK
1445476452,1733.83,2.7499,ASK
1445476452,1733.51,0.3372,ASK
1445476452,1733.51,0.0169,BID
1445476452,1733.51,0.2114,BID
1445476452,1733.88,0.3206,BID
1445476452,1733.88,0.4,BID
1445476452,1733.88,0.4,BID
1445476452,1733.88,0.9,BID
1445476452,1733.88,0.4,BID
1445476452,1733.88,0.569,BID
1445476452,1733.88,0.569,BID
1445476452,1733.88,0.4,BID
1445476452,1733.88,0.5,BID
1445476452,1733.88,0.532,BID
1445476452,1733.88,0.5767,BID
1445476453,1733.88,0.512,BID
1445476453,1733.88,0.01,BID
1445476453,1733.84,0.532,ASK
1445476453,1733.84,0.032,ASK
1445476454,1733.82,0.01,BID
1445476454,1733.82,0.076,BID
1445476454,1733.87,0.1351,BID
1445476454,1733.88,0.1529,BID
1445476454,1733.88,0.5767,BID
1445476456,1733.88,0.032,BID
1445476456,1733.88,0.5767,BID
1445476458,1733.87,0.0489,BID
1445476458,1733.88,1.6949,BID
1445476459,1733.88,0.5,BID
1445476459,1733.88,0.5767,BID
1445476460,1733.88,0.147,BID
1445476461,1733.88,0.66,BID
1445476461,1733.88,0.4989,BID
1445476462,1733.89,0.0778,ASK
1445476462,1733.88,0.01,ASK
1445476462,1733.87,0.033,BID
1445476462,1733.87,0.2962,BID
1445476465,1733.89,0.01,ASK
1445476465,1733.93,0.042,BID
1445476466,1733.93,0.1394,BID
1445476466,1733.94,0.042,BID
1445476467,1733.94,0.1214,BID
1445476468,1733.94,0.06,ASK
1445476468,1733.89,0.21,ASK
1445476468,1733.89,0.0605,ASK
1445476479,1733.68,0.1272,ASK
1445476479,1733.67,0.1351,ASK
1445476481,1733.67,0.1824,BID
1445476489,1733.66,0.071,BID
1445476489,1733.58,0.05,ASK
1445476492,1733.58,0.01,ASK
1445476493,1733.66,0.0541,BID
1445476494,1733.67,0.0541,BID
1445476494,1733.67,0.034,BID
1445476496,1733.67,0.0391,BID
1445476496,1733.86,0.001,BID
1445476496,1733.86,0.1272,BID
1445476496,1733.88,0.2705,BID
1445476496,1733.95,0.1666,BID
1445476496,1733.96,0.65,BID
1445476496,1734.0,0.1573,BID
1445476496,1734.1,0.2545,BID
1445476496,1734.1,0.1016,BID
1445476496,1734.11,0.0605,BID
1445476496,1734.12,0.0529,BID
1445476496,1734.13,0.573,BID
1445476507,1733.94,0.04,ASK
1445476509,1733.95,0.01,ASK
1445476510,1733.95,0.1342,ASK
1445476510,1733.94,0.2798,ASK
1445476510,1733.94,0.361,ASK
1445476512,1733.95,0.1442,ASK
1445476514,1734.12,0.01,BID
1445476517,1734.12,0.01,BID
1445476520,1734.11,0.01,BID
1445476521,1734.11,0.3041,BID
1445476521,1734.11,0.0099,BID
1445476521,1734.11,0.0229,BID
1445476521,1734.12,0.0547,BID
1445476521,1734.12,0.0015,BID
1445476521,1734.13,0.0037,BID
1445476526,1734.24,0.01,BID
1445476527,1734.24,0.035,BID
1445476528,1734.24,0.1108,BID
1445476528,1734.27,0.0419,BID
1445476528,1734.28,0.1039,BID
1445476532,1734.28,0.01,BID
1445476532,1734.28,0.0035,BID
1445476532,1734.28,0.0728,BID
1445476532,1734.33,0.002,BID
1445476539,1734.46,0.001,BID
1445476543,1734.48,0.009,ASK
1445476543,1734.29,0.0863,ASK
1445476543,1734.25,0.035,ASK
1445476543,1734.25,0.1108,ASK
1445476543,1734.25,0.146,ASK
1445476543,1734.16,0.06,ASK
1445476543,1734.13,0.0173,ASK
1445476543,1734.12,0.3469,ASK
1445476543,1733.97,0.0328,ASK
1445476543,1733.97,0.0157,ASK
1445476543,1733.96,0.3141,ASK
1445476543,1733.94,2.2028,ASK
1445476543,1733.73,0.0762,ASK
1445476543,1733.68,0.1272,ASK
1445476543,1733.58,0.0651,ASK
1445476543,1733.58,0.211,ASK
1445476543,1733.57,1.0,ASK
1445476543,1733.44,0.12,ASK
1445476543,1733.37,0.1814,ASK
1445476543,1733.26,3.711,ASK
1445476543,1733.25,0.0019,ASK
1445476543,1733.23,10.8595,ASK
1445476545,1734.38,0.1068,ASK
1445476545,1734.66,0.01,BID
1445476547,1734.66,0.1069,BID
1445476547,1734.66,0.041,BID
1445476550,1734.49,0.0379,ASK
1445476552,1734.45,0.0587,BID
1445476560,1734.65,0.0379,BID
1445476560,1734.65,0.0991,BID
1445476561,1734.65,0.2103,BID
1445476565,1734.75,0.01,ASK
1445476565,1734.67,0.0949,ASK
1445476565,1734.66,0.135,ASK
1445476573,1734.83,0.018,BID
1445476578,1734.82,0.0594,BID
1445476582,1734.79,0.186,ASK
1445476582,1734.67,0.1769,ASK
1445476591,1734.69,0.0118,ASK
1445476591,1734.68,0.2368,ASK
1445476591,1734.57,0.012,ASK
1445476591,1734.56,0.2399,ASK
1445476591,1734.4,0.0155,ASK
1445476591,1734.39,0.1547,ASK
1445476593,1734.56,0.1193,BID
1445476597,1734.58,0.0244,ASK
1445476597,1734.57,0.4643,ASK
1445476598,1734.57,0.0244,ASK
1445476598,1734.56,0.4643,BID
1445476598,1734.66,0.0118,BID
1445476599,1734.66,1.006,ASK
1445476600,1734.66,0.474,ASK
1445476601,1734.66,3.4446,ASK
1445476601,1734.66,0.049,ASK
1445476601,1734.66,0.65,ASK
1445476602,1734.66,0.189,ASK
1445476602,1734.66,1.401,ASK
1445476602,1734.67,0.2368,BID
1445476602,1734.77,0.1193,BID
1445476602,1734.78,0.186,BID
1445476602,1734.81,0.2368,BID
1445476602,1734.82,0.1175,BID
1445476602,1734.88,0.06,BID
1445476602,1734.93,0.0038,BID
1445476602,1734.94,0.1442,BID
1445476602,1734.95,1.8778,BID
1445476602,1735.13,1.479,BID
1445476602,1735.16,0.004,BID
1445476602,1735.27,0.1948,BID
1445476603,1734.66,0.186,ASK
1445476603,1734.66,0.65,ASK
1445476604,1734.66,0.01,ASK
1445476604,1734.66,0.65,ASK
1445476605,1734.67,0.7,ASK
1445476605,1734.66,1.52,ASK
1445476605,1734.66,0.65,ASK
1445476605,1734.66,0.01,ASK
1445476605,1734.66,0.65,ASK
1445476606,1734.66,0.65,ASK
1445476606,1734.66,0.7835,ASK
1445476607,1734.6,0.0258,BID
1445476620,1734.41,0.01,ASK
1445476622,1734.41,0.0017,ASK
1445476622,1734.41,0.0083,ASK
1445476624,1734.59,0.01,BID
1445476625,1734.59,0.165,BID
1445476627,1734.58,0.01,BID
1445476627,1734.58,0.0012,BID
1445476627,1734.59,0.0598,BID
1445476630,1734.6,0.1738,ASK
1445476630,1734.6,0.0317,ASK
1445476630,1734.6,0.0281,ASK
1445476630,1734.58,0.01,ASK
1445476630,1734.45,0.2055,ASK
1445476630,1734.41,0.0622,ASK
1445476630,1734.41,0.0012,ASK
1445476632,1734.41,0.0101,ASK
1445476632,1734.4,0.2235,ASK
1445476633,1734.4,0.0113,ASK
1445476633,1734.4,0.0247,ASK
1445476633,1734.39,0.1547,ASK
1445476633,1734.37,0.002,ASK
1445476633,1734.37,0.013,BID
1445476633,1734.36,0.01,ASK
1445476635,1734.37,0.233,BID
1445476636,1734.37,0.01,BID
1445476636,1734.37,0.0203,BID
1445476642,1734.41,0.01,ASK
1445476642,1734.41,0.0057,ASK
1445476644,1734.57,0.01,BID
1445476651,1734.41,0.01,ASK
1445476655,1734.42,0.01,ASK
1445476657,1734.55,0.0174,BID
1445476658,1734.56,0.0174,BID
1445476659,1734.56,0.15,BID
1445476660,1734.56,0.01,BID
1445476660,1734.56,0.1714,BID
1445476660,1734.57,0.1483,BID
1445476662,1734.59,0.2336,BID
1445476662,1734.58,0.0283,ASK
1445476662,1734.57,0.1747,ASK
1445476663,1734.63,0.0247,BID
1445476663,1734.63,0.0705,BID
1445476665,1734.65,0.184,BID
1445476665,1734.62,0.01,ASK
1445476665,1734.6,0.2336,ASK
1445476665,1734.59,0.01,ASK
1445476665,1734.58,0.0261,ASK
1445476665,1734.57,0.0229,ASK
1445476666,1734.64,0.0261,BID
1445476666,1734.65,0.516,BID
1445476666,1734.65,0.0261,BID
1445476666,1734.66,0.0083,BID
1445476667,1734.6,0.01,BID
1445476667,1734.66,0.506,BID
1445476668,1734.58,0.01,ASK
1445476669,1734.58,0.0161,ASK
1445476669,1734.57,0.0248,ASK
1445476669,1734.57,0.1264,ASK
1445476669,1734.57,0.0476,ASK
1445476670,1734.58,0.01,BID
1445476672,1734.59,0.234,BID
1445476672,1734.65,0.01,BID
1445476672,1734.65,0.0161,BID
1445476672,1734.66,0.1434,BID
1445476673,1734.58,0.01,ASK
1445476674,1734.58,0.005,ASK
1445476675,1734.58,0.005,BID
1445476679,1734.58,0.0051,ASK
1445476679,1734.58,0.0049,ASK
1445476680,1734.65,0.0011,BID
1445476681,1734.58,0.0051,ASK
1445476681,1734.58,0.0049,ASK
1445476687,1734.65,0.0089,BID
1445476687,1734.65,0.0011,BID
1445476689,1734.65,0.0089,BID
1445476689,1734.65,0.0011,BID
1445476691,1734.65,0.0089,BID
1445476691,1734.65,0.0867,BID
1445476691,1734.66,0.9824,BID
1445476692,1734.66,0.0956,BID
1445476693,1734.66,0.1056,BID
1445476693,1734.66,0.1469,BID
1445476693,1734.66,0.026,BID
1445476694,1734.66,0.487,BID
1445476694,1734.66,0.268,BID
1445476708,1734.86,0.01,BID
1445476717,1734.73,0.0745,ASK
1445476717,1734.72,0.5255,ASK
1445476718,1734.72,0.0745,ASK
1445476718,1734.71,0.0985,ASK
1445476718,1734.71,0.0058,ASK
1445476718,1734.71,0.0162,ASK
1445476720,1734.67,0.01,ASK
1445476723,1734.68,0.0437,ASK
1445476723,1734.67,0.0973,ASK
1445476724,1734.68,0.0437,ASK
1445476724,1734.67,0.2012,ASK
1445476724,1734.67,0.4051,ASK
1445476725,1734.67,0.02,ASK
1445476725,1734.67,0.1514,ASK
1445476725,1734.66,0.0389,BID
1445476728,1734.66,0.01,BID
1445476728,1734.66,0.14,BID
1445476729,1734.66,0.3097,BID
1445476729,1734.66,0.15,BID
1445476731,1734.67,0.01,ASK
1445476731,1734.67,0.316,ASK
1445476732,1734.67,0.02,ASK
1445476733,1734.67,0.01,ASK
1445476733,1734.67,0.1037,ASK
1445476733,1734.58,0.0151,ASK
1445476733,1734.57,0.0149,ASK
1445476734,1734.58,0.0151,BID
1445476736,1734.57,0.01,ASK
1445476741,1734.57,0.2,ASK
1445476741,1734.58,0.015,BID
1445476742,1734.57,0.0763,ASK
1445476744,1734.56,0.07,BID
1445476744,1734.56,0.01,BID
1445476744,1734.56,0.01,BID
1445476745,1734.56,0.01,BID
1445476745,1734.56,0.1,BID
1445476745,1734.56,0.2763,BID
1445476745,1734.58,0.01,BID
1445476747,1734.58,0.1179,BID
1445476750,1734.65,0.03,BID
1445476750,1734.65,0.01,BID
1445476751,1734.65,0.0737,BID
1445476751,1734.66,0.04,BID
1445476752,1734.62,0.01,ASK
1445476752,1734.59,0.1179,ASK
1445476752,1734.58,0.2681,ASK
1445476752,1734.57,0.1,ASK
1445476752,1734.57,0.014,ASK
1445476752,1734.57,0.1179,ASK
1445476752,1734.57,0.2744,ASK
1445476752,1734.56,0.1256,ASK
1445476752,1734.56,0.4,ASK
1445476752,1734.66,0.0837,BID
1445476752,1734.56,0.6,ASK
1445476752,1734.56,0.4,ASK
1445476752,1734.56,0.6,ASK
1445476752,1734.56,0.4,ASK
1445476753,1734.59,0.0134,ASK
1445476753,1734.58,0.0253,ASK
1445476753,1734.57,0.0994,ASK
1445476753,1734.56,0.8619,ASK
1445476755,1734.56,0.268,ASK
1445476756,1734.57,0.65,ASK
1445476756,1734.57,0.01,ASK
1445476757,1734.57,0.04,ASK
1445476757,1734.56,1.14,ASK
1445476758,1734.56,0.019,ASK
1445476759,1734.56,0.65,ASK
1445476760,1734.56,0.65,ASK
1445476761,1734.56,0.01,ASK
1445476762,1734.56,0.65,ASK
1445476763,1734.56,0.01,ASK
1445476763,1734.56,0.65,ASK
1445476764,1734.56,0.65,ASK
1445476765,1734.66,0.01,BID
1445476765,1734.56,0.65,ASK
1445476766,1734.67,0.01,ASK
1445476766,1734.56,0.64,ASK
1445476767,1734.66,0.01,ASK
1445476767,1734.56,0.64,ASK
1445476768,1734.56,0.65,ASK
1445476769,1734.57,0.1015,ASK
1445476769,1734.56,0.5485,ASK
1445476769,1734.56,0.025,ASK
1445476770,1734.57,0.0366,ASK
1445476770,1734.56,0.6134,ASK
1445476771,1734.56,0.01,ASK
1445476771,1734.56,0.611,ASK
1445476771,1734.56,0.01,ASK
1445476771,1734.56,0.4,ASK
1445476771,1734.56,0.611,ASK
1445476772,1734.56,0.65,ASK
1445476772,1734.56,0.1605,ASK
1445476772,1734.56,0.65,ASK
1445476773,1734.56,0.01,ASK
1445476773,1734.56,0.65,ASK
1445476773,1734.56,0.062,ASK
1445476774,1734.59,0.01,ASK
1445476774,1734.56,0.64,ASK
1445476774,1734.56,0.01,ASK
1445476777,1734.56,0.01,ASK
1445476778,1734.56,0.149,ASK
1445476779,1734.56,0.01,ASK
1445476779,1734.56,0.65,ASK
1445476780,1734.56,0.65,ASK
1445476781,1734.56,0.65,ASK
1445476782,1734.56,0.01,ASK
1445476782,1734.56,0.65,ASK
1445476783,1734.56,0.31,ASK
1445476783,1734.56,0.65,ASK
1445476784,1734.56,0.015,ASK
1445476785,1734.56,0.105,ASK
1445476787,1734.56,0.01,ASK
1445476787,1734.56,0.91,ASK
1445476788,1734.56,0.01,ASK
1445476789,1734.56,0.01,ASK
1445476805,1734.56,0.397,ASK
1445476805,1734.56,0.397,ASK
