timestamp,price,amount,side
1442915879,1493.99,4.545,BID
1442915880,1493.99,0.05,BID
1442915881,1493.99,1.0,BID
1442915883,1493.99,0.1,BID
1442915883,1493.99,0.43,BID
1442915883,1493.99,0.1151,BID
1442915883,1494.0,0.3,BID
1442915883,1494.85,0.5849,BID
1442915885,1494.85,0.01,BID
1442915890,1492.91,0.039,ASK
1442915890,1492.86,0.0608,ASK
1442915891,1494.0,0.42,BID
1442915892,1493.99,0.039,BID
1442915892,1494.0,0.961,BID
1442915893,1494.0,0.01,BID
1442915894,1494.0,0.1,BID
1442915896,1493.99,0.0608,BID
1442915896,1493.99,0.0237,BID
1442915896,1494.0,0.9155,BID
1442915896,1494.0,0.463,BID
1442915898,1494.0,0.3269,BID
1442915898,1494.99,1.0,BID
1442915899,1494.99,0.034,BID
1442915899,1494.0,0.5731,ASK
1442915899,1493.01,0.015,ASK
1442915899,1493.0,0.3,ASK
1442915900,1493.0,0.09,BID
1442915900,1493.0,0.015,BID
1442915901,1493.0,0.01,BID
1442915902,1493.0,0.035,BID
1442915904,1493.0,0.764,BID
1442915904,1492.1,0.0078,ASK
1442915905,1493.0,1.0,BID
1442915906,1493.0,0.1,BID
1442915907,1493.0,0.024,BID
1442915907,1493.0,0.5,BID
1442915909,1493.0,1.0,BID
1442915911,1492.99,0.0228,BID
1442915911,1492.99,0.015,BID
1442915911,1493.0,0.0512,BID
1442915911,1493.0,1.0,BID
1442915912,1492.99,0.0251,BID
1442915912,1493.0,0.4239,BID
1442915915,1492.11,0.3124,ASK
1442915915,1492.1,0.1013,ASK
1442915915,1492.1,6.248,ASK
1442915915,1492.1,0.0632,ASK
1442915915,1492.09,2.2,ASK
1442915915,1492.09,0.36,ASK
1442915915,1492.08,13.46,ASK
1442915915,1492.0,0.3,ASK
1442915915,1491.96,0.021,ASK
1442915915,1491.81,0.038,BID
1442915916,1491.81,0.0605,BID
1442915917,1491.81,0.1,BID
1442915917,1491.81,0.3,BID
1442915919,1492.84,0.01,BID
1442915920,1492.84,1.0,BID
1442915922,1492.11,0.01,BID
1442915924,1492.0,0.9948,BID
1442915924,1492.11,0.0052,BID
1442915926,1492.11,0.0846,BID
1442915926,1492.82,0.9154,BID
1442915926,1492.82,0.051,BID
1442915929,1492.61,0.084,ASK
1442915929,1491.82,0.2038,ASK
1442915929,1491.66,0.002,ASK
1442915931,1491.52,0.01,BID
1442915933,1492.0,1.0,BID
1442915935,1492.0,0.115,BID
1442915936,1491.99,0.09,BID
1442915936,1492.0,5.751,BID
1442915936,1492.81,0.025,BID
1442915936,1491.07,0.004,ASK
1442915936,1491.01,0.3,ASK
1442915936,1491.0,0.3,ASK
1442915937,1490.77,0.7961,BID
1442915937,1492.0,1.0,BID
1442915938,1492.0,0.141,BID
1442915939,1492.0,1.0,BID
1442915939,1491.99,0.01,BID
1442915940,1491.99,0.3029,BID
1442915940,1492.0,0.3113,BID
1442915940,1491.99,13.0,BID
1442915940,1491.99,7.431,BID
1442915942,1492.0,0.038,BID
1442915942,1492.0,4.9097,BID
1442915942,1492.0,0.038,BID
1442915944,1492.0,0.262,BID
1442915944,1492.79,4.9857,BID
1442915945,1491.99,0.0563,BID
1442915945,1492.0,0.4437,BID
1442915947,1492.0,1.092,BID
1442915947,1492.0,0.1,BID
1442915947,1492.0,1.0,BID
1442915947,1492.0,0.01,BID
1442915950,1492.0,1.0,BID
1442915950,1492.0,4.1961,BID
1442915951,1492.0,0.038,BID
1442915952,1492.0,0.5,BID
1442915953,1492.0,1.0,BID
1442915954,1492.0,0.01,BID
1442915954,1492.0,0.12,BID
1442915955,1492.0,2.4902,BID
1442915955,1492.82,0.0546,BID
1442915955,1492.83,1.092,BID
1442915955,1492.84,0.0324,BID
1442915955,1492.99,0.0602,BID
1442915955,1492.99,0.0242,BID
1442915955,1493.0,0.3664,BID
1442915959,1493.0,0.01,BID
1442915960,1493.0,0.3,BID
1442915960,1493.13,5.5104,BID
1442915960,1494.0,0.3,BID
1442915960,1494.73,5.8,BID
1442915960,1494.74,5.8089,BID
1442915960,1495.0,2.2807,BID
1442915962,1495.0,0.3,BID
1442915965,1495.0,12.4782,BID
1442915965,1495.0,0.3,BID
1442915965,1495.23,0.002,BID
1442915965,1496.0,0.2845,BID
1442915965,1496.0,0.7135,BID
1442915965,1494.92,1.0,ASK
1442915966,1493.51,0.0147,ASK
1442915966,1493.0,0.0851,ASK
1442915966,1494.62,0.5,BID
1442915966,1494.62,1.0,BID
1442915967,1494.62,0.2,BID
1442915969,1494.74,0.01,BID
1442915969,1494.74,0.01,BID
1442915971,1494.74,0.5,BID
1442915971,1494.74,0.1,BID
1442915972,1493.01,0.09,ASK
1442915972,1493.01,0.0157,ASK
1442915972,1493.0,0.0149,ASK
1442915972,1493.0,0.3,ASK
1442915972,1492.7,0.256,BID
1442915972,1492.7,0.3,BID
1442915973,1492.02,4.0,BID
1442915973,1492.02,5.654,BID
1442915974,1492.7,1.0,BID
1442915975,1494.73,0.0147,BID
1442915975,1494.73,0.0157,BID
1442915975,1494.74,0.2696,BID
1442915975,1494.74,0.048,BID
1442915975,1492.01,0.015,ASK
1442915975,1492.0,0.3,ASK
1442915976,1492.0,0.791,BID
1442915976,1492.0,3.4988,BID
1442915977,1494.73,0.015,BID
1442915977,1494.74,0.985,BID
1442915977,1493.7,1.5012,ASK
1442915977,1491.7,3.0,BID
1442915977,1491.7,8.293,BID
1442915979,1491.71,1.0,BID
1442915980,1491.65,0.139,BID
1442915983,1491.65,0.652,BID
1442915984,1491.71,0.01,BID
1442915987,1494.72,0.09,BID
1442915987,1494.73,0.01,BID
1442915989,1494.74,1.0,BID
1442915991,1494.73,1.0,BID
1442915996,1494.73,0.01,BID
1442915996,1494.74,0.5,BID
1442916000,1493.0,0.1,BID
1442916001,1493.0,0.2,BID
1442916001,1494.0,0.023,BID
1442916001,1494.0,0.06,BID
1442916001,1492.29,0.0902,ASK
1442916001,1492.29,0.0096,ASK
1442916004,1494.0,0.05,BID
1442916004,1494.0,0.01,BID
1442916005,1493.5,0.2,ASK
1442916005,1492.23,0.2447,ASK
1442916005,1492.0,0.3,ASK
1442916006,1491.99,1.0,BID
1442916007,1491.99,0.778,BID
1442916007,1491.99,0.3171,BID
1442916008,1493.99,0.0902,BID
1442916008,1493.99,0.2038,BID
1442916012,1493.99,0.01,BID
1442916013,1493.9,1.0,ASK
1442916013,1492.99,5.0,ASK
1442916013,1491.99,0.015,ASK
1442916013,1491.94,1.0,BID
1442916021,1492.99,0.01,BID
1442916021,1492.99,0.005,BID
1442916021,1493.0,0.268,BID
1442916022,1493.0,0.032,BID
1442916022,1493.0,0.068,ASK
1442916022,1492.95,0.1855,ASK
1442916022,1492.94,0.5245,ASK
1442916022,1492.94,3.1855,ASK
1442916024,1492.64,0.016,BID
1442916025,1492.64,0.5085,BID
1442916025,1492.93,0.0155,BID
1442916026,1492.92,0.0159,BID
1442916026,1492.93,0.4841,BID
1442916027,1492.92,0.0158,BID
1442916027,1492.93,0.1504,BID
1442916027,1493.98,0.1697,BID
1442916027,1493.99,0.6641,BID
1442916028,1494.0,0.01,BID
1442916030,1493.64,0.0998,ASK
1442916031,1493.99,0.0096,BID
1442916031,1494.0,0.147,BID
1442916031,1494.0,0.8434,BID
1442916032,1493.65,0.0902,ASK
1442916032,1493.64,0.318,ASK
1442916033,1494.0,1.0,BID
1442916034,1494.0,0.5,BID
1442916036,1493.99,0.01,BID
1442916037,1493.99,0.0802,BID
1442916037,1494.0,0.0198,BID
1442916039,1494.0,0.5,BID
1442916043,1493.99,0.3171,BID
1442916043,1494.0,0.6829,BID
1442916044,1494.0,0.01,BID
1442916045,1494.0,0.09,BID
1442916046,1494.0,1.0,BID
1442916049,1494.0,1.0,BID
1442916052,1494.0,0.01,BID
1442916052,1494.0,0.077,BID
1442916054,1494.0,0.038,BID
1442916054,1494.0,0.1,BID
1442916056,1494.0,1.008,BID
1442916060,1494.0,1.0,BID
1442916060,1494.0,0.5,BID
1442916060,1494.0,0.01,BID
1442916061,1494.0,0.11,BID
1442916061,1493.03,0.0832,ASK
1442916061,1494.0,1.0,BID
1442916063,1494.0,14.15,BID
1442916063,1494.0,1.0,BID
1442916064,1494.0,0.1,BID
1442916064,1494.0,0.5,BID
1442916066,1493.99,0.0832,BID
1442916066,1494.0,0.4168,BID
1442916066,1494.0,1.0,BID
1442916067,1494.0,0.0402,BID
1442916068,1494.0,20.153,BID
1442916068,1494.73,0.01,BID
1442916070,1494.73,1.731,BID
1442916071,1494.73,0.619,BID
1442916071,1494.91,0.65,BID
1442916071,1495.0,0.3,BID
1442916071,1496.0,1.0,BID
1442916076,1496.0,0.01,BID
1442916078,1495.73,0.1,ASK
1442916078,1495.43,0.49,BID
1442916081,1495.43,1.0,BID
1442916081,1495.99,0.5,BID
1442916082,1495.99,0.5,BID
1442916082,1496.0,0.01,BID
1442916084,1496.0,0.01,BID
1442916084,1496.0,1.0,BID
1442916084,1496.0,0.076,BID
1442916085,1494.75,12.0,BID
1442916085,1494.75,0.844,BID
1442916086,1496.0,1.0,BID
1442916087,1496.0,0.8905,BID
1442916087,1496.0,0.1095,BID
1442916087,1496.0,0.1905,BID
1442916087,1496.06,0.0998,BID
1442916087,1496.34,0.2097,BID
1442916088,1496.34,0.403,BID
1442916089,1496.34,1.18,BID
1442916090,1496.01,0.0901,ASK
1442916090,1496.0,0.0097,ASK
1442916090,1496.34,0.13,BID
1442916090,1496.33,7.0,ASK
1442916090,1496.33,0.79,ASK
1442916091,1496.0,0.1403,ASK
1442916091,1496.0,0.0097,BID
1442916091,1496.34,3.4773,BID
1442916091,1496.35,1.3,BID
1442916091,1496.35,0.01,BID
1442916092,1494.76,5.0,BID
1442916092,1494.76,5.569,BID
1442916092,1495.7,0.5,BID
1442916092,1495.7,0.1,BID
1442916095,1496.34,0.0901,BID
1442916095,1496.35,0.1949,BID
1442916097,1496.35,0.285,BID
1442916098,1496.95,0.07,BID
1442916098,1496.96,0.0798,BID
1442916098,1497.0,0.3,BID
1442916098,1497.2,0.0502,BID
1442916099,1495.06,13.0,BID
1442916099,1495.06,3.027,BID
1442916099,1497.2,0.01,BID
1442916105,1497.2,1.0,BID
1442916107,1497.2,1.0,BID
1442916108,1497.2,0.01,BID
1442916111,1497.0,5.7495,ASK
1442916113,1497.2,5.0,BID
1442916115,1497.2,1.0,BID
1442916116,1497.19,0.01,BID
1442916116,1497.19,0.6679,BID
1442916117,1497.01,0.0901,ASK
1442916117,1497.0,0.0097,ASK
1442916117,1497.19,0.435,BID
1442916118,1497.0,2.58,ASK
1442916119,1497.0,0.979,ASK
1442916119,1497.19,1.0,BID
1442916119,1497.0,12.6938,ASK
1442916119,1496.01,0.015,ASK
1442916119,1496.0,0.3,ASK
1442916119,1495.7,0.0976,BID
1442916120,1495.7,0.028,BID
1442916121,1496.98,0.017,BID
1442916123,1496.98,0.01,BID
1442916128,1495.99,1.0,BID
1442916128,1495.08,0.0156,ASK
1442916128,1495.07,5.0357,ASK
1442916128,1495.04,0.3673,ASK
1442916130,1495.99,0.01,BID
1442916132,1495.98,0.0807,BID
1442916132,1495.99,0.4193,BID
1442916132,1495.99,0.01,BID
1442916132,1495.99,0.745,BID
1442916133,1495.99,0.185,BID
1442916134,1495.09,0.0427,ASK
1442916134,1495.08,0.7373,ASK
1442916134,1495.99,0.9207,BID
1442916134,1496.98,0.0205,BID
1442916134,1496.98,0.0588,BID
1442916137,1496.99,0.037,BID
1442916137,1496.97,0.3415,BID
1442916137,1496.97,0.0427,BID
1442916137,1496.99,0.613,BID
1442916137,1496.99,0.0028,BID
1442916140,1496.99,0.01,BID
1442916141,1496.98,0.1,ASK
1442916142,1495.12,0.0155,ASK
1442916142,1495.12,0.0234,ASK
1442916142,1495.11,0.0609,ASK
1442916142,1495.11,0.7161,ASK
1442916142,1495.09,6.2395,ASK
1442916142,1495.08,0.1173,ASK
1442916142,1495.05,0.2729,ASK
1442916142,1495.04,0.6542,ASK
1442916148,1496.97,0.01,BID
1442916152,1496.96,0.1172,BID
1442916152,1496.97,0.0054,BID
1442916152,1496.97,0.8774,BID
1442916152,1496.97,0.1,BID
1442916154,1496.96,0.0363,BID
1442916154,1496.96,0.2268,BID
1442916154,1496.97,0.7369,BID
1442916155,1496.97,0.5,BID
1442916156,1496.96,0.01,BID
1442916157,1496.96,0.2972,BID
1442916157,1496.96,0.0333,BID
1442916157,1496.97,0.6695,BID
1442916159,1495.21,0.127,ASK
1442916159,1495.21,0.0362,ASK
1442916159,1495.21,0.0799,ASK
1442916159,1495.21,0.0333,ASK
1442916159,1495.2,0.9036,ASK
1442916164,1496.93,0.01,BID
1442916168,1496.93,0.04,BID
1442916169,1495.21,0.0998,ASK
1442916169,1496.92,0.1532,BID
1442916169,1496.93,0.8468,BID
1442916170,1496.9,0.5,BID
1442916172,1496.89,0.0206,BID
1442916172,1496.89,0.0127,BID
1442916172,1496.9,0.277,BID
1442916172,1496.92,0.6897,BID
1442916172,1496.89,0.01,BID
1442916173,1496.89,0.0348,BID
1442916173,1496.89,0.5,BID
1442916173,1496.92,0.2422,BID
1442916180,1496.91,0.5,BID
1442916180,1496.91,0.0548,BID
1442916180,1496.98,0.9452,BID
1442916181,1496.98,0.01,BID
1442916182,1496.98,1.5137,BID
1442916182,1496.99,0.6372,BID
1442916182,1496.99,0.3,BID
1442916182,1496.99,0.0292,BID
1442916185,1496.9,0.224,BID
1442916186,1496.9,0.1,BID
1442916187,1496.9,0.07,BID
1442916189,1496.9,0.01,BID
1442916191,1496.9,0.096,BID
1442916191,1496.9,0.324,BID
1442916191,1496.99,0.58,BID
1442916192,1496.99,2.4802,BID
1442916192,1496.99,0.5,BID
1442916192,1495.35,0.1534,ASK
1442916194,1496.89,0.106,BID
1442916194,1496.89,0.08,BID
1442916195,1496.89,0.234,BID
1442916195,1496.9,0.08,BID
1442916195,1496.99,0.5144,BID
1442916195,1497.0,0.1716,BID
1442916195,1497.0,0.1284,BID
1442916195,1497.19,0.3716,BID
1442916195,1497.18,20.409,BID
1442916197,1496.89,0.01,BID
1442916199,1496.89,0.234,BID
1442916200,1497.19,0.5,BID
1442916200,1496.0,0.0998,ASK
1442916201,1496.87,0.1,BID
1442916201,1496.87,0.053,BID
1442916201,1496.88,0.147,BID
1442916201,1496.88,0.097,BID
1442916201,1497.19,2.3833,BID
1442916201,1497.19,0.5,BID
1442916202,1497.19,0.256,BID
1442916206,1497.18,0.0901,BID
1442916206,1497.18,0.1469,BID
1442916208,1497.18,0.3531,BID
1442916208,1497.19,20.0,BID
1442916210,1497.18,0.146,BID
1442916210,1497.19,0.148,BID
1442916210,1497.19,0.7513,BID
1442916212,1497.18,0.5,BID
1442916212,1497.19,17.8898,BID
1442916213,1497.19,0.5,BID
1442916213,1497.2,4.5,BID
1442916213,1497.2,1.0,BID
1442916214,1497.2,0.01,BID
1442916215,1497.2,0.05,BID
1442916215,1497.2,0.085,BID
1442916216,1497.19,0.5,ASK
1442916217,1497.2,0.7456,BID
1442916218,1497.19,0.5,BID
1442916218,1497.19,0.1679,BID
1442916220,1497.19,0.01,BID
1442916220,1497.19,1.0,BID
1442916220,1497.19,0.1,BID
1442916220,1497.19,0.5,BID
1442916222,1497.19,0.5,BID
1442916222,1497.2,0.202,BID
1442916222,1497.2,0.01,BID
1442916225,1497.13,2.0,BID
1442916225,1497.18,0.4805,BID
1442916226,1497.18,0.0195,BID
1442916226,1497.2,0.1465,BID
1442916227,1497.2,0.1,BID
1442916228,1497.2,0.5,BID
1442916229,1497.19,0.019,BID
1442916230,1497.19,0.01,BID
1442916231,1496.02,0.0902,ASK
1442916231,1496.01,0.0096,ASK
1442916231,1497.19,0.1,BID
1442916231,1497.19,0.371,BID
1442916231,1497.2,1.349,BID
1442916235,1497.19,0.019,BID
1442916235,1497.19,0.481,BID
1442916235,1497.2,0.5,BID
1442916236,1496.02,2.0,BID
1442916236,1496.02,10.328,BID
1442916236,1497.18,0.0902,BID
1442916236,1497.19,0.4098,BID
1442916237,1497.19,0.0902,BID
1442916237,1497.2,0.01,BID
1442916239,1497.19,0.5,BID
1442916239,1497.2,4.7687,BID
1442916240,1497.2,0.388,BID
1442916241,1497.2,0.112,BID
1442916241,1497.34,0.042,BID
1442916241,1497.64,0.002,BID
1442916241,1497.96,0.344,BID
1442916242,1497.96,0.01,BID
1442916245,1497.95,0.5,BID
1442916245,1497.95,0.5,BID
1442916245,1497.95,0.01,BID
1442916248,1497.7,0.112,ASK
1442916248,1497.7,0.388,BID
1442916248,1497.96,0.612,BID
1442916251,1497.7,0.112,BID
1442916251,1497.96,0.888,BID
1442916252,1497.96,3.8232,BID
1442916252,1498.0,0.3,BID
1442916252,1498.24,0.004,BID
1442916253,1498.99,25.0,BID
1442916253,1498.99,7.813,BID
1442916253,1498.96,0.5,ASK
1442916253,1499.0,0.3,BID
1442916253,1499.0,0.2,BID
1442916254,1499.0,0.01,BID
1442916255,1499.0,0.1,BID
1442916255,1498.96,0.0838,ASK
1442916256,1498.96,0.634,ASK
1442916256,1498.96,0.1,ASK
1442916256,1498.96,0.0838,ASK
1442916256,1499.0,0.1882,BID
1442916257,1499.44,0.008,BID
1442916257,1499.55,0.492,BID
1442916257,1499.01,0.1,ASK
1442916257,1498.96,0.55,ASK
1442916257,1498.96,0.5,ASK
1442916258,1498.97,12.0,ASK
1442916258,1498.97,8.859,ASK
1442916258,1499.02,0.09,ASK
1442916258,1498.97,0.0098,ASK
1442916258,1499.55,0.76,BID
1442916258,1498.97,0.0746,ASK
1442916258,1498.96,0.5754,ASK
1442916259,1499.56,1.0,BID
1442916259,1498.96,0.0621,ASK
1442916259,1498.94,0.0319,BID
1442916261,1498.96,0.01,BID
1442916261,1498.96,0.0521,BID
1442916261,1499.55,0.0319,BID
1442916261,1499.55,0.09,BID
1442916261,1499.56,0.326,BID
1442916262,1497.08,0.5,ASK
1442916262,1499.55,0.094,BID
1442916262,1499.56,0.874,BID
1442916262,1499.56,0.032,BID
1442916263,1498.0,0.3,ASK
1442916264,1497.96,0.0901,BID
1442916264,1497.96,0.015,BID
1442916267,1497.44,0.0591,ASK
1442916267,1497.43,0.4409,ASK
1442916267,1497.9,0.5,BID
1442916267,1497.96,0.277,BID
1442916267,1497.96,0.069,BID
1442916268,1497.96,0.5,BID
1442916270,1497.96,0.01,BID
1442916270,1497.44,0.037,ASK
1442916270,1497.43,0.463,ASK
1442916273,1497.95,0.037,BID
1442916273,1497.96,0.063,BID
1442916274,1497.44,0.0139,ASK
1442916274,1497.43,0.2773,ASK
1442916276,1497.01,1.1454,ASK
1442916276,1497.0,4.4914,ASK
1442916277,1497.0,0.291,ASK
1442916277,1497.43,0.01,BID
1442916277,1497.43,0.07,BID
1442916279,1497.0,0.371,ASK
1442916280,1497.43,0.039,BID
1442916281,1497.43,0.0898,BID
1442916281,1497.95,0.015,BID
1442916281,1497.95,0.0139,BID
1442916281,1497.96,0.3813,BID
1442916281,1497.96,0.1,BID
1442916281,1497.0,0.371,ASK
1442916281,1497.96,1.0,BID
1442916283,1497.0,0.5,ASK
1442916283,1497.96,3.1153,BID
1442916284,1499.0,0.3,BID
1442916284,1499.47,1.6801,BID
1442916285,1499.47,0.01,BID
1442916286,1499.47,0.5,BID
1442916286,1499.47,1.0,BID
1442916287,1498.46,0.038,ASK
1442916287,1497.97,0.0142,ASK
1442916287,1497.96,0.4478,ASK
1442916287,1497.96,0.0998,ASK
1442916289,1497.97,0.33,ASK
1442916289,1497.96,0.17,ASK
1442916291,1498.0,0.05,BID
1442916291,1498.0,0.01,BID
1442916292,1498.0,0.3,BID
1442916292,1497.97,0.1015,ASK
1442916293,1497.97,0.3985,BID
1442916293,1498.0,0.1015,BID
1442916293,1498.0,0.6676,BID
1442916293,1498.0,0.6676,BID
1442916294,1498.0,0.01,BID
1442916294,1498.0,0.6676,BID
1442916295,1497.96,0.5,ASK
1442916295,1498.0,0.053,BID
1442916296,1497.99,5.0,BID
1442916296,1497.99,4.0,BID
1442916296,1497.99,6.143,BID
1442916296,1498.0,0.01,BID
1442916296,1497.96,0.65,ASK
1442916297,1497.96,0.65,ASK
1442916297,1497.99,0.017,BID
1442916298,1497.99,0.3049,BID
1442916298,1498.0,1.6951,BID
1442916298,1497.96,0.65,ASK
1442916298,1498.0,2.58,BID
1442916298,1498.0,0.1,BID
1442916298,1497.96,0.5,ASK
1442916299,1498.0,1.0,BID
1442916299,1498.0,0.6676,BID
1442916299,1498.0,0.3848,BID
1442916299,1498.96,0.0389,BID
1442916299,1498.97,0.0763,BID
1442916299,1497.96,3.2171,ASK
1442916299,1497.0,3.9756,ASK
1442916299,1497.0,0.3,ASK
1442916299,1497.0,1.7829,ASK
1442916300,1497.98,14.472,BID
1442916300,1497.99,0.0115,BID
1442916300,1498.5,0.5875,ASK
1442916300,1497.01,20.0,ASK
1442916300,1497.01,4.166,ASK
1442916301,1497.95,0.0625,BID
1442916301,1498.96,0.035,BID
1442916301,1498.97,0.7007,BID
1442916301,1498.99,0.015,BID
1442916301,1499.0,0.3,BID
1442916301,1499.45,0.0234,BID
1442916301,1499.46,0.8634,BID
1442916301,1497.96,0.01,BID
1442916302,1497.96,0.0625,BID
1442916303,1497.96,0.4275,BID
1442916303,1499.46,0.0725,BID
1442916304,1499.46,0.2128,BID
1442916304,1499.48,2.2674,BID
1442916304,1498.45,0.062,ASK
1442916304,1497.01,0.01,ASK
1442916308,1498.0,0.3,BID
1442916308,1499.47,0.01,BID
1442916308,1499.47,0.0901,BID
1442916308,1499.48,0.5999,BID
1442916308,1499.46,0.1,BID
1442916309,1499.46,0.01,BID
1442916309,1497.96,0.002,ASK
1442916313,1499.4,0.1,BID
1442916315,1498.01,0.015,ASK
1442916315,1498.01,0.0902,ASK
1442916315,1498.01,0.0248,ASK
1442916317,1498.02,0.0998,ASK
1442916317,1499.38,0.015,BID
1442916317,1499.39,0.5,BID
1442916317,1499.4,0.485,BID
1442916318,1499.4,0.01,BID
1442916320,1499.39,0.0998,BID
1442916320,1499.39,0.0902,BID
1442916320,1499.39,0.0248,BID
1442916324,1499.38,0.024,BID
1442916324,1499.39,0.176,BID
1442916324,1499.0,0.33,ASK
1442916325,1499.0,1.18,BID
1442916325,1499.0,0.0903,BID
1442916325,1499.0,0.0165,BID
1442916326,1499.0,0.01,BID
1442916327,1499.0,2.3732,BID
1442916327,1499.0,0.33,BID
1442916327,1499.38,0.015,BID
1442916327,1499.39,0.2992,BID
1442916327,1499.4,0.4826,BID
1442916328,1499.4,1.0,BID
1442916328,1499.4,1.18,BID
1442916328,1499.4,0.5,BID
1442916329,1499.39,4.0,BID
1442916329,1499.39,4.179,BID
1442916330,1499.0,0.1,ASK
1442916330,1498.04,0.0574,ASK
1442916330,1498.03,0.3426,ASK
1442916331,1498.04,16.947,ASK
1442916331,1499.4,1.18,BID
1442916333,1499.39,0.0903,BID
1442916333,1499.39,0.0589,BID
1442916333,1499.4,0.3508,BID
1442916334,1499.4,0.01,BID
1442916335,1499.39,0.149,BID
1442916338,1499.39,0.351,BID
1442916338,1499.39,0.149,BID
1442916344,1499.38,0.01,BID
1442916344,1499.38,0.002,BID
1442916344,1499.39,0.098,BID
1442916344,1498.06,0.0559,ASK
1442916344,1498.05,0.0439,ASK
1442916345,1499.39,0.035,BID
1442916346,1499.38,0.0559,BID
1442916346,1499.39,0.061,BID
1442916346,1499.39,0.0248,BID
1442916346,1499.39,0.021,BID
1442916346,1499.4,0.3373,BID
1442916347,1499.39,0.0112,BID
1442916347,1499.39,0.0008,BID
1442916348,1499.39,0.0351,BID
1442916348,1499.4,0.9649,BID
1442916348,1498.06,0.0385,ASK
1442916348,1498.05,0.7621,ASK
1442916348,1498.05,0.0358,ASK
1442916348,1498.05,0.2379,ASK
1442916352,1498.04,0.01,BID
1442916354,1498.04,0.1,BID
1442916354,1498.04,0.608,BID
1442916355,1498.04,0.6675,BID
1442916356,1498.04,0.5,BID
1442916356,1498.04,0.6675,BID
1442916357,1498.04,0.05,BID
1442916357,1498.04,0.6675,BID
1442916357,1498.04,1.8655,BID
1442916357,1499.0,0.0051,BID
1442916357,1499.38,0.8035,BID
1442916357,1499.39,0.0385,BID
1442916357,1499.39,0.0358,BID
1442916357,1499.39,5.0,BID
1442916357,1499.4,2.2516,BID
1442916359,1499.39,0.2379,BID
1442916359,1499.4,0.5861,BID
1442916359,1499.4,0.01,BID
1442916361,1499.4,0.5,BID
1442916361,1499.4,0.0517,BID
1442916361,1499.4,4.7324,BID
1442916361,1499.4,0.237,BID
1442916361,1498.56,7.0,BID
1442916361,1498.56,11.241,BID
1442916363,1498.55,0.0412,ASK
1442916363,1498.55,0.0903,ASK
1442916363,1498.54,0.824,ASK
1442916363,1498.02,0.0284,ASK
1442916363,1498.01,0.3433,ASK
1442916363,1498.0,0.3,ASK
1442916363,1498.0,2.8728,ASK
1442916363,1499.4,2.9761,BID
1442916364,1499.4,0.017,BID
1442916364,1499.4,0.1,BID
1442916364,1498.01,0.0476,ASK
1442916365,1499.39,0.0412,BID
1442916365,1499.39,0.0284,BID
1442916365,1499.4,0.0304,BID
1442916365,1499.39,0.0412,BID
1442916365,1499.4,0.0284,BID
1442916366,1499.4,1.0,BID
1442916366,1499.4,0.175,BID
1442916368,1499.38,0.01,BID
1442916368,1499.38,0.0803,BID
1442916368,1499.4,0.0197,BID
1442916369,1498.56,0.0998,ASK
1442916370,1499.4,1.0,BID
1442916370,1499.4,0.077,BID
1442916370,1499.4,0.5,BID
1442916370,1499.4,0.5,BID
1442916372,1499.0,0.3,BID
1442916372,1499.39,0.3453,BID
1442916372,1499.4,0.3547,BID
1442916372,1499.4,0.0957,BID
1442916372,1499.48,0.4043,BID
1442916373,1499.47,0.063,BID
1442916373,1499.47,0.0143,BID
1442916373,1499.48,0.0757,BID
1442916374,1499.48,0.0225,BID
1442916375,1499.47,0.0225,BID
1442916375,1499.48,0.9775,BID
1442916376,1499.48,0.01,BID
1442916379,1499.48,1.823,BID
1442916379,1499.48,0.1,BID
1442916381,1499.48,0.158,BID
1442916382,1499.48,0.5,BID
1442916384,1499.48,1.693,BID
1442916384,1499.48,1.0,BID
1442916384,1499.48,0.01,BID
1442916387,1499.48,0.1,BID
1442916388,1499.47,4.0,BID
1442916388,1499.47,1.0,BID
1442916388,1499.47,12.721,BID
1442916388,1499.48,0.247,BID
1442916389,1499.48,0.0117,BID
1442916389,1500.0,0.3,BID
1442916389,1500.0,0.6883,BID
1442916390,1500.0,0.0117,BID
1442916390,1500.0,0.2463,BID
1442916393,1500.0,0.01,BID
1442916394,1500.0,3.5,BID
1442916394,1500.0,1.0,BID
1442916395,1500.0,0.2474,BID
1442916395,1499.85,1.0,ASK
1442916395,1500.0,6.8871,BID
1442916396,1500.0,0.5,BID
1442916396,1499.0,0.0998,ASK
1442916398,1500.0,14.0,BID
1442916400,1500.0,0.5,BID
1442916400,1500.0,0.01,BID
1442916401,1500.0,0.3767,BID
1442916403,1500.0,0.5,BID
1442916404,1499.01,0.01,ASK
1442916404,1499.0,0.2002,ASK
1442916404,1498.13,0.0126,ASK
1442916404,1498.13,0.0574,ASK
1442916404,1498.12,1.1471,ASK
1442916404,1498.11,3.6034,ASK
1442916405,1499.03,1.0,ASK
1442916405,1499.03,3.198,ASK
1442916405,1500.0,0.7243,BID
1442916405,1499.02,0.0903,ASK
1442916405,1498.13,4.4026,ASK
1442916407,1499.99,0.01,BID
1442916407,1499.99,0.019,BID
1442916407,1499.99,0.0574,BID
1442916407,1500.0,0.4136,BID
1442916407,1500.0,0.0846,BID
1442916407,1500.0,0.692,BID
1442916407,1501.0,0.2234,BID
1442916408,1499.98,0.01,BID
1442916409,1499.98,0.0803,BID
1442916409,1501.0,0.0061,BID
1442916410,1501.0,0.0705,BID
1442916410,1501.17,0.4295,BID
1442916410,1501.17,0.0803,BID
1442916411,1500.0,0.015,BID
1442916412,1500.0,0.0705,BID
1442916413,1500.0,0.2145,BID
1442916413,1501.16,0.2855,BID
1442916413,1501.16,0.285,BID
1442916416,1501.16,3.4973,BID
1442916417,1500.98,0.01,BID
1442916417,1500.98,0.5,BID
1442916420,1500.98,0.1277,BID
1442916420,1501.16,0.3348,BID
1442916420,1501.17,0.0375,BID
1442916420,1500.01,0.015,ASK
1442916420,1500.0,0.285,ASK
1442916423,1500.0,0.015,ASK
1442916423,1499.79,0.0458,ASK
1442916423,1499.78,0.039,ASK
1442916423,1501.16,0.015,BID
1442916423,1501.19,0.985,BID
1442916424,1501.19,0.5,BID
1442916424,1501.18,0.46,BID
1442916425,1501.0,0.01,BID
1442916426,1501.0,1.0,BID
1442916426,1501.0,2.4377,BID
1442916427,1501.0,0.5,BID
1442916427,1500.99,0.463,BID
1442916430,1500.99,0.0458,BID
1442916430,1501.0,0.4542,BID
1442916430,1501.0,0.045,BID
1442916432,1501.0,0.01,BID
1442916433,1499.81,0.0903,ASK
1442916433,1499.8,0.3141,ASK
1442916433,1499.79,4.6664,ASK
1442916433,1501.0,0.038,BID
1442916433,1501.0,0.5,BID
1442916438,1500.99,0.5,BID
1442916440,1500.98,0.0903,BID
1442916440,1500.99,0.9097,BID
1442916441,1500.99,0.5,BID
1442916441,1500.99,0.01,BID
1442916442,1500.98,1.0,BID
1442916443,1500.07,1.496,ASK
1442916443,1499.84,0.0904,ASK
1442916443,1499.82,0.4136,ASK
1442916444,1500.98,0.5,BID
1442916447,1500.97,0.0904,BID
1442916447,1500.97,0.0891,BID
1442916447,1500.98,0.3205,BID
1442916449,1500.97,0.01,BID
1442916450,1500.97,0.005,BID
1442916450,1500.97,0.1273,BID
1442916450,1500.98,0.3677,BID
1442916451,1500.97,2.0,BID
1442916451,1500.97,7.0,BID
1442916451,1500.97,2.191,BID
1442916456,1499.82,0.0998,BID
1442916456,1500.97,0.4151,BID
1442916456,1500.98,0.4851,BID
1442916457,1500.98,0.01,BID
1442916459,1500.97,0.0827,BID
1442916459,1500.98,0.9173,BID
1442916461,1500.9,1.0,BID
1442916462,1500.9,0.001,BID
1442916465,1500.9,0.01,BID
1442916467,1500.9,0.0411,BID
1442916471,1500.9,0.552,BID
1442916473,1500.9,0.01,BID
1442916474,1500.9,2.539,BID
1442916474,1500.9,1.0,BID
1442916474,1500.9,1.0,BID
1442916476,1500.9,0.734,BID
1442916476,1500.98,0.266,BID
1442916477,1500.98,0.1,BID
1442916477,1500.98,0.06,BID
1442916480,1500.98,0.1,BID
1442916481,1500.98,0.01,BID
1442916481,1500.98,0.189,BID
1442916482,1500.98,0.3408,BID
1442916482,1501.0,0.4642,BID
1442916483,1500.99,0.113,BID
1442916484,1501.0,0.539,BID
1442916485,1501.0,0.1,BID
1442916487,1501.0,0.14,BID
1442916488,1501.0,0.013,BID
1442916488,1499.85,0.0905,ASK
1442916488,1499.85,1.1478,ASK
1442916488,1499.84,0.5402,ASK
1442916488,1499.84,0.0263,ASK
1442916488,1499.83,0.4263,ASK
1442916488,1499.83,0.1001,ASK
1442916489,1499.82,0.01,BID
1442916489,1499.82,0.0634,BID
1442916491,1499.82,2.7336,BID
1442916492,1500.82,0.0734,ASK
1442916494,1499.83,0.0264,BID
1442916495,1500.82,0.0734,BID
1442916495,1500.99,0.9266,BID
1442916497,1500.81,0.01,BID
1442916501,1500.6,1.0,BID
1442916503,1500.59,0.0263,BID
1442916503,1500.59,0.031,BID
1442916503,1500.59,0.0324,BID
1442916503,1500.59,0.0805,BID
1442916503,1500.6,0.7198,BID
1442916504,1500.6,0.012,BID
1442916505,1500.6,0.01,BID
1442916507,1500.6,1.0,BID
1442916507,1500.6,0.036,BID
1442916511,1500.6,0.397,BID
1442916512,1499.79,0.0438,ASK
1442916512,1499.78,0.4554,ASK
1442916512,1500.6,1.0,BID
1442916513,1500.6,0.01,BID
1442916514,1500.6,0.081,BID
1442916516,1499.96,0.03,BID
1442916518,1499.96,0.0698,BID
1442916518,1500.58,0.0292,BID
1442916519,1500.58,0.0146,BID
1442916519,1500.59,0.9854,BID
1442916521,1500.59,0.01,BID
1442916521,1500.59,0.1502,BID
1442916521,1500.59,1.0666,BID
1442916521,1500.6,9.7342,BID
1442916521,1501.0,21.0289,BID
1442916521,1501.0,0.3,BID
1442916521,1501.19,4.1995,BID
1442916521,1501.84,0.017,BID
1442916521,1501.9,0.0998,BID
1442916521,1502.0,0.3,BID
1442916521,1502.0,10.0,BID
1442916521,1502.8,3.5659,BID
1442916521,1502.81,5.7599,BID
1442916521,1503.0,0.3,BID
1442916521,1503.69,6.9,BID
1442916521,1504.0,0.3,BID
1442916521,1504.0,20.0,BID
1442916521,1504.0,2.0,BID
1442916521,1504.01,0.0998,BID
1442916521,1504.2,2.7833,BID
1442916521,1504.3,4.0,BID
1442916521,1504.4,5.0,BID
1442916521,1504.4,4.0,BID
1442916521,1504.43,5.404,BID
1442916521,1504.5,4.0,BID
1442916521,1504.5,5.0,BID
1442916521,1504.6,4.0,BID
1442916521,1504.6,5.0,BID
1442916521,1504.7,4.0,BID
1442916521,1504.7,5.0,BID
1442916521,1504.8,5.0,BID
1442916521,1504.8,4.0,BID
1442916521,1504.9,5.0,BID
1442916521,1504.9,4.0,BID
1442916521,1504.98,0.1,BID
1442916521,1505.0,49.7208,BID
1442916521,1500.46,0.001,ASK
1442916522,1500.47,26.0,BID
1442916522,1500.47,49.97,BID
1442916522,1504.09,5.0,BID
1442916522,1504.09,23.0,BID
1442916522,1504.09,10.464,BID
1442916522,1504.09,24.0,BID
1442916522,1504.09,126.0,BID
1442916528,1502.51,1.0,ASK
1442916528,1502.51,0.012,BID
1442916528,1503.68,0.0012,BID
1442916528,1504.1,0.9868,BID
1442916530,1504.09,0.01,BID
1442916530,1504.3,0.01,BID
1442916533,1503.0,0.3,ASK
1442916537,1504.3,1.0,BID
1442916537,1504.3,0.01,BID
1442916539,1504.3,3.98,BID
1442916539,1504.43,5.0403,BID
1442916539,1504.9,0.9797,BID
1442916545,1504.0,0.01,BID
1442916548,1502.93,0.0998,BID
1442916548,1504.0,0.29,BID
1442916552,1504.01,0.0555,ASK
1442916552,1504.0,1.1102,ASK
1442916552,1502.21,0.0904,ASK
1442916552,1502.21,0.775,ASK
1442916552,1502.15,0.057,ASK
1442916552,1502.14,1.1405,ASK
1442916552,1502.11,0.3392,ASK
1442916552,1502.1,4.0,ASK
1442916552,1502.1,2.7833,ASK
1442916552,1502.0,0.3,ASK
1442916552,1502.0,5.0,ASK
1442916552,1501.9,5.0,ASK
1442916552,1501.8,5.0,ASK
1442916552,1501.7,5.0,ASK
1442916552,1501.6,5.0,ASK
1442916552,1501.15,0.002,ASK
1442916552,1501.0,0.3,ASK
1442916552,1500.88,5.0589,ASK
1442916553,1500.33,3.6686,BID
1442916554,1504.3,0.01,BID
1442916559,1502.24,0.3,ASK
1442916563,1502.98,0.01,BID
1442916563,1502.98,0.0804,BID
1442916563,1502.99,0.015,BID
1442916563,1503.0,0.2046,BID
1442916566,1502.24,0.7,ASK
1442916572,1502.02,0.0904,ASK
1442916572,1502.01,0.015,ASK
1442916572,1502.0,0.2096,ASK
1442916573,1502.23,0.01,BID
1442916573,1502.23,0.39,BID
1442916573,1502.24,0.7,BID
1442916573,1502.7,0.0998,ASK
1442916573,1502.7,0.315,ASK
1442916573,1502.01,2.0,ASK
1442916573,1502.01,9.587,ASK
1442916574,1502.01,0.066,BID
1442916575,1502.2,0.0904,ASK
1442916575,1502.2,0.595,ASK
1442916576,1502.3,1.18,ASK
1442916577,1502.3,0.0904,ASK
1442916578,1502.3,1.5,ASK
1442916578,1502.3,2.2296,ASK
1442916578,1502.3,1.5904,ASK
1442916579,1502.3,0.9048,ASK
1442916579,1502.2,0.2752,ASK
1442916580,1502.2,2.0,ASK
1442916581,1502.29,0.01,BID
1442916582,1502.29,0.05,BID
1442916583,1502.28,0.037,BID
1442916583,1502.28,0.0904,BID
1442916583,1502.29,0.31,BID
1442916583,1502.29,0.37,BID
1442916585,1502.3,4.0,ASK
1442916585,1502.21,0.1211,ASK
1442916585,1502.2,1.9734,ASK
1442916585,1502.2,4.0,ASK
1442916585,1502.1,4.0,ASK
1442916585,1502.0,0.0555,ASK
1442916587,1502.4,2.58,ASK
1442916587,1502.93,0.01,BID
1442916588,1502.4,0.6126,ASK
1442916588,1502.31,0.0904,ASK
1442916588,1502.0,0.0349,ASK
1442916588,1502.0,0.4421,ASK
1442916593,1503.0,0.01,BID
1442916599,1502.0,0.01,ASK
1442916599,1501.91,0.02,ASK
1442916599,1502.9,0.01,BID
1442916600,1502.89,3.0,ASK
1442916600,1502.89,2.0,ASK
1442916600,1502.89,1.047,ASK
1442916605,1502.5,0.01,BID
1442916611,1502.49,0.01,BID
1442916613,1501.4,2.8489,ASK
1442916618,1502.46,0.01,BID
1442916619,1501.4,0.2539,ASK
1442916623,1502.44,0.01,BID
1442916632,1501.4,0.01,BID
1442916638,1501.39,0.01,BID
1442916644,1501.4,0.01,BID
1442916649,1501.4,0.01,BID
1442916650,1501.3,0.3,ASK
1442916653,1501.4,0.0698,BID
1442916653,1501.95,1.9102,BID
1442916653,1501.0,0.3,ASK
1442916654,1501.0,0.01,BID
1442916656,1501.0,0.1551,BID
1442916656,1501.0,0.29,BID
1442916656,1501.0,0.48,BID
1442916657,1501.0,0.2751,BID
1442916657,1501.0,0.0959,BID
1442916657,1501.0,0.0039,BID
1442916657,1501.0,0.1512,BID
1442916658,1501.0,0.6039,BID
1442916660,1501.39,0.01,BID
1442916661,1500.9,4.0,ASK
1442916662,1501.92,0.0382,BID
1442916662,1501.93,0.765,BID
1442916662,1501.93,0.1096,BID
1442916662,1501.94,0.0872,BID
1442916663,1501.3,3.241,ASK
1442916665,1500.9,0.01,BID
1442916667,1500.9,0.749,BID
1442916670,1500.8,0.1551,ASK
1442916670,1500.7,3.8449,ASK
1442916670,1500.7,0.1551,ASK
1442916670,1500.69,0.01,BID
1442916671,1500.33,0.0107,ASK
1442916672,1500.33,0.0053,ASK
1442916672,1500.0,0.3,ASK
1442916672,1500.0,5.0,ASK
1442916674,1500.0,2.492,BID
1442916675,1500.0,2.0,BID
1442916675,1500.0,0.2027,BID
1442916675,1500.0,2.3773,BID
1442916676,1500.0,2.492,BID
1442916677,1499.99,0.01,BID
1442916677,1499.95,0.008,ASK
1442916677,1499.78,0.042,ASK
1442916677,1499.78,0.3789,ASK
1442916677,1499.68,1.5845,ASK
1442916678,1499.0,0.02,ASK
1442916679,1499.68,0.05,BID
1442916679,1499.98,0.0954,BID
1442916679,1499.99,0.0804,BID
1442916679,1500.0,1.7742,BID
1442916680,1500.0,0.0648,BID
1442916680,1500.0,1.0,BID
1442916682,1499.99,0.0142,BID
1442916682,1499.99,0.2118,BID
1442916683,1499.0,0.28,ASK
1442916683,1499.0,0.6887,ASK
1442916683,1499.98,0.01,BID
1442916684,1499.01,0.0905,ASK
1442916684,1499.01,0.1541,ASK
1442916684,1499.0,0.9444,ASK
1442916687,1499.97,0.0905,BID
1442916687,1499.98,0.1095,BID
1442916689,1499.95,0.01,BID
1442916696,1499.0,1.1698,ASK
1442916697,1498.99,0.0002,BID
1442916700,1499.01,0.0904,ASK
1442916700,1498.5,10.0,ASK
1442916701,1498.5,0.01,BID
1442916704,1498.5,0.18,BID
1442916706,1498.48,0.01,BID
1442916712,1498.48,0.01,BID
1442916715,1498.48,0.014,BID
1442916715,1498.5,0.275,BID
1442916718,1498.5,0.01,BID
1442916723,1498.49,0.01,BID
1442916728,1498.0,0.3,ASK
1442916728,1498.0,2.117,ASK
1442916728,1498.0,0.2,ASK
1442916728,1498.0,0.1,ASK
1442916729,1498.5,0.01,BID
1442916731,1498.0,0.0998,ASK
1442916733,1498.49,0.0395,BID
1442916733,1498.49,0.0371,BID
1442916733,1498.5,1.3974,BID
1442916735,1498.5,0.01,BID
1442916739,1498.5,0.0172,BID
1442916739,1498.5,0.013,BID
1442916739,1498.5,0.017,BID
1442916739,1498.5,0.012,BID
1442916739,1498.5,0.018,BID
1442916739,1498.5,0.012,BID
1442916739,1498.5,0.018,BID
1442916739,1498.5,0.017,BID
1442916739,1498.5,0.013,BID
1442916739,1498.5,0.013,BID
1442916739,1498.5,0.017,BID
1442916739,1498.98,0.0328,BID
1442916740,1498.01,11.0,BID
1442916740,1498.01,9.956,BID
1442916740,1498.49,0.01,BID
1442916741,1498.98,0.0813,BID
1442916741,1498.99,1.2537,BID
1442916741,1498.4,0.167,BID
1442916742,1498.4,0.01,BID
1442916743,1498.4,1.957,BID
1442916745,1498.4,1.0,BID
1442916745,1498.4,1.022,BID
1442916746,1498.4,0.145,BID
1442916746,1498.4,1.534,BID
1442916746,1498.4,0.01,BID
1442916747,1498.4,1.0,BID
1442916747,1498.4,0.2,BID
1442916749,1498.18,0.001,BID
1442916749,1498.4,0.049,BID
1442916752,1498.4,0.01,BID
1442916755,1498.01,0.0998,BID
1442916755,1498.4,1.0902,BID
1442916755,1498.4,0.368,BID
1442916759,1498.4,0.01,BID
1442916760,1498.4,0.06,BID
1442916762,1498.39,0.01,BID
1442916762,1498.4,0.99,BID
1442916763,1498.4,0.134,BID
1442916764,1498.4,0.01,BID
1442916766,1498.4,0.022,BID
1442916766,1498.4,0.641,BID
1442916768,1498.01,0.1242,ASK
1442916768,1498.0,0.2749,ASK
1442916768,1498.4,1.0,BID
1442916770,1498.39,0.05,BID
1442916770,1498.39,0.01,BID
1442916771,1498.39,0.0642,BID
1442916771,1498.4,0.1358,BID
1442916773,1498.4,0.04,BID
1442916774,1498.0,2.2083,ASK
1442916775,1498.0,1.0,BID
1442916775,1498.0,0.01,BID
1442916776,1498.0,0.016,BID
1442916776,1498.0,5.7943,BID
1442916777,1498.0,3.036,BID
1442916778,1498.0,0.017,BID
1442916778,1498.0,0.01,BID
1442916780,1498.0,0.114,BID
1442916780,1497.97,4.0,BID
1442916780,1497.97,9.681,BID
1442916781,1498.0,0.4988,BID
1442916781,1498.0,0.014,BID
1442916781,1498.0,0.016,BID
1442916781,1498.0,0.014,BID
1442916781,1498.0,0.016,BID
1442916781,1498.0,0.1382,BID
1442916781,1498.0,0.01,BID
1442916781,1498.0,0.1899,BID
1442916781,1498.0,0.02,BID
1442916781,1498.0,0.017,BID
1442916781,1498.0,0.013,BID
1442916781,1498.4,0.7601,BID
1442916783,1498.0,0.02,BID
1442916784,1498.4,0.02,BID
1442916785,1498.16,0.017,ASK
1442916785,1498.16,0.053,ASK
1442916785,1497.96,0.019,ASK
1442916786,1497.72,0.0278,BID
1442916786,1498.0,0.013,BID
1442916786,1498.4,0.0002,BID
1442916786,1498.4,0.21,BID
1442916787,1498.15,0.07,BID
1442916787,1498.4,0.93,BID
1442916787,1498.4,0.01,BID
1442916788,1498.11,0.04,ASK
1442916792,1497.71,0.0399,BID
1442916792,1498.39,0.0701,BID
1442916792,1498.39,0.2,BID
1442916793,1498.39,0.039,BID
1442916793,1498.39,1.0,BID
1442916793,1498.21,0.019,ASK
1442916793,1498.21,0.011,ASK
1442916794,1498.39,0.01,BID
1442916798,1498.39,0.012,BID
1442916798,1498.39,0.012,BID
1442916798,1498.39,0.018,BID
1442916798,1498.4,0.512,BID
1442916799,1498.4,0.01,BID
1442916800,1498.4,1.0,BID
1442916801,1498.4,0.13,BID
1442916802,1498.4,0.081,BID
1442916802,1498.4,0.1,BID
1442916805,1498.4,0.01,BID
1442916806,1498.4,1.0,BID
1442916808,1498.4,0.999,BID
1442916809,1498.4,0.039,BID
1442916811,1498.4,0.01,BID
1442916811,1498.4,0.3,BID
1442916812,1498.4,0.252,BID
1442916813,1498.4,1.0,BID
1442916814,1497.82,0.01,ASK
1442916814,1497.72,0.0399,ASK
1442916814,1497.55,0.017,ASK
1442916814,1497.47,0.0329,BID
1442916814,1498.4,0.4171,BID
1442916815,1498.4,0.166,BID
1442916816,1498.4,0.01,BID
1442916817,1498.4,5.0,BID
1442916817,1498.4,0.443,BID
1442916820,1498.4,0.032,BID
1442916822,1498.4,0.091,BID
1442916823,1498.4,0.444,BID
1442916823,1498.4,0.7994,BID
1442916823,1498.4,0.016,BID
1442916823,1498.4,0.018,BID
1442916823,1498.4,0.012,BID
1442916823,1498.4,0.016,BID
1442916823,1498.4,0.014,BID
1442916823,1498.4,0.019,BID
1442916823,1498.4,0.011,BID
1442916823,1498.4,0.016,BID
1442916823,1498.4,0.014,BID
1442916823,1498.4,0.014,BID
1442916823,1498.4,0.016,BID
1442916823,1498.58,0.0346,BID
1442916823,1498.58,0.01,BID
1442916825,1498.4,0.015,BID
1442916825,1498.4,0.015,BID
1442916825,1498.58,0.97,BID
1442916826,1498.4,0.013,ASK
1442916826,1498.58,0.012,BID
1442916827,1498.58,0.011,BID
1442916827,1498.58,0.791,BID
1442916827,1498.4,0.017,ASK
1442916828,1498.58,0.01,BID
1442916829,1498.58,1.0,BID
1442916830,1498.58,0.052,BID
1442916830,1498.58,0.0301,BID
1442916831,1498.58,0.603,BID
1442916833,1498.58,2.598,BID
1442916834,1498.58,0.01,BID
1442916835,1498.58,1.0,BID
1442916837,1498.58,0.1,BID
1442916840,1498.58,0.01,BID
1442916841,1498.41,0.0147,ASK
1442916841,1498.41,0.0851,ASK
1442916842,1498.41,0.0021,ASK
1442916842,1498.4,0.1098,ASK
1442916843,1498.57,0.0147,BID
1442916843,1498.57,0.0851,BID
1442916843,1498.58,0.9002,BID
1442916844,1498.58,0.1119,BID
1442916845,1498.58,0.01,BID
1442916847,1498.58,1.0,BID
1442916847,1498.41,0.1019,ASK
1442916847,1498.4,1.9273,ASK
1442916847,1498.15,0.0533,ASK
1442916847,1498.14,0.4975,ASK
1442916851,1498.57,0.01,BID
1442916852,1498.56,0.01,BID
1442916852,1498.57,0.094,BID
1442916852,1498.57,0.0533,BID
1442916852,1498.58,0.8427,BID
1442916853,1498.57,0.02,BID
1442916853,1498.58,0.137,BID
1442916857,1498.58,0.01,BID
1442916859,1498.58,1.0,BID
1442916863,1498.58,0.01,BID
1442916867,1498.58,1.0,BID
1442916867,1498.58,1.0,BID
1442916869,1498.15,0.0265,ASK
1442916869,1498.14,0.0733,ASK
1442916875,1498.57,0.01,BID
1442916875,1498.57,0.0265,BID
1442916875,1498.57,0.018,BID
1442916875,1498.57,0.012,BID
1442916875,1498.58,0.9335,BID
1442916878,1498.57,0.01,BID
1442916884,1498.57,0.01,BID
1442916889,1498.56,0.01,BID
1442916894,1498.56,0.01,BID
1442916896,1498.15,0.0248,ASK
1442916896,1498.14,0.075,ASK
1442916901,1498.56,0.01,BID
1442916901,1498.56,0.003,BID
1442916901,1498.56,0.013,BID
1442916901,1498.56,0.017,BID
1442916901,1498.56,0.016,BID
1442916901,1498.56,0.014,BID
1442916901,1498.56,0.014,BID
1442916901,1498.56,0.016,BID
1442916901,1498.56,0.014,BID
1442916901,1498.56,0.016,BID
1442916901,1498.57,0.015,BID
1442916901,1498.57,0.0248,BID
1442916901,1498.58,0.8027,BID
1442916901,1498.72,0.006,BID
1442916901,1499.0,0.0285,BID
1442916905,1498.55,0.01,BID
1442916905,1498.56,0.013,BID
1442916905,1498.56,0.017,BID
1442916905,1498.56,0.019,BID
1442916905,1498.56,0.011,BID
1442916905,1498.56,0.018,BID
1442916905,1498.56,0.012,BID
1442916905,1499.0,0.2715,BID
1442916905,1499.0,0.6285,BID
1442916907,1498.16,19.719,BID
1442916907,1498.55,0.01,BID
1442916914,1498.55,0.008,BID
1442916914,1498.55,0.002,BID
1442916915,1498.01,0.1353,ASK
1442916915,1498.01,0.0155,ASK
1442916915,1498.01,0.0458,ASK
1442916915,1498.0,5.0,ASK
1442916923,1498.01,0.015,ASK
1442916931,1498.0,0.01,ASK
1442916948,1498.0,0.0998,ASK
1442916949,1498.0,0.1902,ASK
1442916949,1498.0,0.4598,ASK
1442916950,1498.0,0.65,ASK
1442916950,1498.0,3.8902,ASK
1442916955,1497.99,0.65,BID
1442916955,1498.0,0.35,BID
1442916956,1498.0,0.65,BID
1442916956,1498.0,0.65,BID
1442916962,1498.0,1.0,BID
1442916963,1497.77,3.0,BID
1442916963,1497.77,14.287,BID
1442916966,1497.99,0.0418,BID
1442916966,1497.99,0.0935,BID
1442916966,1498.0,0.8647,BID
1442916967,1497.99,0.0763,BID
1442916967,1498.0,0.5913,BID
1442916968,1498.0,0.177,BID
1442916968,1498.0,0.1353,BID
1442916973,1497.99,0.016,BID
1442916973,1497.99,0.014,BID
1442916973,1497.99,0.016,BID
1442916973,1497.99,0.014,BID
1442916973,1498.0,0.94,BID
1442916973,1498.0,0.011,BID
1442916974,1497.99,0.012,BID
1442916974,1498.0,0.4851,BID
1442916975,1497.76,0.01,ASK
1442916975,1497.76,0.0674,ASK
1442916975,1497.75,0.0224,ASK
1442916976,1497.75,0.0774,ASK
1442916980,1497.99,0.018,BID
1442916980,1497.99,0.0674,BID
1442916980,1497.99,0.012,BID
1442916980,1498.0,0.2554,BID
1442916980,1498.0,0.6472,BID
1442916981,1497.99,0.018,BID
1442916981,1498.0,0.0594,BID
1442916983,1497.99,0.02,BID
1442916983,1497.99,0.015,BID
1442916983,1497.99,0.015,BID
1442916983,1498.0,0.035,BID
1442916987,1498.0,1.0,BID
1442916994,1498.0,1.0,BID
1442917001,1498.0,1.0,BID
1442917003,1497.76,0.0625,ASK
1442917004,1497.75,0.0625,ASK
1442917008,1497.76,0.0373,BID
1442917008,1497.76,0.014,BID
1442917008,1497.76,0.016,BID
1442917008,1497.99,0.0625,BID
1442917008,1498.0,0.8702,BID
1442917009,1497.76,0.015,BID
1442917009,1497.76,0.015,BID
1442917012,1497.77,0.0073,ASK
1442917017,1497.75,0.01,ASK
1442917032,1497.76,0.014,BID
1442917032,1497.76,0.015,BID
1442917032,1497.76,0.015,BID
1442917032,1497.76,0.012,BID
1442917032,1497.76,0.018,BID
1442917032,1497.76,0.016,BID
1442917032,1497.76,0.014,BID
1442917032,1497.76,0.015,BID
1442917032,1497.76,0.015,BID
1442917033,1497.8,0.0998,ASK
1442917043,1497.8,0.7662,ASK
1442917043,1497.75,1.1765,ASK
1442917043,1497.74,0.9497,ASK
1442917062,1497.1,0.0998,ASK
1442917066,1497.57,0.01,BID
1442917066,1497.58,0.01,BID
1442917071,1497.48,0.856,ASK
1442917071,1497.1,0.4002,ASK
1442917071,1497.09,0.004,ASK
1442917071,1497.0,3.2171,ASK
1442917071,1497.0,0.3,ASK
1442917073,1497.0,5.3928,BID
1442917076,1497.0,5.9165,BID
1442917087,1496.06,0.0998,ASK
1442917093,1496.97,0.01,BID
1442917093,1496.98,0.0906,BID
1442917093,1496.99,4.8994,BID
1442917095,1497.0,20.0,BID
1442917103,1497.0,0.03,BID
1442917106,1497.0,0.047,BID
1442917107,1497.0,1.0,BID
1442917110,1497.0,0.03,BID
1442917111,1496.53,0.0906,ASK
1442917111,1496.52,0.0092,ASK
1442917113,1497.0,1.0,BID
1442917114,1497.0,0.04,BID
1442917120,1497.0,0.09,BID
1442917121,1496.99,0.0906,BID
1442917121,1497.0,0.9094,BID
1442917121,1497.0,3.727,BID
1442917123,1497.47,0.201,BID
1442917125,1497.47,0.09,BID
1442917126,1497.47,0.09,BID
1442917135,1497.01,0.0576,ASK
1442917135,1497.01,0.217,ASK
1442917135,1497.01,0.0203,ASK
1442917135,1497.0,6.773,ASK
1442917135,1497.0,27.36,ASK
1442917135,1496.52,0.599,ASK
1442917135,1496.27,0.8386,ASK
1442917135,1496.07,4.5308,ASK
1442917135,1496.06,6.3988,ASK
1442917135,1496.05,5.1942,ASK
1442917135,1497.47,0.269,BID
1442917135,1497.75,0.731,BID
1442917136,1497.75,0.269,BID
1442917137,1497.02,0.0906,ASK
1442917138,1497.0,0.0092,BID
1442917139,1497.02,0.0008,ASK
1442917140,1497.0,0.0122,BID
1442917140,1497.0,0.017,BID
1442917140,1497.0,0.015,BID
1442917140,1497.0,0.015,BID
1442917141,1497.73,0.066,BID
1442917142,1497.73,0.0982,BID
1442917142,1497.74,0.0576,BID
1442917142,1497.74,0.015,BID
1442917142,1497.74,0.015,BID
1442917142,1497.74,0.013,BID
1442917142,1497.75,0.8012,BID
1442917145,1497.73,0.05,BID
1442917146,1497.73,0.0406,BID
1442917146,1497.73,0.018,BID
1442917146,1497.73,0.012,BID
1442917146,1497.74,0.017,BID
1442917146,1497.74,0.013,BID
1442917146,1497.74,0.017,BID
1442917146,1497.74,0.0292,BID
1442917146,1497.74,0.8532,BID
1442917147,1496.06,7.569,BID
1442917150,1497.73,6.25,BID
1442917150,1497.73,0.0325,BID
1442917150,1497.74,5.5455,BID
1442917150,1497.75,0.5548,BID
1442917150,1497.75,0.016,BID
1442917150,1497.79,0.65,BID
1442917150,1497.8,0.0663,BID
1442917150,1497.81,1.3269,BID
1442917150,1498.0,0.3,BID
1442917150,1498.01,0.0848,BID
1442917151,1498.03,0.1093,ASK
1442917154,1499.0,0.032,BID
1442917156,1498.73,0.061,ASK
1442917156,1496.5,0.809,ASK
1442917156,1496.45,0.3212,ASK
1442917156,1496.44,0.9878,ASK
1442917158,1498.03,0.09,BID
1442917160,1497.97,0.809,BID
1442917160,1498.03,1.097,BID
1442917161,1498.03,0.665,BID
1442917161,1497.96,0.0404,BID
1442917161,1498.02,0.2394,BID
1442917161,1498.03,18.9424,BID
1442917161,1498.03,0.017,BID
1442917161,1498.03,0.013,BID
1442917162,1498.33,0.013,ASK
1442917162,1498.33,0.017,ASK
1442917166,1498.46,0.0998,BID
1442917166,1498.99,0.0164,BID
1442917166,1499.0,0.268,BID
1442917166,1499.0,0.012,BID
1442917166,1499.0,0.011,BID
1442917166,1499.0,0.015,BID
1442917166,1499.0,0.02,BID
1442917166,1499.01,0.0998,BID
1442917166,1499.02,0.002,BID
1442917166,1499.62,0.004,BID
1442917167,1499.98,0.013,ASK
1442917167,1499.98,0.005,ASK
1442917167,1498.46,0.012,BID
1442917169,1499.99,0.025,BID
1442917169,1500.0,0.3,BID
1442917169,1500.0,0.2,BID
1442917169,1500.82,0.008,BID
1442917170,1500.85,0.018,ASK
1442917170,1500.85,0.013,ASK
1442917170,1500.85,0.017,ASK
1442917171,1500.85,0.018,ASK
1442917171,1500.85,0.102,ASK
1442917171,1500.85,0.012,ASK
1442917171,1500.85,0.1,ASK
1442917172,1500.85,0.187,ASK
1442917172,1500.01,0.016,ASK
1442917172,1500.01,0.014,ASK
1442917173,1500.75,0.099,BID
1442917174,1500.75,0.133,BID
1442917174,1500.76,0.017,ASK
1442917175,1500.76,0.013,ASK
1442917175,1500.76,0.069,ASK
1442917177,1500.55,0.418,BID
1442917177,1500.51,0.025,ASK
1442917177,1500.03,0.0905,ASK
1442917177,1500.03,0.01,ASK
1442917177,1500.02,0.0235,ASK
1442917177,1500.01,0.47,ASK
1442917179,1500.01,0.055,BID
1442917181,1500.01,0.4685,BID
1442917181,1500.55,0.011,BID
1442917181,1500.55,0.019,BID
1442917181,1500.55,0.014,BID
1442917181,1500.83,0.025,BID
1442917181,1500.83,0.0193,BID
1442917181,1500.84,0.4432,BID
1442917183,1500.01,0.014,BID
1442917183,1500.01,0.016,BID
1442917183,1500.51,0.018,ASK
1442917183,1500.51,0.012,ASK
1442917184,1500.51,0.408,ASK
1442917184,1499.01,0.015,ASK
1442917184,1499.0,0.3,ASK
1442917187,1499.0,0.6,BID
1442917190,1499.0,5.5198,BID
1442917190,1499.0,1.9272,BID
1442917190,1499.0,0.015,BID
1442917190,1499.0,0.015,BID
1442917190,1499.0,0.0998,BID
1442917190,1500.0,0.3,BID
1442917190,1500.49,0.0192,BID
1442917190,1500.5,0.438,BID
1442917190,1500.5,0.9878,BID
1442917190,1500.55,0.016,BID
1442917190,1500.84,0.0238,BID
1442917190,1500.84,0.419,BID
1442917190,1501.0,0.3,BID
1442917190,1501.1,0.0998,BID
1442917190,1501.19,5.4516,BID
1442917190,1502.0,0.3,BID
1442917192,1502.0,0.477,ASK
1442917192,1502.0,0.4,ASK
1442917192,1502.0,0.6,ASK
1442917192,1502.0,0.6,ASK
1442917195,1502.0,1.354,ASK
1442917197,1502.0,2.6638,ASK
1442917197,1500.01,0.015,BID
1442917199,1500.01,0.601,BID
1442917199,1500.01,0.3,BID
1442917200,1500.01,0.5031,BID
1442917205,1501.01,0.015,ASK
1442917205,1501.0,0.3,ASK
1442917205,1500.52,0.037,ASK
1442917205,1500.51,0.388,ASK
1442917213,1500.21,0.102,BID
1442917214,1500.03,0.0716,ASK
1442917214,1500.02,0.6667,ASK
1442917214,1500.02,0.6667,ASK
1442917214,1500.02,0.1846,ASK
1442917217,1500.01,1.0,BID
1442917217,1500.01,0.879,BID
1442917221,1500.01,0.012,BID
1442917221,1500.01,0.018,BID
1442917221,1500.01,0.011,BID
1442917221,1500.01,0.019,BID
1442917221,1500.02,0.0716,BID
1442917221,1500.21,0.011,BID
1442917221,1500.21,0.019,BID
1442917221,1500.51,0.0998,BID
1442917222,1501.16,1.0,BID
1442917222,1501.16,13.0,BID
1442917222,1501.16,1.207,BID
1442917222,1501.01,0.289,ASK
1442917222,1500.85,0.011,ASK
1442917223,1500.85,0.017,ASK
1442917224,1500.85,0.013,ASK
1442917224,1501.16,0.0905,BID
1442917224,1501.17,0.018,BID
1442917224,1501.17,0.012,BID
1442917224,1501.18,0.2909,BID
1442917224,1501.19,0.7686,BID
1442917225,1500.85,0.6976,ASK
1442917225,1500.51,0.142,ASK
1442917225,1500.51,0.03,BID
1442917225,1500.86,0.0049,ASK
1442917225,1500.0,0.3,ASK
1442917225,1500.0,0.015,BID
1442917225,1500.0,1.8507,BID
1442917226,1501.19,0.101,BID
1442917228,1501.16,0.01,BID
1442917228,1501.18,0.02,BID
1442917228,1501.18,0.0149,BID
1442917228,1501.18,0.0173,BID
1442917228,1501.18,0.03,BID
1442917228,1501.19,0.9378,BID
1442917229,1501.18,19.005,BID
1442917229,1501.19,1.18,BID
1442917229,1500.32,0.1377,ASK
1442917230,1499.6,0.0905,BID
1442917230,1499.6,0.092,BID
1442917230,1499.6,0.01,BID
1442917231,1499.6,1.0472,BID
1442917231,1499.6,0.015,BID
1442917231,1499.6,0.015,BID
1442917232,1499.62,0.013,ASK
1442917232,1499.62,0.017,ASK
1442917232,1499.62,0.016,ASK
1442917234,1499.62,0.014,ASK
1442917237,1500.99,0.0905,BID
1442917237,1500.99,0.0145,BID
1442917238,1500.99,0.0005,BID
1442917238,1501.0,0.0975,BID
1442917239,1501.0,0.2025,BID
1442917239,1501.0,0.013,BID
1442917239,1501.0,0.017,BID
1442917239,1501.19,1.7675,BID
1442917239,1499.06,0.0998,ASK
1442917239,1501.19,1.0,BID
1442917240,1500.99,0.017,BID
1442917240,1500.99,0.0116,BID
1442917240,1501.18,0.1111,BID
1442917240,1501.19,0.0638,BID
1442917240,1501.25,0.008,BID
1442917240,1501.99,0.0125,BID
1442917241,1500.99,0.013,BID
1442917243,1501.99,2.068,BID
1442917243,1501.99,0.013,BID
1442917243,1502.0,1.167,BID
1442917245,1501.93,0.1,BID
1442917245,1501.99,0.017,BID
1442917245,1501.99,0.016,BID
1442917245,1501.99,0.014,BID
1442917245,1502.0,0.853,BID
1442917247,1501.31,0.0938,ASK
1442917247,1501.3,0.01,ASK
1442917247,1500.01,0.0142,ASK
1442917247,1500.0,0.3,ASK
1442917247,1499.91,0.0798,ASK
1442917247,1499.09,0.776,ASK
1442917247,1499.03,0.414,ASK
1442917247,1499.02,2.386,ASK
1442917247,1501.93,0.015,BID
1442917247,1501.93,0.015,BID
1442917247,1501.93,0.017,BID
1442917247,1501.93,0.013,BID
1442917247,1501.99,0.018,BID
1442917247,1501.99,0.012,BID
1442917247,1502.0,0.14,BID
1442917247,1502.0,0.0011,BID
1442917248,1502.0,1.0,BID
1442917250,1501.31,0.0905,ASK
1442917250,1501.31,0.01,ASK
1442917251,1501.3,0.0033,BID
1442917251,1501.99,0.414,BID
1442917251,1501.99,0.0142,BID
1442917251,1502.0,2.3073,BID
1442917251,1501.99,0.03,BID
1442917252,1501.3,0.1038,BID
1442917252,1501.99,0.0962,BID
1442917252,1501.99,0.431,BID
1442917252,1501.99,1.0,BID
1442917255,1501.0,0.3,BID
1442917255,1501.98,1.28,BID
1442917256,1501.0,0.014,BID
1442917256,1501.0,0.016,BID
1442917256,1501.97,0.97,BID
1442917257,1501.0,0.015,BID
1442917257,1501.0,0.015,BID
1442917257,1501.97,0.0012,BID
1442917257,1501.97,4.0288,BID
1442917257,1501.98,0.9712,BID
1442917258,1501.97,0.019,BID
1442917258,1501.97,0.011,BID
1442917258,1501.98,0.871,BID
1442917261,1501.96,0.0905,BID
1442917261,1501.97,0.016,BID
1442917261,1501.97,0.014,BID
1442917261,1501.98,0.3785,BID
1442917261,1501.98,1.0,BID
1442917263,1501.94,0.03,BID
1442917264,1501.94,0.065,BID
1442917265,1501.94,0.681,BID
1442917265,1501.94,0.011,BID
1442917265,1501.94,0.019,BID
1442917265,1501.94,0.014,BID
1442917265,1501.98,0.275,BID
1442917269,1501.94,0.016,BID
1442917269,1501.94,0.014,BID
1442917269,1501.94,0.016,BID
1442917269,1501.94,0.015,BID
1442917269,1501.94,0.015,BID
1442917269,1501.98,0.252,BID
1442917271,1501.94,0.02,BID
1442917271,1501.98,1.48,BID
1442917274,1501.98,0.682,BID
1442917274,1501.98,1.5,BID
1442917276,1501.98,3.0,BID
1442917277,1501.98,1.5,BID
1442917278,1501.98,1.0,BID
1442917280,1501.98,1.0,BID
1442917280,1501.98,1.5,BID
1442917281,1501.98,0.016,BID
1442917281,1501.98,0.014,BID
1442917281,1501.98,0.017,BID
1442917281,1501.98,0.013,BID
1442917281,1501.98,0.011,BID
1442917281,1501.98,0.019,BID
1442917281,1501.98,0.01,BID
1442917282,1501.04,0.0997,ASK
1442917282,1501.04,0.0001,ASK
1442917285,1501.98,0.006,BID
1442917285,1501.98,0.014,BID
1442917285,1501.98,0.018,BID
1442917285,1501.98,0.012,BID
1442917289,1501.98,0.011,BID
1442917289,1501.98,0.019,BID
1442917289,1501.98,0.014,BID
1442917289,1501.98,0.016,BID
1442917289,1501.99,0.06,BID
1442917290,1501.98,11.0,BID
1442917290,1501.98,4.391,BID
1442917290,1501.99,0.018,BID
1442917292,1501.99,0.0217,BID
1442917292,1501.99,0.013,BID
1442917292,1501.99,0.017,BID
1442917292,1502.0,0.9483,BID
1442917292,1502.0,0.06,BID
1442917293,1502.0,20.0,BID
1442917293,1502.0,0.069,BID
1442917295,1501.99,0.015,BID
1442917295,1501.99,0.015,BID
1442917295,1501.99,0.013,BID
1442917295,1502.0,0.8143,BID
1442917295,1502.0,0.1427,BID
1442917297,1501.99,0.017,BID
1442917297,1501.99,0.014,BID
1442917297,1502.0,3.8973,BID
1442917297,1502.0,0.3,BID
1442917297,1502.15,0.08,BID
1442917297,1502.5,0.0898,BID
1442917297,1503.0,0.0854,BID
1442917297,1503.0,0.0696,BID
1442917297,1503.0,0.4469,BID
1442917297,1502.49,0.014,ASK
1442917298,1501.99,0.002,BID
1442917298,1502.99,0.198,BID
1442917300,1501.99,0.017,BID
1442917300,1501.99,0.013,BID
1442917301,1502.99,0.629,BID
1442917302,1502.49,0.007,ASK
1442917303,1502.99,0.02,BID
1442917304,1502.49,0.007,BID
1442917304,1502.99,0.3,BID
1442917305,1502.99,0.019,BID
1442917305,1502.99,0.011,BID
1442917305,1503.0,0.97,BID
1442917305,1502.49,0.015,ASK
1442917306,1502.49,0.008,ASK
1442917309,1502.49,0.007,BID
1442917309,1502.49,0.014,BID
1442917309,1502.49,0.016,BID
1442917309,1502.49,0.014,BID
1442917309,1502.99,0.014,BID
1442917309,1502.99,0.016,BID
1442917309,1503.0,0.51,BID
1442917311,1502.02,0.0905,ASK
1442917311,1502.01,0.0093,ASK
1442917311,1502.01,0.0057,ASK
1442917311,1502.0,0.3,ASK
1442917313,1501.04,0.015,BID
1442917315,1501.04,0.1319,BID
1442917315,1502.04,0.8681,BID
1442917315,1502.04,0.02,BID
1442917315,1502.04,0.131,BID
1442917317,1501.05,0.1319,ASK
1442917317,1501.02,0.01,ASK
1442917317,1501.01,0.015,ASK
1442917317,1501.0,0.0711,ASK
1442917318,1501.83,0.015,BID
1442917318,1502.03,0.015,BID
1442917318,1502.03,0.0905,BID
1442917318,1502.03,0.0151,BID
1442917318,1502.04,3.1524,BID
1442917321,1502.03,0.015,BID
1442917321,1502.04,0.985,BID
1442917321,1502.04,0.02,BID
1442917322,1502.04,0.59,BID
1442917323,1501.05,0.011,ASK
1442917323,1502.04,1.0,BID
1442917326,1502.03,0.011,BID
1442917326,1502.04,0.352,BID
1442917330,1502.02,0.066,BID
1442917330,1502.02,0.011,BID
1442917330,1502.02,1.0,BID
1442917332,1502.0,0.001,ASK
1442917334,1502.02,0.4353,BID
1442917334,1502.04,0.0115,BID
1442917334,1502.17,0.03,BID
1442917334,1502.18,0.015,BID
1442917334,1502.18,0.0112,BID
1442917334,1502.18,0.015,BID
1442917334,1502.19,0.018,BID
1442917334,1502.48,0.016,BID
1442917334,1502.49,0.016,BID
1442917334,1502.49,0.432,BID
1442917335,1501.99,6.0,BID
1442917335,1501.99,2.764,BID
1442917335,1502.0,0.001,BID
1442917335,1502.0,0.0334,BID
1442917335,1502.49,0.0916,BID
1442917335,1502.58,0.014,BID
1442917335,1502.99,0.034,BID
1442917337,1502.13,1.0,ASK
1442917339,1502.0,1.0,BID
1442917339,1502.0,0.02,BID
1442917340,1501.07,0.0725,ASK
1442917340,1501.07,0.0273,ASK
1442917344,1501.99,1.0,BID
1442917344,1501.99,1.5,BID
1442917349,1502.0,1.0,BID
1442917351,1502.0,1.0,BID
1442917351,1501.09,3.0,ASK
1442917353,1501.09,3.2386,ASK
1442917353,1501.07,11.4426,ASK
1442917353,1501.04,0.5002,ASK
1442917356,1501.02,7.1051,BID
1442917357,1501.02,1.0,BID
1442917360,1501.02,1.0,BID
1442917360,1501.02,0.08,BID
1442917362,1501.02,2.58,BID
1442917366,1501.02,0.28,BID
1442917367,1501.02,1.0,BID
1442917367,1501.02,0.128,BID
1442917370,1501.02,1.0,BID
1442917370,1501.02,0.01,BID
1442917370,1501.01,0.01,ASK
1442917370,1501.0,0.0898,ASK
1442917372,1501.02,0.083,BID
1442917372,1501.02,0.103,BID
1442917372,1501.02,0.4495,BID
1442917372,1501.98,0.0273,BID
1442917372,1501.98,0.0725,BID
1442917372,1501.99,0.4507,BID
1442917376,1502.0,1.0,BID
1442917379,1501.52,0.038,ASK
1442917380,1501.97,20.805,ASK
1442917381,1501.52,0.038,BID
1442917381,1501.98,0.962,BID
1442917383,1501.35,0.0906,ASK
1442917383,1501.34,0.0132,ASK
1442917383,1501.34,0.1368,ASK
1442917383,1501.33,2.9094,ASK
1442917383,1501.98,0.406,BID
1442917384,1501.33,0.0906,ASK
1442917385,1501.33,0.0594,BID
1442917385,1501.97,0.0132,BID
1442917385,1501.97,0.1368,BID
1442917385,1501.98,0.7906,BID
1442917387,1501.98,0.5,BID
1442917389,1501.98,2.3414,BID
1442917389,1502.0,0.6586,BID
1442917390,1502.0,4.3214,BID
1442917390,1502.01,0.451,BID
1442917391,1502.0,0.0906,ASK
1442917393,1502.01,0.6,BID
1442917393,1502.01,1.0,BID
1442917396,1502.01,0.349,BID
1442917401,1502.98,1.0,BID
1442917401,1502.51,0.042,ASK
1442917401,1502.02,0.0578,ASK
1442917404,1502.98,0.2,BID
1442917406,1502.97,0.0578,BID
1442917406,1502.98,0.9422,BID
1442917408,1502.98,0.192,BID
1442917410,1502.98,1.0,BID
1442917413,1502.98,0.187,BID
1442917413,1502.98,1.0,BID
1442917419,1502.98,0.384,BID
1442917421,1502.98,1.0,BID
1442917422,1502.98,1.0,BID
1442917423,1502.98,4.5374,BID
1442917423,1502.99,0.4626,BID
1442917426,1502.05,0.0906,ASK
1442917426,1502.04,0.01,ASK
1442917426,1502.04,0.0125,ASK
1442917426,1502.03,0.4507,ASK
1442917426,1502.02,0.174,ASK
1442917426,1502.02,0.4629,ASK
1442917426,1502.01,1.7993,ASK
1442917426,1502.99,0.029,BID
1442917427,1502.02,5.0,ASK
1442917427,1502.02,7.224,ASK
1442917428,1502.98,1.0,BID
1442917429,1502.02,0.0439,ASK
1442917429,1502.02,0.0559,BID
1442917430,1502.97,0.0906,BID
1442917430,1502.98,0.1094,BID
1442917434,1502.97,0.174,BID
1442917434,1502.97,0.056,BID
1442917434,1502.98,0.77,BID
1442917436,1502.97,0.012,BID
1442917440,1502.96,0.001,BID
1442917440,1502.96,0.009,BID
1442917440,1502.97,0.001,BID
1442917442,1502.97,0.0309,BID
1442917442,1502.97,0.0125,BID
1442917442,1502.97,0.01,BID
1442917442,1502.98,0.9466,BID
1442917446,1502.99,1.0,BID
1442917449,1502.99,0.202,BID
1442917453,1502.99,1.0,BID
1442917453,1502.99,0.466,BID
1442917456,1502.07,0.0907,ASK
1442917456,1502.06,0.0091,ASK
1442917457,1502.99,0.531,BID
1442917460,1502.98,0.01,BID
1442917460,1502.99,0.59,BID
1442917461,1502.99,1.0,BID
1442917467,1502.08,0.02,ASK
1442917470,1502.08,0.0066,ASK
1442917470,1502.08,0.0125,ASK
1442917470,1502.08,0.0009,ASK
1442917471,1502.08,0.0241,ASK
1442917471,1502.07,0.5313,ASK
1442917471,1502.07,0.5904,ASK
1442917471,1502.07,1.0006,ASK
1442917471,1502.06,1.4669,ASK
1442917471,1502.06,11.3935,ASK
1442917471,1502.05,0.029,ASK
1442917471,1502.05,1.0007,ASK
1442917471,1502.05,8.8258,ASK
1442917473,1502.05,5.4192,ASK
1442917473,1502.05,0.2021,ASK
1442917473,1501.98,1.0,ASK
1442917473,1501.82,1.3858,ASK
1442917473,1501.0,0.02,ASK
1442917474,1501.78,0.0754,BID
1442917474,1501.01,15.544,ASK
1442917478,1502.78,0.215,ASK
1442917478,1502.28,0.9,ASK
1442917478,1501.0,0.1191,ASK
1442917478,1500.99,0.9309,ASK
1442917478,1500.88,4.4635,ASK
1442917480,1501.0,6.05,BID
1442917480,1501.0,2.6467,BID
1442917482,1501.0,1.303,BID
1442917483,1500.99,1.0,BID
1442917485,1500.99,0.317,BID
1442917486,1501.0,0.0003,BID
1442917486,1501.0,0.0177,BID
1442917488,1501.0,0.082,BID
1442917489,1501.0,0.0001,BID
1442917489,1501.99,0.015,BID
1442917489,1502.0,0.3,BID
1442917489,1502.77,0.215,BID
1442917489,1502.9,0.0107,ASK
1442917491,1502.9,0.325,ASK
1442917491,1502.9,0.011,ASK
1442917492,1502.91,4.0,ASK
1442917492,1502.91,7.197,ASK
1442917492,1502.9,0.1232,ASK
1442917505,1502.0,0.087,BID
1442917506,1501.35,0.0291,ASK
1442917506,1501.35,0.0343,ASK
1442917506,1501.35,0.0103,ASK
1442917506,1501.34,1.1063,ASK
1442917508,1501.34,0.8009,ASK
1442917508,1501.01,0.1001,ASK
1442917508,1501.0,0.279,ASK
1442917510,1501.01,0.0998,BID
1442917512,1501.99,0.04,BID
1442917512,1501.51,0.01,ASK
1442917513,1501.51,0.03,ASK
1442917513,1501.06,0.0232,ASK
1442917513,1501.0,0.021,ASK
1442917513,1500.76,0.001,BID
1442917519,1501.76,0.15,ASK
1442917524,1501.46,0.01,BID
1442917525,1501.46,0.12,BID
1442917527,1501.45,1.0,BID
1442917528,1501.45,0.138,BID
1442917531,1501.45,0.032,BID
1442917532,1500.61,0.002,ASK
1442917532,1500.07,0.0564,ASK
1442917532,1500.06,0.0414,BID
1442917532,1501.44,0.0535,BID
1442917532,1501.44,0.0291,BID
1442917532,1501.45,0.876,BID
1442917534,1501.44,0.074,BID
1442917534,1501.45,0.526,BID
1442917534,1501.45,1.0,BID
1442917535,1501.45,1.0,BID
1442917539,1501.75,0.15,BID
1442917539,1501.99,0.05,BID
1442917539,1501.99,0.15,BID
1442917541,1501.99,1.0,BID
1442917542,1501.99,0.01,BID
1442917547,1501.99,1.0,BID
1442917547,1501.99,1.0,BID
1442917552,1501.99,0.53,BID
1442917552,1501.99,1.674,BID
1442917554,1501.99,1.0,BID
1442917555,1501.98,10.0,BID
1442917555,1501.98,12.879,BID
1442917556,1501.99,5.0358,BID
1442917556,1501.99,6.2419,BID
1442917556,1501.99,5.0327,BID
1442917556,1502.0,1.9801,BID
1442917556,1502.0,0.3,BID
1442917559,1502.14,0.007,BID
1442917559,1502.44,0.002,BID
1442917560,1502.49,0.0907,ASK
1442917562,1502.99,0.03,ASK
1442917562,1502.49,0.9003,ASK
1442917562,1502.01,0.0569,ASK
1442917562,1502.0,1.0128,ASK
1442917562,1502.0,0.0998,ASK
1442917563,1502.0,0.0245,ASK
1442917563,1500.11,0.0601,ASK
1442917563,1500.11,0.5049,ASK
1442917563,1500.11,1.4105,ASK
1442917573,1502.99,0.4187,BID
1442917573,1502.99,0.5813,BID
1442917574,1502.99,0.011,BID
1442917574,1502.97,2.0,BID
1442917574,1502.97,8.348,BID
1442917575,1501.03,0.777,ASK
1442917575,1501.01,0.0907,ASK
1442917575,1501.01,0.015,ASK
1442917575,1501.0,0.3,ASK
1442917575,1500.91,0.2693,ASK
1442917575,1500.9,6.2464,ASK
1442917575,1500.89,0.0096,ASK
1442917575,1500.12,2.2,ASK
1442917575,1500.02,5.0399,ASK
1442917575,1500.01,0.004,ASK
1442917575,1500.01,2.8029,ASK
1442917577,1502.98,0.031,BID
1442917577,1502.98,0.1153,BID
1442917577,1502.98,0.0569,BID
1442917577,1502.98,0.0308,BID
1442917579,1502.97,0.0907,BID
1442917579,1502.97,0.2693,BID
1442917579,1502.98,0.64,BID
1442917582,1502.97,0.015,BID
1442917582,1502.98,0.985,BID
1442917583,1502.97,0.001,BID
1442917585,1502.0,0.3,BID
1442917586,1502.97,0.3,BID
1442917587,1501.03,0.0998,BID
1442917587,1502.97,0.9002,BID
1442917588,1501.97,0.199,BID
1442917589,1501.97,0.128,BID
1442917592,1502.47,0.45,ASK
1442917593,1502.47,0.327,ASK
1442917594,1502.97,1.0,BID
1442917594,1502.16,15.134,BID
1442917597,1502.16,0.141,BID
1442917601,1502.47,0.327,BID
1442917601,1502.95,1.0,BID
1442917602,1502.67,0.5,ASK
1442917605,1502.67,0.173,ASK
1442917612,1501.01,0.015,ASK
1442917612,1501.0,0.3,ASK
1442917613,1501.02,1.0013,ASK
1442917613,1501.02,0.0909,ASK
1442917615,1501.0,0.362,BID
1442917616,1501.22,0.219,ASK
1442917616,1500.15,0.0829,ASK
1442917616,1500.14,0.2561,ASK
1442917616,1500.02,0.622,ASK
1442917617,1501.88,4.0,ASK
1442917617,1501.88,1.0,ASK
1442917617,1501.88,14.472,ASK
1442917618,1500.02,1.3607,ASK
1442917618,1500.01,1.659,ASK
1442917618,1500.0,0.3,ASK
1442917618,1500.0,5.0,ASK
1442917618,1499.98,0.7767,ASK
1442917618,1499.85,1.1651,ASK
1442917621,1499.85,1.0,BID
1442917625,1501.03,0.092,ASK
1442917625,1500.85,0.608,ASK
1442917625,1500.85,0.4,ASK
1442917626,1499.86,0.174,ASK
1442917626,1499.78,0.011,ASK
1442917626,1499.63,0.018,ASK
1442917626,1499.61,0.012,ASK
1442917626,1499.58,0.017,ASK
1442917626,1499.54,0.015,ASK
1442917627,1499.41,1.0,ASK
1442917627,1499.41,7.0,ASK
1442917627,1499.41,2.355,ASK
1442917629,1499.48,0.118,BID
1442917629,1499.48,0.0002,BID
1442917630,1500.83,0.0123,BID
1442917630,1500.84,0.1767,BID
1442917632,1499.98,0.01,ASK
1442917639,1499.98,0.108,ASK
1442917639,1499.81,0.016,ASK
1442917639,1499.77,0.014,ASK
1442917639,1499.49,0.1182,ASK
1442917639,1499.46,0.02,ASK
1442917639,1499.4,0.015,ASK
1442917639,1499.38,0.013,ASK
1442917639,1499.33,0.019,ASK
1442917639,1499.27,5.4634,ASK
1442917639,1499.0,0.3,ASK
1442917639,1498.81,0.008,ASK
1442917639,1498.4,0.0872,ASK
1442917639,1498.0,0.3,ASK
1442917639,1497.91,0.7643,ASK
1442917647,1499.55,0.015,ASK
1442917647,1499.96,0.057,BID
1442917649,1499.96,0.07,BID
1442917649,1499.98,0.03,BID
1442917650,1499.55,0.015,BID
1442917653,1499.97,0.064,ASK
1442917653,1499.55,0.085,ASK
1442917653,1499.46,0.015,ASK
1442917653,1499.37,0.012,ASK
1442917653,1499.27,0.124,ASK
1442917657,1499.46,0.1,BID
1442917658,1499.45,0.0798,BID
1442917658,1499.45,0.01,BID
1442917659,1499.47,0.0102,ASK
1442917659,1499.28,0.016,ASK
1442917659,1499.27,5.2634,ASK
1442917673,1499.27,0.0102,ASK
1442917673,1499.25,0.016,ASK
1442917673,1499.09,0.018,ASK
1442917673,1498.88,0.014,ASK
1442917673,1498.88,0.014,ASK
1442917673,1498.87,0.011,ASK
1442917703,1499.27,0.0998,ASK
1442917712,1499.88,0.17,BID
1442917712,1499.89,0.01,BID
1442917712,1499.89,0.03,BID
1442917712,1499.89,0.1417,BID
1442917712,1499.9,6.2477,BID
1442917712,1499.98,0.068,BID
1442917730,1499.96,4.0,BID
1442917730,1499.97,5.0431,BID
1442917730,1499.98,0.0018,BID
1442917730,1499.98,6.98,BID
1442917730,1500.0,0.3,BID
1442917730,1500.0,2.432,BID
1442917732,1498.09,0.0139,ASK
1442917732,1498.09,0.0078,ASK
1442917738,1499.91,0.0217,BID
1442917738,1499.95,0.01,BID
1442917738,1500.0,0.0483,BID
1442917744,1500.0,0.118,BID
1442917744,1500.0,0.07,BID
1442917746,1500.0,0.6667,BID
1442917748,1500.0,0.106,BID
1442917750,1500.0,0.128,BID
1442917750,1500.0,0.59,BID
1442917751,1499.02,9.122,BID
1442917753,1500.0,1.0,BID
1442917753,1500.0,0.177,BID
1442917753,1500.0,0.926,BID
1442917755,1500.0,0.051,BID
1442917756,1500.0,0.55,BID
1442917758,1499.01,0.015,ASK
1442917758,1499.01,0.01,ASK
1442917758,1499.0,0.0748,ASK
1442917758,1500.0,0.3,BID
1442917759,1500.0,1.0,BID
1442917760,1499.99,0.015,BID
1442917760,1500.0,0.685,BID
1442917765,1500.0,0.419,BID
1442917767,1500.0,1.0,BID
1442917768,1500.0,0.52,BID
1442917770,1500.0,0.146,BID
1442917773,1500.0,0.2,BID
1442917774,1500.0,1.0,BID
1442917774,1500.0,0.087,BID
1442917781,1501.0,0.3,BID
1442917781,1501.0,0.0872,BID
1442917781,1501.0,0.6128,BID
1442917785,1500.5,0.0998,ASK
1442917787,1501.0,1.0,BID
1442917788,1500.99,9.0,BID
1442917788,1500.99,4.408,BID
1442917791,1500.99,0.03,BID
1442917797,1500.99,0.01,BID
1442917797,1501.0,0.49,BID
1442917799,1501.0,0.01,BID
1442917802,1501.0,0.02,BID
1442917803,1501.0,1.0,BID
1442917805,1500.01,0.015,ASK
1442917805,1500.0,0.3,ASK
1442917810,1500.0,0.112,BID
1442917811,1500.0,0.319,BID
1442917813,1500.0,0.6,BID
1442917813,1500.0,1.0,BID
1442917817,1500.0,0.3,BID
1442917820,1500.0,1.0,BID
1442917820,1500.0,0.03,BID
1442917821,1500.0,0.038,BID
1442917823,1500.0,0.102,BID
1442917824,1500.0,0.032,BID
1442917826,1500.0,0.36,BID
1442917826,1500.0,0.7921,BID
1442917826,1500.0,0.0998,BID
1442917826,1500.49,0.015,BID
1442917826,1500.5,0.0931,BID
1442917832,1500.5,0.011,BID
1442917834,1500.49,1.0,BID
1442917837,1500.5,0.393,BID
1442917841,1500.5,1.0,BID
1442917841,1500.5,0.7,BID
1442917845,1499.68,0.01,ASK
1442917845,1499.67,0.0755,ASK
1442917845,1499.67,0.0143,BID
1442917845,1500.5,0.0157,BID
1442917847,1500.5,1.0,BID
1442917849,1500.49,0.0755,BID
1442917849,1500.5,0.4865,BID
1442917853,1500.5,0.6,BID
1442917855,1500.5,1.0,BID
1442917857,1500.5,0.6,BID
1442917860,1500.5,0.5,BID
1442917861,1500.5,1.0,BID
1442917861,1500.5,0.566,BID
1442917861,1500.65,0.002,BID
1442917861,1500.95,0.002,BID
1442917861,1500.99,0.43,BID
1442917863,1500.98,1.0,BID
1442917863,1500.98,11.592,BID
1442917865,1500.99,0.1,BID
1442917866,1501.0,1.0,BID
1442917869,1499.68,0.01,ASK
1442917869,1499.68,0.0898,ASK
1442917881,1500.99,0.03,BID
1442917894,1499.68,0.0998,ASK
1442917907,1501.0,0.159,BID
1442917911,1500.99,0.03,BID
1442917915,1500.99,0.0298,BID
1442917915,1501.0,0.9702,BID
1442917915,1501.0,0.065,BID
1442917921,1500.0,0.03,BID
1442917921,1500.0,0.09,BID
1442917923,1500.0,0.1,BID
1442917924,1500.5,0.0998,ASK
1442917924,1500.99,0.0998,BID
1442917924,1500.99,0.01,BID
1442917924,1500.99,0.0192,BID
1442917925,1500.99,0.5,BID
1442917926,1500.5,0.0202,ASK
1442917930,1500.5,0.016,BID
1442917933,1501.0,0.02,BID
1442917950,1499.69,0.1211,ASK
1442917950,1499.69,0.0479,ASK
1442917950,1499.69,0.0275,ASK
1442917950,1499.68,0.0797,ASK
1442917950,1499.68,0.2358,ASK
1442917951,1499.68,0.0998,ASK
1442917953,1499.68,0.49,ASK
1442917957,1499.68,1.5,ASK
1442917960,1499.68,0.018,ASK
1442917962,1499.69,0.378,ASK
1442917962,1499.69,0.378,ASK
1442917962,1499.69,0.378,ASK
1442917963,1500.94,1.0,ASK
1442917963,1500.94,20.267,ASK
1442917963,1499.69,1.5,ASK
1442917966,1499.69,1.366,ASK
1442917969,1499.68,1.5,ASK
1442917969,1499.93,20.0,ASK
1442917969,1499.93,0.985,ASK
1442917972,1499.66,0.515,ASK
1442917974,1499.66,0.9954,ASK
1442917974,1499.54,0.005,ASK
1442917982,1499.24,0.002,ASK
1442917984,1499.12,2.0,ASK
1442917988,1499.24,0.002,BID
1442917988,1499.64,0.1192,BID
1442917989,1499.01,0.9382,ASK
1442917989,1499.0,0.2252,ASK
1442917989,1498.64,0.004,ASK
1442917993,1499.0,0.0716,BID
1442918006,1498.01,0.0998,ASK
1442918017,1498.01,4.1922,ASK
1442918032,1498.01,2.4077,ASK
1442918032,1498.0,0.3,ASK
1442918032,1498.0,5.0,ASK
1442918044,1497.99,0.0909,BID
1442918044,1498.0,0.0091,BID
1442918047,1498.0,0.09,BID
1442918047,1497.44,0.008,ASK
1442918049,1497.45,0.008,ASK
1442918052,1497.99,0.01,BID
1442918052,1497.99,0.02,BID
1442918053,1497.02,1.2636,ASK
1442918055,1497.45,0.07,BID
1442918057,1497.02,0.9364,ASK
1442918057,1497.01,5.0236,ASK
1442918058,1497.05,0.0998,BID
1442918058,1497.45,0.0129,BID
1442918059,1497.95,0.012,ASK
1442918061,1497.95,0.0393,BID
1442918061,1497.95,0.0447,BID
1442918061,1497.95,0.015,BID
1442918061,1497.46,0.0003,ASK
1442918061,1497.46,0.113,ASK
1442918061,1497.06,0.0998,ASK
1442918061,1497.01,0.1533,ASK
1442918061,1497.0,0.3,ASK
1442918061,1497.0,1.879,ASK
1442918063,1497.01,3.0,ASK
1442918063,1497.01,17.324,ASK
1442918072,1497.94,0.0855,BID
1442918072,1497.94,0.008,BID
1442918072,1497.95,0.0445,BID
1442918072,1497.95,0.138,BID
1442918075,1497.95,0.093,BID
1442918081,1497.02,0.0909,ASK
1442918081,1497.01,0.0089,ASK
1442918083,1497.99,0.0597,BID
1442918083,1497.99,0.0683,BID
1442918083,1497.99,0.513,BID
1442918104,1497.02,0.0134,ASK
1442918104,1497.02,0.0273,ASK
1442918104,1497.01,0.2757,ASK
1442918104,1497.01,0.5817,ASK
1442918104,1497.01,0.1472,ASK
1442918104,1497.0,3.121,ASK
1442918104,1496.95,0.5458,ASK
1442918109,1496.5,0.2128,ASK
1442918112,1497.01,0.099,BID
1442918113,1497.01,0.0008,BID
1442918113,1497.95,0.0982,BID
1442918120,1497.51,0.029,ASK
1442918125,1497.02,0.071,BID
1442918125,1497.02,1.2355,BID
1442918126,1497.51,0.071,BID
1442918126,1497.93,2.0,BID
1442918126,1497.93,15.816,BID
1442918129,1497.93,0.071,BID
1442918130,1497.05,6.0,BID
1442918130,1497.05,2.446,BID
1442918132,1497.03,0.127,ASK
1442918135,1496.5,0.03,BID
1442918135,1496.5,0.0698,BID
1442918135,1497.03,0.0007,BID
1442918138,1497.89,0.0273,BID
1442918138,1497.89,0.1557,BID
1442918141,1497.88,0.0199,BID
1442918141,1497.88,0.0134,BID
1442918141,1497.89,0.9667,BID
1442918141,1497.89,0.019,BID
1442918141,1497.5,0.03,ASK
1442918141,1497.05,0.0189,ASK
1442918141,1497.04,0.378,ASK
1442918141,1496.81,0.02,ASK
1442918141,1496.06,0.6614,ASK
1442918146,1497.88,0.02,BID
1442918146,1497.88,0.019,BID
1442918146,1497.06,0.01,ASK
1442918148,1497.88,0.0003,BID
1442918148,1497.89,0.9997,BID
1442918150,1497.89,0.039,BID
1442918150,1497.05,0.1,BID
1442918150,1497.89,4.9,BID
1442918153,1497.88,0.01,BID
1442918153,1497.89,0.02,BID
1442918153,1497.89,1.1,BID
1442918155,1497.5,4.564,BID
1442918155,1497.5,1.0,BID
1442918157,1497.5,0.6392,BID
1442918157,1497.88,0.3608,BID
1442918160,1497.88,0.6,BID
1442918160,1497.88,0.6,BID
1442918161,1496.87,0.0998,BID
1442918161,1497.87,0.9002,BID
1442918163,1497.87,1.0,BID
1442918165,1497.87,1.0,BID
1442918165,1497.87,0.241,BID
1442918168,1497.87,0.2929,BID
1442918168,1497.95,0.7071,BID
1442918169,1497.87,0.1,ASK
1442918171,1497.84,0.2,BID
1442918173,1497.84,0.278,BID
1442918174,1497.84,0.084,BID
1442918174,1497.95,0.916,BID
1442918175,1497.95,0.02,BID
1442918177,1497.95,0.1,BID
1442918178,1497.95,0.198,BID
1442918179,1497.95,1.0,BID
1442918180,1497.95,0.053,BID
1442918183,1497.95,0.472,BID
1442918184,1497.95,0.21,BID
1442918185,1497.95,1.015,BID
1442918185,1497.96,5.9134,BID
1442918185,1498.0,0.3,BID
1442918187,1498.55,0.002,BID
1442918187,1499.0,0.3,BID
1442918187,1499.57,0.698,BID
1442918189,1497.95,0.0998,ASK
1442918194,1498.96,0.01,ASK
1442918194,1498.96,0.0909,ASK
1442918194,1498.95,0.4791,ASK
1442918197,1499.57,0.1,BID
1442918200,1499.57,0.114,BID
1442918207,1499.57,0.297,BID
1442918208,1499.57,1.0,BID
1442918211,1499.57,0.6,BID
1442918215,1499.68,0.01,BID
1442918216,1499.58,15.41,BID
1442918220,1499.68,0.058,BID
1442918222,1499.58,0.01,ASK
1442918222,1499.57,0.0898,ASK
1442918222,1499.67,0.0909,BID
1442918222,1499.68,0.0318,BID
1442918222,1499.75,0.008,BID
1442918222,1499.94,0.23,BID
1442918222,1500.0,0.3,BID
1442918222,1500.0,0.034,BID
1442918222,1501.0,0.3,BID
1442918222,1501.19,0.0053,BID
1442918223,1499.59,0.65,ASK
1442918229,1500.69,0.0908,ASK
1442918229,1500.68,0.031,ASK
1442918229,1499.59,0.009,ASK
1442918229,1499.58,0.1605,ASK
1442918229,1499.58,2.9279,ASK
1442918230,1501.18,0.524,BID
1442918230,1499.59,6.0,ASK
1442918230,1499.59,5.105,ASK
1442918231,1499.59,16.0,ASK
1442918231,1499.59,1.0,ASK
1442918231,1499.59,4.265,ASK
1442918238,1500.0,0.3,ASK
1442918241,1501.17,0.1,BID
1442918244,1501.0,0.146,BID
1442918246,1501.0,0.154,BID
1442918246,1501.16,0.01,BID
1442918246,1501.17,0.0464,BID
1442918246,1501.17,0.0141,BID
1442918246,1501.18,0.1295,BID
1442918249,1500.0,0.0998,BID
1442918249,1501.17,0.0542,BID
1442918249,1501.17,0.0366,BID
1442918249,1501.18,0.9634,BID
1442918251,1501.18,1.0,BID
1442918253,1501.18,0.123,BID
1442918253,1501.0,0.099,ASK
1442918259,1501.19,0.1,BID
1442918260,1501.19,1.0,BID
1442918260,1501.19,4.8502,BID
1442918260,1501.65,0.712,BID
1442918260,1501.66,1.9827,BID
1442918260,1501.9,0.0663,BID
1442918260,1502.0,0.3,BID
1442918260,1502.0,6.184,BID
1442918265,1501.18,0.01,BID
1442918268,1501.45,0.01,ASK
1442918269,1501.0,0.3,ASK
1442918273,1500.09,0.0909,ASK
1442918273,1500.08,0.0089,ASK
1442918285,1500.09,0.2082,ASK
1442918285,1500.08,0.825,ASK
1442918293,1500.0,0.3,ASK
1442918300,1499.61,0.78,ASK
1442918305,1499.0,0.3,ASK
1442918314,1498.0,0.3,ASK
1442918314,1497.95,0.0002,ASK
1442918314,1497.71,0.809,BID
1442918325,1497.01,0.0798,ASK
1442918325,1497.0,0.02,ASK
1442918332,1497.0,0.28,ASK
1442918332,1496.11,2.2,ASK
1442918332,1496.11,5.0,ASK
1442918332,1496.11,10.6548,ASK
1442918332,1496.1,6.2629,ASK
1442918332,1496.09,5.0554,ASK
1442918332,1496.05,5.2905,ASK
1442918332,1496.0,0.2002,ASK
1442918332,1496.0,10.1174,ASK
1442918332,1495.92,0.016,ASK
1442918332,1495.8,0.1988,ASK
1442918341,1497.0,5.8192,ASK
1442918342,1497.0,0.3,ASK
1442918345,1497.0,4.0,ASK
1442918347,1497.0,2.58,ASK
1442918353,1497.0,0.0998,ASK
1442918365,1497.63,0.0909,BID
1442918365,1497.63,4.0,BID
1442918365,1497.64,0.809,BID
1442918365,1497.69,0.78,BID
1442918366,1497.86,0.4,ASK
1442918366,1497.86,0.0404,ASK
1442918366,1497.86,0.1143,ASK
1442918367,1497.86,2.4458,ASK
1442918414,1496.04,0.0998,BID
1442918418,1497.04,0.099,ASK
1442918418,1496.55,0.0909,ASK
1442918418,1496.54,0.099,ASK
1442918418,1496.05,0.0998,ASK
1442918419,1496.05,0.33,BID
1442918421,1496.05,0.0003,BID
1442918421,1497.6,0.01,BID
1442918421,1497.79,0.0124,BID
1442918421,1497.79,0.9773,BID
1442918427,1497.78,0.0909,BID
1442918427,1497.78,0.0091,BID
1442918427,1497.78,1.0,BID
1442918431,1497.77,0.0175,BID
1442918431,1497.77,0.0325,BID
1442918431,1497.78,0.818,BID
1442918432,1497.85,0.05,BID
1442918433,1497.85,0.6,BID
1442918433,1497.86,0.0998,BID
1442918433,1498.0,0.3,BID
1442918433,1498.0,0.0002,BID
1442918435,1498.0,0.0498,BID
1442918442,1498.36,0.01,ASK
1442918442,1498.35,0.0898,ASK
1442918450,1499.0,0.3,BID
1442918452,1499.2,0.05,BID
1442918454,1499.0,2.9,ASK
1442918462,1498.99,0.65,BID
1442918462,1499.0,0.35,BID
1442918464,1499.0,0.225,BID
1442918466,1498.02,0.01,ASK
1442918466,1498.01,0.015,ASK
1442918466,1498.0,0.3,ASK
1442918466,1497.02,0.0496,ASK
1442918466,1497.01,0.9778,ASK
1442918466,1497.01,0.015,ASK
1442918466,1497.0,0.3,ASK
1442918466,1496.36,1.0239,ASK
1442918466,1496.35,5.0,ASK
1442918466,1496.0,0.3,ASK
1442918466,1496.0,6.4894,ASK
1442918467,1499.0,1.0,BID
1442918467,1499.0,0.4,BID
1442918468,1499.0,0.74,BID
1442918470,1498.99,1.0,BID
1442918470,1498.03,0.0909,ASK
1442918472,1498.0,0.0089,BID
1442918472,1498.98,0.015,BID
1442918472,1498.98,0.015,BID
1442918472,1498.99,0.7601,BID
1442918474,1498.97,0.0909,BID
1442918474,1498.98,0.0496,BID
1442918474,1498.99,0.2595,BID
1442918475,1498.99,1.0,BID
1442918475,1498.3,0.3,ASK
1442918476,1498.3,0.3,ASK
1442918477,1498.98,1.0,BID
1442918478,1498.99,1.0,BID
1442918479,1498.98,0.049,BID
1442918480,1498.98,1.0,BID
1442918482,1498.98,1.0,BID
1442918484,1498.98,4.2139,BID
1442918484,1498.99,0.7861,BID
1442918485,1498.97,1.0,BID
1442918487,1498.97,0.017,BID
1442918488,1497.26,0.01,ASK
1442918488,1497.25,0.001,ASK
1442918488,1497.0,0.3,ASK
1442918488,1496.16,0.025,ASK
1442918488,1496.15,0.5,ASK
1442918488,1496.09,0.0501,ASK
1442918488,1496.05,0.7229,ASK
1442918488,1498.97,4.6158,BID
1442918488,1498.99,0.0162,BID
1442918488,1498.99,1.0,BID
1442918491,1498.98,0.0501,BID
1442918491,1498.98,0.025,BID
1442918491,1498.99,0.9249,BID
1442918491,1498.99,1.0,BID
1442918495,1498.0,0.05,BID
1442918495,1498.0,0.25,BID
1442918497,1498.97,0.3,BID
1442918497,1498.97,0.7243,BID
1442918497,1498.99,0.2757,BID
1442918499,1498.96,0.0798,BID
1442918499,1499.0,0.9202,BID
1442918499,1499.0,0.144,BID
1442918501,1499.0,0.17,BID
1442918501,1498.0,0.0998,ASK
1442918501,1499.0,0.06,BID
1442918501,1498.32,6.0,BID
1442918501,1498.32,8.975,BID
1442918502,1499.0,1.0,BID
1442918504,1499.0,0.199,BID
1442918505,1499.0,0.076,BID
1442918506,1498.32,0.0283,ASK
1442918506,1498.32,0.099,ASK
1442918506,1498.32,0.0231,ASK
1442918506,1498.01,1.5726,ASK
1442918507,1498.99,12.0,ASK
1442918507,1498.99,2.68,ASK
1442918508,1498.99,0.0231,BID
1442918508,1498.99,0.0283,BID
1442918508,1499.0,0.1476,BID
1442918508,1499.0,1.0,BID
1442918512,1499.0,0.044,BID
1442918514,1499.0,3.6416,BID
1442918514,1499.0,0.3,BID
1442918514,1499.0,1.0584,BID
1442918517,1499.0,0.799,BID
1442918517,1499.0,1.0,BID
1442918518,1499.0,0.799,BID
1442918520,1499.0,1.0,BID
1442918521,1499.0,0.1,BID
1442918521,1499.0,0.02,BID
1442918522,1499.0,0.193,BID
1442918525,1499.0,0.03,BID
1442918525,1499.0,0.0006,BID
1442918525,1499.12,0.0294,BID
1442918526,1499.12,1.0,BID
1442918526,1498.01,0.015,ASK
1442918526,1498.0,0.0848,ASK
1442918528,1499.11,0.015,BID
1442918528,1499.12,0.5432,BID
1442918528,1499.13,0.012,BID
1442918528,1499.2,0.4298,BID
1442918528,1499.2,0.385,BID
1442918528,1499.2,0.03,BID
1442918529,1499.2,1.543,BID
1442918531,1499.2,0.3422,BID
1442918531,1499.43,0.002,BID
1442918531,1499.57,0.6558,BID
1442918533,1499.57,1.0,BID
1442918553,1498.07,0.039,ASK
1442918553,1498.06,0.0608,ASK
1442918574,1498.09,0.036,ASK
1442918574,1498.09,0.064,ASK
1442918574,1498.09,0.0575,ASK
1442918574,1498.08,0.2075,ASK
1442918578,1498.09,0.091,BID
1442918579,1498.09,0.0088,BID
1442918585,1498.1,0.091,ASK
1442918585,1498.09,4.909,ASK
1442918586,1498.09,0.498,ASK
1442918590,1498.0,0.2152,ASK
1442918604,1497.0,0.0998,ASK
1442918612,1497.0,0.2002,ASK
1442918618,1497.7,0.184,ASK
1442918630,1497.0,0.0998,ASK
1442918631,1497.0,4.5347,ASK
1442918631,1497.01,9.0,ASK
1442918631,1497.01,4.0,ASK
1442918631,1497.01,3.786,ASK
1442918632,1497.0,1.5139,ASK
1442918632,1497.0,0.0144,ASK
1442918633,1497.01,0.0799,ASK
1442918633,1497.0,6.4233,ASK
1442918635,1497.0,0.0439,ASK
1442918637,1496.7,0.011,BID
1442918655,1496.31,0.0998,ASK
1442918664,1496.32,0.0102,ASK
1442918664,1496.31,0.762,ASK
1442918664,1496.3,5.2088,ASK
1442918671,1496.32,1.135,ASK
1442918686,1496.34,0.0998,ASK
1442918694,1496.35,0.032,ASK
1442918698,1497.5,0.01,BID
1442918698,1497.51,0.047,BID
1442918698,1497.5,5.341,ASK
1442918699,1496.36,0.5,ASK
1442918699,1496.35,10.1292,ASK
1442918699,1496.3,0.7912,ASK
1442918699,1496.05,0.008,ASK
1442918699,1496.0,3.5106,ASK
1442918699,1496.0,0.3,ASK
1442918699,1495.8,1.1252,ASK
1442918699,1495.01,5.0151,ASK
1442918699,1495.0,0.3,ASK
1442918699,1495.0,5.0,ASK
1442918699,1495.0,2.0,ASK
1442918699,1495.0,1.3207,ASK
1442918701,1497.0,1.0,BID
1442918701,1497.0,0.185,BID
1442918702,1496.99,0.0104,BID
1442918702,1496.99,0.0896,BID
1442918702,1497.0,0.137,BID
1442918703,1497.0,0.678,BID
1442918703,1497.5,0.0393,BID
1442918703,1497.51,0.2827,BID
1442918705,1496.4,0.025,ASK
1442918705,1496.39,0.275,ASK
1442918706,1496.99,0.011,ASK
1442918709,1496.98,0.05,BID
1442918709,1496.98,0.0189,BID
1442918709,1496.99,0.015,BID
1442918709,1497.0,0.0061,BID
1442918710,1497.0,0.023,BID
1442918710,1496.4,0.0108,ASK
1442918710,1496.4,0.089,ASK
1442918711,1496.99,0.0147,BID
1442918711,1497.0,0.0853,BID
1442918711,1497.0,0.035,BID
1442918712,1496.41,8.0,BID
1442918712,1496.41,1.225,BID
1442918714,1497.0,0.089,BID
1442918714,1497.0,0.0616,BID
1442918714,1497.48,0.0425,BID
1442918714,1497.48,0.01,BID
1442918714,1497.48,0.0108,BID
1442918714,1497.49,0.0251,BID
1442918725,1496.95,0.06,BID
1442918727,1497.86,1.0,BID
1442918738,1497.8,0.1,BID
1442918739,1496.42,0.0501,ASK
1442918739,1496.42,0.089,ASK
1442918739,1496.41,1.001,ASK
1442918739,1496.35,0.411,BID
1442918740,1496.35,0.5,BID
1442918742,1496.35,0.607,BID
1442918742,1496.35,24.8183,BID
1442918743,1496.35,0.5,BID
1442918743,1496.35,0.5022,BID
1442918743,1496.35,0.607,BID
1442918744,1496.35,3.0624,BID
1442918744,1496.4,0.0998,BID
1442918765,1496.66,0.5,ASK
1442918765,1496.0,0.3,ASK
1442918767,1496.0,0.554,BID
1442918770,1496.0,0.5,BID
1442918770,1496.0,0.307,BID
1442918770,1496.0,1.0,BID
1442918771,1495.99,0.091,BID
1442918771,1496.0,0.411,BID
1442918771,1496.0,0.7538,BID
1442918771,1496.66,0.0998,BID
1442918771,1497.74,0.0501,BID
1442918771,1497.75,0.5943,BID
1442918777,1496.49,0.01,ASK
1442918777,1497.0,0.3,BID
1442918790,1497.73,1.0,BID
1442918791,1497.73,5.0,BID
1442918792,1497.73,0.537,BID
1442918794,1496.46,0.0998,BID
1442918794,1497.73,1.0,BID
1442918795,1497.73,0.01,BID
1442918799,1497.73,0.286,BID
1442918802,1497.87,0.11,BID
1442918802,1497.96,0.89,BID
1442918802,1497.96,1.0,BID
1442918804,1497.7,1.0,BID
1442918806,1497.7,0.3,BID
1442918808,1497.7,0.6677,BID
1442918810,1497.7,0.6,BID
1442918811,1497.7,1.0,BID
1442918812,1497.7,0.01,BID
1442918813,1497.7,0.919,BID
1442918814,1497.7,1.0,BID
1442918815,1497.7,0.4033,BID
1442918815,1498.0,0.3,BID
1442918816,1498.01,0.3,BID
1442918819,1498.01,1.18,BID
1442918820,1497.73,0.0202,ASK
1442918820,1497.31,0.005,ASK
1442918820,1497.01,0.002,ASK
1442918820,1496.49,0.0038,ASK
1442918820,1497.46,0.0998,BID
1442918820,1498.01,0.3,BID
1442918820,1498.78,0.004,BID
1442918820,1498.99,0.5962,BID
1442918822,1498.98,0.0202,BID
1442918822,1498.99,0.9798,BID
1442918824,1498.77,0.07,BID
1442918825,1498.77,0.5,BID
1442918827,1498.77,1.254,BID
1442918829,1498.77,0.3116,BID
1442918829,1499.0,0.3,BID
1442918829,1499.0,0.3884,BID
1442918830,1499.0,1.18,BID
1442918831,1499.0,1.0,BID
1442918831,1499.0,0.14,BID
1442918833,1499.0,0.02,BID
1442918834,1499.0,0.05,BID
1442918834,1499.0,15.2216,BID
1442918836,1499.57,1.0,BID
1442918837,1499.57,0.252,BID
1442918839,1499.57,0.016,BID
1442918839,1499.9,0.984,BID
1442918839,1499.9,0.021,BID
1442918841,1499.9,0.03,BID
1442918841,1499.1,0.0555,ASK
1442918841,1499.09,1.111,ASK
1442918842,1498.99,0.0555,BID
1442918843,1498.99,0.0908,BID
1442918844,1498.99,0.814,BID
1442918844,1498.99,0.3732,BID
1442918844,1499.89,0.0593,BID
1442918844,1499.89,0.0555,BID
1442918844,1499.9,0.512,BID
1442918844,1499.9,0.907,BID
1442918847,1499.57,1.0,BID
1442918847,1499.57,1.1,BID
1442918849,1499.57,1.18,BID
1442918851,1499.57,0.171,BID
1442918851,1499.5,0.05,ASK
1442918851,1499.49,0.0498,ASK
1442918851,1499.57,1.5215,BID
1442918852,1499.9,1.0,BID
1442918853,1499.87,0.4289,ASK
1442918853,1499.49,0.9502,ASK
1442918853,1498.02,0.025,ASK
1442918853,1498.01,0.5,ASK
1442918853,1498.01,0.0959,ASK
1442918855,1499.56,0.0908,BID
1442918855,1499.89,0.05,BID
1442918855,1499.89,0.025,BID
1442918855,1499.9,0.8342,BID
1442918856,1499.9,0.03,BID
1442918856,1499.9,0.05,BID
1442918858,1499.9,0.09,BID
1442918859,1499.9,0.37,BID
1442918859,1499.57,0.0908,ASK
1442918859,1498.02,0.045,ASK
1442918859,1498.01,0.8845,ASK
1442918859,1498.01,0.015,ASK
1442918859,1498.0,0.3,ASK
1442918859,1497.45,17.291,BID
1442918860,1497.46,0.015,BID
1442918860,1497.46,0.2797,BID
1442918860,1499.57,0.7203,BID
1442918860,1499.57,0.0908,BID
1442918860,1499.57,0.284,BID
1442918862,1499.56,0.015,BID
1442918862,1499.57,0.985,BID
1442918864,1499.56,0.015,BID
1442918865,1499.56,5.0,BID
1442918866,1499.55,0.015,BID
1442918866,1499.55,0.03,BID
1442918866,1499.56,0.955,BID
1442918867,1499.56,0.005,BID
1442918867,1499.56,0.3104,BID
1442918867,1499.57,0.6896,BID
1442918868,1499.57,0.031,BID
1442918869,1499.0,0.3,BID
1442918869,1499.57,0.7,BID
1442918869,1499.57,1.0,BID
1442918871,1499.57,0.462,BID
1442918874,1499.57,0.405,BID
1442918874,1499.9,0.595,BID
1442918875,1499.9,0.405,BID
1442918876,1499.9,0.1718,BID
1442918876,1499.98,0.008,BID
1442918876,1500.0,0.3,BID
1442918876,1500.0,0.5202,BID
1442918878,1500.0,0.2,BID
1442918879,1499.5,0.1,ASK
1442918879,1498.07,0.0389,ASK
1442918879,1498.07,0.0636,ASK
1442918879,1498.06,0.779,ASK
1442918879,1498.06,1.2717,ASK
1442918879,1498.06,0.2502,ASK
1442918879,1498.05,0.2005,ASK
1442918881,1498.06,0.01,BID
1442918882,1498.06,0.0898,BID
1442918882,1499.56,1.0,BID
1442918884,1499.55,0.0389,BID
1442918884,1499.56,0.9611,BID
1442918885,1499.56,0.1189,BID
1442918888,1499.55,0.1,ASK
1442918888,1499.55,0.311,ASK
1442918888,1499.06,0.05,ASK
1442918888,1499.0,0.171,ASK
1442918889,1499.0,0.129,ASK
1442918889,1498.07,0.0998,ASK
1442918889,1498.07,1.4064,ASK
1442918890,1499.58,0.017,BID
1442918892,1499.58,0.1641,BID
1442918892,1499.96,0.0908,BID
1442918892,1499.96,0.7451,BID
1442918892,1499.96,0.5,BID
1442918893,1499.96,0.09,BID
1442918894,1499.96,0.0713,BID
1442918894,1499.96,0.9287,BID
1442918897,1499.95,0.0272,BID
1442918897,1499.96,0.1338,BID
1442918903,1499.92,0.027,BID
1442918903,1498.04,0.0909,ASK
1442918903,1498.03,0.0089,ASK
1442918904,1499.92,0.0119,BID
1442918904,1499.93,0.0081,BID
1442918905,1499.93,0.7709,BID
1442918905,1499.99,0.2272,BID
1442918905,1500.0,0.0019,BID
1442918906,1499.92,0.0205,BID
1442918906,1499.94,0.6065,BID
1442918907,1499.92,0.0909,BID
1442918907,1499.99,0.4097,BID
1442918907,1500.0,0.4844,BID
1442918910,1500.0,1.0,BID
1442918922,1500.0,0.022,BID
1442918930,1498.11,0.091,ASK
1442918930,1498.1,0.0088,ASK
1442918934,1498.11,0.014,ASK
1442918934,1498.11,0.0159,ASK
1442918934,1498.1,0.01,ASK
1442918934,1498.1,0.6062,ASK
1442918934,1498.1,0.158,ASK
1442918934,1498.1,9.1959,BID
1442918947,1498.12,0.0798,ASK
1442918947,1498.11,0.8891,ASK
1442918951,1498.11,0.304,ASK
1442918953,1499.94,0.158,BID
1442918953,1499.94,0.091,BID
1442918953,1499.95,4.0,BID
1442918953,1499.95,0.02,BID
1442918953,1499.95,4.396,BID
1442918957,1498.11,1.115,ASK
1442918957,1498.07,4.4012,ASK
1442918957,1498.06,6.2803,ASK
1442918957,1498.05,4.0,ASK
1442918957,1498.0,0.3,ASK
1442918958,1497.81,0.0557,BID
1442918958,1497.81,0.1343,BID
1442918958,1497.81,0.0911,BID
1442918962,1497.81,0.78,BID
1442918968,1498.1,0.527,BID
1442918992,1497.01,0.0998,ASK
1442919017,1497.01,0.0998,ASK
1442919027,1497.94,0.0287,BID
1442919027,1497.95,0.78,BID
1442919027,1497.98,0.1913,BID
1442919041,1497.93,0.01,BID
1442919044,1497.97,0.0407,BID
1442919044,1497.97,0.0093,BID
1442919047,1497.01,0.0998,ASK
1442919048,1497.97,0.01,BID
1442919049,1497.01,0.1315,ASK
1442919052,1497.97,0.048,BID
1442919055,1497.97,0.015,BID
1442919057,1497.96,0.0142,BID
1442919057,1497.97,0.0368,BID
1442919057,1497.97,0.049,BID
1442919060,1497.97,0.0508,BID
1442919060,1497.97,0.0562,BID
1442919063,1497.97,0.0753,BID
1442919063,1497.97,0.1258,BID
1442919063,1497.98,0.0139,BID
1442919067,1497.98,0.201,BID
1442919069,1497.04,0.0106,ASK
1442919069,1497.03,0.0274,ASK
1442919069,1497.03,0.015,ASK
1442919069,1497.03,0.1071,ASK
1442919069,1497.03,0.0893,ASK
1442919069,1497.02,0.3751,ASK
1442919072,1497.03,0.0998,ASK
1442919073,1497.97,0.0106,BID
1442919073,1497.97,0.0274,BID
1442919073,1497.98,0.962,BID
1442919074,1497.98,0.6,BID
1442919077,1497.04,0.2426,ASK
1442919077,1497.98,0.69,BID
1442919080,1497.98,1.0,BID
1442919080,1497.98,0.02,BID
1442919084,1497.98,0.1,BID
1442919087,1497.98,1.0,BID
1442919098,1497.07,0.025,ASK
1442919098,1497.06,0.0122,ASK
1442919098,1497.06,0.0626,ASK
1442919105,1497.06,0.03,ASK
1442919127,1497.06,0.0998,ASK
1442919150,1497.06,0.0998,ASK
1442919175,1497.06,0.0015,ASK
1442919175,1497.05,0.0983,ASK
1442919189,1497.96,0.0122,BID
1442919193,1497.96,0.1278,ASK
1442919195,1497.06,0.143,BID
1442919195,1497.06,0.293,BID
1442919196,1497.06,1.1603,BID
1442919198,1497.97,0.077,BID
1442919202,1497.96,0.0998,BID
1442919206,1497.96,0.2348,ASK
1442919213,1497.95,0.025,BID
1442919220,1497.94,0.01,BID
1442919221,1497.95,0.2098,BID
1442919221,1497.97,0.0028,BID
1442919221,1498.11,0.0064,BID
1442919223,1498.11,0.035,BID
1442919225,1498.11,0.0584,BID
1442919227,1498.95,0.0416,ASK
1442919228,1497.12,0.0998,ASK
1442919232,1498.65,0.875,BID
1442919236,1498.92,0.0911,BID
1442919236,1498.93,0.015,BID
1442919236,1498.93,0.0785,BID
1442919236,1498.94,0.0416,BID
1442919236,1498.94,0.7738,BID
1442919246,1498.93,0.021,BID
1442919246,1498.93,0.0003,BID
1442919246,1498.94,0.9997,BID
1442919252,1499.0,0.3,BID
1442919252,1499.01,0.7,BID
1442919254,1499.01,0.3,BID
1442919260,1498.01,0.0912,ASK
1442919260,1498.01,0.0086,ASK
1442919283,1498.01,0.0064,ASK
1442919283,1498.0,0.2996,ASK
1442919287,1498.0,0.0004,ASK
1442919290,1498.0,0.099,BID
1442919290,1498.0,0.0004,BID
1442919291,1498.98,12.632,BID
1442919292,1498.5,0.0986,ASK
1442919292,1497.97,0.0417,BID
1442919311,1497.29,0.01,ASK
1442919311,1497.29,0.0385,ASK
1442919311,1497.29,0.05,ASK
1442919311,1497.29,0.0013,ASK
1442919326,1497.33,0.039,ASK
1442919326,1497.33,0.78,ASK
1442919342,1497.38,0.039,ASK
1442919342,1497.37,0.0608,ASK
1442919365,1498.0,0.825,ASK
1442919367,1498.0,0.0998,ASK
1442919369,1498.0,0.777,ASK
1442919371,1498.0,0.05,ASK
1442919372,1498.0,0.414,ASK
1442919372,1498.0,3.5182,ASK
1442919395,1497.56,0.01,BID
1442919397,1497.41,0.0136,ASK
1442919397,1497.4,0.0862,ASK
1442919400,1498.0,0.323,ASK
1442919402,1498.0,0.177,ASK
1442919404,1497.42,0.0799,ASK
1442919407,1497.41,0.032,BID
1442919414,1497.4,0.061,ASK
1442919415,1497.4,0.65,ASK
1442919416,1497.4,0.2471,ASK
1442919435,1497.05,1.18,ASK
1442919451,1497.38,0.01,BID
1442919452,1497.0,0.0998,ASK
1442919458,1497.0,0.2,ASK
1442919460,1497.0,0.0002,ASK
1442919460,1497.0,5.0,ASK
1442919460,1497.0,0.1,ASK
1442919460,1496.85,0.013,ASK
1442919460,1496.83,1.1687,ASK
1442919460,1496.55,0.002,ASK
1442919463,1496.53,0.237,BID
1442919468,1497.03,0.192,ASK
1442919471,1497.03,0.045,ASK
1442919475,1496.0,0.0998,ASK
1442919477,1496.56,0.018,BID
1442919493,1496.56,0.546,ASK
1442919496,1496.56,0.25,ASK
1442919502,1496.56,0.249,ASK
1442919502,1496.56,3.751,ASK
1442919502,1496.56,1.702,ASK
1442919502,1496.55,0.1,ASK
1442919505,1496.13,0.01,BID
1442919505,1496.26,0.99,BID
1442919507,1496.26,0.546,BID
1442919507,1496.26,0.01,BID
1442919513,1496.56,0.01,BID
1442919517,1496.25,0.01,BID
1442919519,1496.56,0.01,BID
1442919524,1496.56,0.0798,BID
1442919526,1497.3,0.0526,BID
1442919526,1497.3,0.0526,BID
1442919526,1497.3,0.0912,BID
1442919526,1497.31,5.453,BID
1442919526,1497.32,0.8348,BID
1442919526,1497.34,0.0799,BID
1442919526,1497.39,0.4029,BID
1442919526,1497.39,0.65,BID
1442919526,1497.4,0.0998,BID
1442919526,1497.41,1.3132,BID
1442919534,1496.03,0.099,BID
1442919535,1496.03,0.0008,BID
1442919538,1497.03,0.0982,ASK
1442919562,1496.04,0.0998,ASK
1442919567,1496.04,0.3,BID
1442919568,1496.04,0.043,BID
1442919568,1496.04,0.6684,BID
1442919569,1496.04,0.6684,BID
1442919569,1496.04,0.043,BID
1442919570,1496.04,1.399,BID
1442919570,1496.04,0.6684,BID
1442919570,1496.04,6.2098,BID
1442919577,1497.04,0.01,ASK
1442919578,1497.04,0.865,ASK
1442919578,1496.92,1.0,ASK
1442919595,1496.07,0.099,BID
1442919616,1496.07,0.0008,BID
1442919616,1497.03,0.65,BID
1442919616,1497.03,0.8739,BID
1442919618,1497.17,0.19,BID
1442919618,1497.17,0.0998,ASK
1442919621,1497.17,0.713,ASK
1442919621,1497.17,0.05,ASK
1442919622,1497.17,0.4,ASK
1442919622,1497.17,0.2619,ASK
1442919624,1497.16,0.1,BID
1442919642,1496.07,0.0333,ASK
1442919642,1496.07,0.0665,ASK
1442919647,1497.15,0.065,BID
1442919647,1497.16,0.65,BID
1442919647,1497.16,0.65,BID
1442919666,1497.14,0.01,BID
1442919669,1497.22,0.02,ASK
1442919676,1496.07,0.02,BID
1442919677,1496.07,0.0798,BID
1442919685,1497.07,0.02,BID
1442919688,1497.17,0.02,ASK
1442919689,1496.1,18.524,ASK
1442919705,1496.09,0.099,BID
1442919705,1496.09,0.0008,BID
1442919717,1496.59,0.01,ASK
1442919720,1496.57,0.02,ASK
1442919721,1496.11,0.185,ASK
1442919721,1496.11,0.563,ASK
1442919723,1496.11,19.02,ASK
1442919727,1496.2,0.02,BID
1442919728,1496.2,0.022,ASK
1442919732,1496.2,0.058,ASK
1442919732,1496.2,0.02,ASK
1442919732,1496.1,0.0998,ASK
1442919732,1496.09,0.4222,ASK
1442919732,1496.09,0.028,ASK
1442919733,1496.08,0.0998,ASK
1442919734,1496.05,0.01,ASK
1442919738,1496.05,0.318,ASK
1442919739,1496.05,0.3404,ASK
1442919739,1496.05,0.3178,ASK
1442919739,1496.05,0.65,ASK
1442919740,1496.05,0.65,ASK
1442919740,1496.23,0.01,BID
1442919740,1496.24,0.0998,BID
1442919740,1496.24,0.168,ASK
1442919740,1496.05,4.2957,ASK
1442919740,1496.0,0.2002,ASK
1442919740,1496.0,3.3075,ASK
1442919740,1497.36,21.541,ASK
1442919741,1496.06,0.1618,ASK
1442919741,1496.0,4.3348,ASK
1442919742,1496.0,1.5,ASK
1442919744,1496.0,0.1,ASK
1442919744,1496.0,0.1,ASK
1442919744,1496.0,0.1,ASK
1442919745,1496.0,0.65,ASK
1442919746,1496.0,0.043,ASK
1442919746,1496.0,0.65,ASK
1442919747,1496.0,0.65,ASK
1442919748,1496.0,0.65,ASK
1442919748,1496.0,0.06,ASK
1442919749,1496.0,0.65,ASK
1442919750,1496.0,0.65,ASK
1442919751,1496.0,0.65,ASK
1442919752,1496.0,0.65,ASK
1442919753,1496.03,0.0198,BID
1442919753,1496.03,0.0127,BID
1442919753,1496.04,0.6495,BID
1442919753,1496.0,0.65,ASK
1442919754,1496.0,0.16,ASK
1442919754,1496.04,0.0005,BID
1442919755,1496.05,0.6495,ASK
1442919755,1496.0,0.0005,ASK
1442919759,1496.0,1.18,ASK
1442919759,1496.0,0.2,ASK
1442919760,1496.0,0.65,ASK
1442919760,1496.0,0.0998,ASK
1442919761,1496.0,0.65,ASK
1442919763,1496.98,0.0331,BID
1442919769,1496.01,0.0324,ASK
1442919769,1496.01,0.0331,ASK
1442919771,1496.01,0.045,ASK
1442919773,1496.01,0.051,ASK
1442919775,1496.01,0.345,ASK
1442919776,1496.01,0.01,ASK
1442919778,1496.01,0.874,ASK
1442919783,1496.01,0.6,ASK
1442919785,1496.01,0.0998,ASK
1442919785,1496.01,0.01,ASK
1442919786,1496.05,0.649,ASK
1442919787,1496.9,0.01,BID
1442919787,1496.91,0.0376,BID
1442919787,1496.91,0.0215,BID
1442919787,1496.91,0.0909,BID
1442919787,1496.91,0.6,BID
1442919787,1496.92,3.0,BID
1442919787,1496.92,0.4952,BID
1442919787,1496.93,1.0165,BID
1442919788,1496.05,0.1,ASK
1442919788,1496.06,0.03,ASK
1442919791,1496.06,0.0609,ASK
1442919791,1496.06,0.0376,ASK
1442919791,1496.06,0.0215,ASK
1442919791,1496.88,0.5,BID
1442919791,1496.9,0.5,BID
1442919792,1496.05,0.027,ASK
1442919793,1496.05,0.336,ASK
1442919794,1496.25,0.1,BID
1442919795,1496.05,0.01,ASK
1442919796,1496.26,0.01,ASK
1442919800,1496.26,0.09,ASK
1442919805,1496.05,0.055,ASK
1442919807,1496.05,0.01,ASK
1442919809,1496.05,0.01,ASK
1442919814,1496.26,0.02,BID
1442919821,1496.26,0.0798,BID
1442919821,1496.37,0.002,BID
1442919821,1496.85,0.0187,BID
1442919821,1496.86,0.2885,BID
1442919824,1496.86,0.0848,BID
1442919824,1496.87,0.002,BID
1442919824,1496.99,0.0128,BID
1442919824,1497.0,0.2994,BID
1442919824,1497.0,0.0006,BID
1442919824,1497.14,0.003,BID
1442919827,1497.37,0.002,BID
1442919827,1497.4,0.165,BID
1442919827,1497.41,0.311,BID
1442919831,1497.41,1.5,BID
1442919831,1497.41,0.05,BID
1442919831,1497.41,1.144,BID
1442919832,1497.41,0.5699,BID
1442919833,1497.44,0.002,BID
1442919833,1497.5,0.018,BID
1442919833,1497.42,0.0979,ASK
1442919833,1497.42,0.0019,ASK
1442919834,1497.5,1.027,BID
1442919834,1497.87,0.002,BID
1442919837,1498.0,0.3,BID
1442919837,1498.0,0.88,BID
1442919838,1498.0,0.1643,BID
1442919839,1498.04,0.004,BID
1442919839,1499.0,0.016,BID
1442919858,1498.03,0.02,ASK
1442919858,1498.02,0.0798,ASK
1442919859,1498.99,0.0912,BID
1442919859,1499.0,0.284,BID
1442919859,1499.0,1.559,BID
1442919878,1499.0,0.0942,BID
1442919878,1499.23,0.5,BID
1442919878,1499.24,0.008,BID
1442919878,1499.91,3.0,BID
1442919878,1499.92,2.1828,BID
1442919885,1498.07,0.0913,ASK
1442919885,1498.06,0.0085,ASK
1442919891,1498.03,0.01,ASK
1442919891,1498.02,0.0254,ASK
1442919891,1498.02,0.0004,ASK
1442919900,1498.02,0.0327,ASK
1442919900,1498.02,0.1379,ASK
1442919903,1498.02,0.329,BID
1442919904,1498.01,0.17,ASK
1442919904,1498.02,0.0004,BID
1442919905,1498.03,0.329,ASK
1442919905,1498.01,0.171,ASK
1442919906,1498.01,0.1623,ASK
1442919906,1498.01,0.4877,ASK
1442919906,1498.01,0.1799,ASK
1442919906,1498.0,0.3,ASK
1442919907,1497.42,0.386,ASK
1442919910,1497.42,0.2818,ASK
1442919911,1497.17,0.02,ASK
1442919918,1497.0,0.037,ASK
1442919919,1497.0,0.263,ASK
1442919922,1496.58,0.02,BID
1442919923,1496.58,0.045,BID
1442919923,1496.99,0.037,BID
1442919923,1496.99,0.3,BID
1442919923,1497.03,0.2618,BID
1442919924,1497.2,0.0085,ASK
1442919925,1497.2,0.347,ASK
1442919927,1497.2,0.0007,ASK
1442919928,1496.07,0.01,ASK
1442919944,1496.08,0.01,ASK
1442919944,1496.07,0.0898,ASK
1442919947,1497.04,0.02,BID
1442919966,1497.04,0.01,BID
1442919975,1497.24,0.01,ASK
1442919975,1496.11,0.0898,ASK
1442919999,1496.11,0.0998,ASK
1442920031,1496.15,0.0998,ASK
1442920049,1497.84,0.1,BID
1442920049,1497.84,0.0532,BID
1442920049,1497.85,0.0023,BID
1442920056,1496.34,0.0341,ASK
1442920056,1496.33,0.0657,ASK
1442920058,1497.83,0.01,BID
1442920058,1497.84,0.0638,BID
1442920058,1497.84,0.0794,BID
1442920058,1497.85,0.047,BID
1442920078,1497.8,0.066,BID
1442920078,1497.85,0.0341,BID
1442920078,1497.86,1.3999,BID
1442920080,1496.39,0.0188,ASK
1442920080,1496.39,0.0641,ASK
1442920080,1496.38,0.0169,ASK
1442920094,1497.99,0.015,BID
1442920094,1497.99,0.0491,BID
1442920094,1497.99,0.0188,BID
1442920094,1498.0,0.3,BID
1442920094,1498.0,0.3171,BID
1442920097,1497.85,0.741,BID
1442920101,1497.85,0.438,BID
1442920101,1498.0,3.7559,BID
1442920103,1498.0,0.01,ASK
1442920104,1498.0,0.0998,ASK
1442920105,1498.0,0.106,ASK
1442920107,1498.0,0.438,ASK
1442920110,1498.0,0.025,ASK
1442920110,1498.01,0.0998,BID
1442920111,1498.0,0.01,ASK
1442920111,1498.2,0.2833,BID
1442920118,1498.2,0.7167,BID
1442920118,1498.22,0.0798,ASK
1442920118,1498.22,0.0115,ASK
1442920119,1498.18,15.715,ASK
1442920129,1498.36,0.0798,BID
1442920129,1498.37,0.002,BID
1442920135,1498.38,0.0913,ASK
1442920135,1498.37,0.0085,ASK
1442920160,1497.74,0.0998,ASK
1442920178,1498.98,0.0998,BID
1442920178,1498.99,0.3452,BID
1442920184,1498.37,0.684,BID
1442920185,1498.37,0.143,BID
1442920185,1497.84,0.0359,ASK
1442920185,1497.68,0.0639,ASK
1442920185,1498.37,1.0,BID
1442920185,1498.37,0.0233,BID
1442920188,1498.36,0.0639,BID
1442920188,1498.37,1.5626,BID
1442920189,1498.99,1.0,BID
1442920196,1498.86,0.037,ASK
1442920196,1498.86,0.011,ASK
1442920197,1498.86,0.015,ASK
1442920212,1497.7,0.0505,ASK
1442920212,1497.7,0.0493,ASK
1442920222,1498.84,0.048,BID
1442920222,1498.84,0.0433,BID
1442920222,1498.85,0.0047,BID
1442920226,1498.85,0.0433,BID
1442920226,1498.98,0.0477,BID
1442920228,1498.98,0.0016,BID
1442920228,1498.98,0.0505,BID
1442920228,1498.99,0.9479,BID
1442920228,1498.99,2.5896,BID
1442920228,1499.0,1.5596,BID
1442920228,1499.0,0.3,BID
1442920228,1499.0,3.2898,BID
1442920230,1499.89,0.0521,BID
1442920231,1499.84,0.027,ASK
1442920231,1499.89,0.6667,BID
1442920232,1499.86,0.029,ASK
1442920232,1499.85,0.01,ASK
1442920232,1499.84,0.052,ASK
1442920233,1499.84,0.012,ASK
1442920234,1499.83,0.079,BID
1442920234,1499.86,0.028,BID
1442920234,1499.95,1.773,BID
1442920235,1499.95,0.052,BID
1442920238,1499.95,0.139,BID
1442920244,1499.88,0.0797,ASK
1442920244,1499.87,0.0201,ASK
1442920245,1499.87,0.0079,ASK
1442920246,1499.86,0.0201,BID
1442920246,1499.95,0.0159,BID
1442920248,1499.95,0.0201,BID
1442920248,1500.0,10.5705,BID
1442920248,1500.0,14.3166,BID
1442920248,1499.19,0.0064,ASK
1442920249,1500.0,0.01,BID
1442920250,1500.0,13.2574,BID
1442920251,1500.0,0.0042,BID
1442920252,1500.0,0.849,BID
1442920252,1500.0,0.082,BID
1442920252,1500.0,15.8,BID
1442920255,1500.0,0.6,BID
1442920256,1500.0,0.09,BID
1442920256,1500.0,1.0,BID
1442920256,1500.0,0.0022,BID
1442920259,1500.0,0.895,BID
1442920260,1500.0,0.595,BID
1442920261,1500.0,2.4986,BID
1442920261,1500.0,0.4794,BID
1442920262,1500.0,1.0,BID
1442920262,1500.0,0.27,BID
1442920263,1500.0,0.0897,BID
1442920263,1500.0,0.0953,BID
1442920263,1500.0,0.185,BID
1442920264,1500.0,0.0197,BID
1442920264,1500.0,0.4033,BID
1442920265,1500.0,0.04,BID
1442920265,1499.24,9.0,BID
1442920265,1499.24,8.255,BID
1442920266,1500.0,0.1,BID
1442920266,1500.0,1.0,BID
1442920267,1500.0,0.324,BID
1442920267,1500.0,0.324,BID
1442920267,1500.0,0.01,BID
1442920269,1500.0,0.765,BID
1442920270,1500.0,1.0,BID
1442920271,1500.0,3.4337,BID
1442920272,1500.0,2.6,BID
1442920272,1500.0,0.2,BID
1442920272,1500.0,1.2227,BID
1442920272,1500.0,0.0841,BID
1442920272,1500.0,0.6297,BID
1442920272,1500.09,0.0998,BID
1442920272,1500.25,0.008,BID
1442920272,1500.99,0.1557,BID
1442920272,1499.23,0.0296,ASK
1442920272,1499.22,0.0702,ASK
1442920273,1500.99,0.0103,BID
1442920275,1500.83,1.0,ASK
1442920275,1499.25,0.35,ASK
1442920276,1500.84,0.01,ASK
1442920278,1500.82,0.011,BID
1442920278,1500.82,0.027,BID
1442920284,1500.81,0.024,BID
1442920285,1500.81,0.0056,BID
1442920285,1500.82,0.0234,BID
1442920288,1500.82,0.5786,BID
1442920288,1501.0,0.0284,BID
1442920297,1500.02,0.01,ASK
1442920297,1500.02,0.0898,ASK
1442920307,1501.0,0.2716,BID
1442920307,1501.0,4.8409,BID
1442920309,1501.0,1.3609,BID
1442920310,1501.0,0.6662,BID
1442920311,1501.0,0.6662,BID
1442920312,1501.0,0.6662,BID
1442920313,1501.0,1.6916,BID
1442920315,1501.0,1.0,BID
1442920319,1501.0,0.033,BID
1442920319,1501.0,0.986,BID
1442920323,1500.88,0.01,BID
1442920327,1500.88,0.089,BID
1442920331,1500.88,0.0008,BID
1442920331,1501.0,0.7182,BID
1442920336,1500.05,0.0233,ASK
1442920344,1500.99,0.023,BID
1442920348,1500.07,0.01,ASK
1442920348,1500.06,0.01,ASK
1442920350,1500.04,0.0798,BID
1442920351,1501.0,0.0008,BID
1442920353,1501.43,0.0132,ASK
1442920353,1501.04,0.079,ASK
