timestamp,price,amount,side
1446249584,2221.54,0.5219,ASK
1446249584,2221.54,0.0749,ASK
1446249585,2221.81,0.0642,ASK
1446249585,2221.81,0.5968,ASK
1446249596,2223.98,0.0055,BID
1446249596,2224.0,1.3493,BID
1446249596,2224.98,0.0652,BID
1446249604,2224.98,0.0308,BID
1446249604,2225.4,0.395,BID
1446249609,2225.6,0.074,BID
1446249610,2225.6,0.2398,BID
1446249616,2225.98,0.0955,BID
1446249617,2225.62,0.0748,ASK
1446249617,2225.62,0.426,ASK
1446249617,2225.61,0.074,ASK
1446249617,2225.61,0.3138,ASK
1446249617,2225.31,0.074,BID
1446249619,2225.31,0.0955,BID
1446249619,2225.31,0.5,BID
1446249619,2225.31,0.1,BID
1446249641,2226.94,0.0748,BID
1446249641,2226.95,0.1,BID
1446249641,2226.98,0.1,BID
1446249641,2226.98,0.1,BID
1446249641,2227.98,0.0788,BID
1446249641,2228.95,0.3,BID
1446249641,2228.95,0.6,BID
1446249641,2228.98,0.0906,BID
1446249641,2228.98,0.1,BID
1446249641,2228.98,0.1,BID
1446249641,2228.98,0.1,BID
1446249641,2228.99,1.2558,BID
1446249641,2222.09,13.157,BID
1446249646,2222.09,0.001,ASK
1446249685,2222.5,0.003,ASK
1446249697,2228.93,0.02,BID
1446249697,2228.93,0.05,BID
1446249709,2228.91,0.02,BID
1446249709,2228.92,0.024,BID
1446249709,2228.92,0.146,BID
1446249717,2222.71,0.0293,ASK
1446249721,2228.93,0.01,BID
1446249725,2228.93,0.0167,BID
1446249788,2228.9,0.03,BID
1446249788,2228.93,1.9,BID
1446249796,2228.94,0.02,ASK
1446249796,2228.93,0.6332,ASK
1446249796,2228.93,11.014,ASK
1446249800,2228.93,4.394,ASK
1446249802,2228.93,0.65,ASK
1446249803,2228.93,0.65,ASK
1446249804,2228.93,5.0,ASK
1446249805,2228.93,0.65,ASK
1446249805,2228.94,0.02,ASK
1446249805,2228.93,0.63,ASK
1446249806,2228.93,0.65,ASK
1446249807,2228.93,0.65,ASK
1446249808,2228.93,0.65,ASK
1446249809,2228.93,0.65,ASK
1446249809,2228.93,0.5488,ASK
1446249814,2228.92,0.65,BID
1446249814,2228.93,0.4512,BID
1446249814,2228.95,1.8797,BID
1446249815,2228.95,6.3218,BID
1446249817,2228.95,0.5,BID
1446249817,2228.95,1.2985,BID
1446249817,2229.0,1.0,BID
1446249821,2229.88,0.5,BID
1446249822,2229.88,0.9553,BID
1446249822,2229.98,0.1,BID
1446249822,2230.0,1.9257,BID
1446249823,2230.0,0.0743,BID
1446249823,2230.0,0.06,BID
1446249823,2230.98,0.0007,BID
1446249828,2230.98,0.099,BID
1446249828,2230.98,0.0003,BID
1446249828,2231.0,0.028,BID
1446249832,2231.0,0.0051,ASK
1446249836,2231.98,0.1,BID
1446249836,2232.0,1.0,BID
1446249836,2232.0,0.1,BID
1446249836,2232.98,0.1,BID
1446249836,2232.98,0.1,BID
1446249838,2233.98,0.1,BID
1446249838,2234.07,0.4,BID
1446249838,2233.99,8.0,BID
1446249838,2233.99,3.0,BID
1446249838,2233.99,2.0,BID
1446249846,2234.08,10.0,BID
1446249846,2234.98,0.1,BID
1446249846,2235.0,0.4,BID
1446249850,2234.38,0.0745,ASK
1446249850,2234.09,0.4476,ASK
1446249850,2233.98,0.026,ASK
1446249850,2233.78,0.1,ASK
1446249850,2231.29,1.2373,ASK
1446249850,2228.67,0.6946,ASK
1446249850,2231.31,0.0156,ASK
1446249850,2231.3,0.0619,ASK
1446249850,2228.68,0.0542,ASK
1446249850,2228.67,0.3904,ASK
1446249850,2228.67,1.4779,ASK
1446249852,2234.99,0.0169,BID
1446249852,2234.99,0.0542,BID
1446249852,2234.99,0.0619,BID
1446249852,2235.0,4.42,BID
1446249852,2235.0,3.7594,BID
1446249852,2235.0,4.1193,BID
1446249855,2234.97,0.011,BID
1446249855,2234.97,0.0045,BID
1446249870,2234.95,0.5,BID
1446249874,2234.95,0.5,BID
1446249876,2234.94,0.0017,BID
1446249876,2234.94,0.0728,BID
1446249876,2234.95,0.085,BID
1446249876,2234.97,1.9,BID
1446249876,2234.98,0.1,BID
1446249876,2234.99,1.2373,BID
1446249876,2234.99,1.4779,BID
1446249876,2235.0,3.2807,BID
1446249876,2235.0,3.0,BID
1446249876,2235.0,1.0,BID
1446249877,2235.01,8.0,BID
1446249877,2235.01,2.892,BID
1446249880,2235.35,2.5,BID
1446249880,2235.98,0.1,BID
1446249880,2236.0,1.8235,BID
1446249880,2236.0,0.03,BID
1446249880,2236.0,0.1,BID
1446249881,2235.3,1.9965,ASK
1446249881,2235.01,2.7454,ASK
1446249882,2236.27,0.138,BID
1446249882,2236.98,0.1,BID
1446249882,2237.23,0.01,BID
1446249882,2237.98,0.1,BID
1446249882,2238.98,0.1,BID
1446249882,2239.0,0.06,BID
1446249882,2239.7,0.2,BID
1446249882,2239.98,0.1,BID
1446249882,2239.99,2.5272,BID
1446249882,2239.98,1.0,BID
1446249882,2239.98,2.943,BID
1446249883,2235.36,0.4474,ASK
1446249883,2235.29,0.0224,BID
1446249884,2235.29,0.0745,BID
1446249884,2235.29,0.0128,BID
1446249884,2235.29,0.0929,BID
1446249895,2239.96,0.0311,BID
1446249895,2239.99,0.0224,BID
1446249895,2239.99,1.9,BID
1446249895,2240.0,0.01,BID
1446249895,2240.0,9.4061,BID
1446249895,2240.0,0.4531,BID
1446249895,2240.0,15.0,BID
1446249895,2240.0,0.1,BID
1446249896,2240.0,0.5,ASK
1446249897,2240.98,0.0278,BID
1446249897,2240.0,0.1004,ASK
1446249900,2240.01,0.1004,ASK
1446249901,2240.01,0.0709,ASK
1446249901,2240.01,5.0,ASK
1446249901,2240.01,0.5,ASK
1446249901,2240.0,19.161,ASK
1446249903,2240.0,1.9965,ASK
1446249908,2240.98,0.0722,BID
1446249908,2240.99,0.1285,BID
1446249913,2240.96,0.1,BID
1446249913,2240.99,0.0396,BID
1446249916,2241.98,0.1,BID
1446249916,2242.09,0.025,BID
1446249916,2242.11,0.0459,BID
1446249916,2242.11,0.1004,BID
1446249916,2242.12,0.4927,BID
1446249919,2241.97,0.0745,BID
1446249919,2242.1,0.4995,BID
1446249919,2242.1,0.0005,BID
1446249919,2242.12,0.4995,BID
1446249920,2242.12,0.5,BID
1446249922,2242.12,7.7026,BID
1446249922,2242.12,5.0,BID
1446249924,2242.69,0.0043,BID
1446249924,2242.98,0.1,BID
1446249924,2243.98,0.1,BID
1446249924,2244.0,0.2957,BID
1446249933,2244.0,0.9363,BID
1446249933,2244.0,0.1,BID
1446249933,2242.96,0.04,ASK
1446249933,2242.8,0.961,ASK
1446249934,2242.8,0.0745,BID
1446249934,2242.8,0.0481,BID
1446249934,2242.8,0.0179,BID
1446249938,2244.98,0.1,BID
1446249938,2244.99,0.0481,BID
1446249938,2244.99,0.0745,ASK
1446249939,2244.99,0.2774,ASK
1446249939,2244.0,1.0184,ASK
1446249939,2242.66,0.222,BID
1446249941,2242.66,0.5,BID
1446249941,2242.48,3.0,BID
1446249941,2242.48,4.0,BID
1446249941,2242.48,3.019,BID
1446249942,2242.66,0.4459,BID
1446249947,2243.03,0.095,ASK
1446249949,2243.33,0.001,BID
1446249949,2244.23,0.003,BID
1446249949,2244.99,1.9,BID
1446249949,2245.0,5.0,BID
1446249949,2245.0,0.5,BID
1446249949,2245.0,18.2787,BID
1446249949,2245.0,4.0,BID
1446249952,2245.0,1.4156,ASK
1446249954,2245.01,0.5,ASK
1446249954,2245.0,0.9153,ASK
1446249954,2245.0,0.65,ASK
1446249955,2245.0,10.3785,ASK
1446249955,2245.0,0.65,ASK
1446249955,2245.0,0.0083,ASK
1446249956,2245.01,0.45,ASK
1446249956,2245.0,0.2,ASK
1446249957,2245.01,0.095,ASK
1446249957,2245.01,0.505,ASK
1446249957,2245.0,0.9107,ASK
1446249957,2245.02,0.5,BID
1446249957,2245.0,0.0087,ASK
1446249958,2245.0,0.65,ASK
1446249958,2245.0,1.1319,ASK
1446249958,2245.0,0.65,ASK
1446249959,2245.02,0.5,BID
1446249961,2245.02,0.4094,BID
1446249961,2245.03,0.036,ASK
1446249961,2245.0,0.978,ASK
1446249963,2245.03,0.4454,ASK
1446249963,2245.01,0.0147,ASK
1446249963,2245.0,0.1693,ASK
1446249963,2245.97,12.0,ASK
1446249963,2245.97,6.432,ASK
1446249966,2245.02,0.0188,ASK
1446249967,2245.02,0.0066,ASK
1446249967,2245.02,0.0745,ASK
1446249967,2245.01,1.2318,ASK
1446249969,2245.01,0.077,BID
1446249969,2245.01,0.2506,BID
1446249970,2245.01,0.1,BID
1446249970,2245.01,0.4454,BID
1446249971,2245.01,2.3175,BID
1446249975,2245.98,0.1,BID
1446249975,2246.03,0.007,BID
1446249975,2246.21,0.01,BID
1446249976,2246.21,0.02,ASK
1446249977,2245.96,0.0545,BID
1446249977,2245.98,0.0655,ASK
1446249977,2245.5,0.04,ASK
1446249977,2245.05,0.458,ASK
1446249977,2245.03,0.0223,ASK
1446249977,2245.02,0.2734,ASK
1446249978,2245.03,5.938,ASK
1446249978,2245.03,5.752,ASK
1446249982,2246.95,0.001,BID
1446249983,2245.03,0.0745,ASK
1446249983,2245.02,0.172,ASK
1446249983,2245.02,0.4025,ASK
1446249985,2245.03,0.023,ASK
1446249986,2245.03,0.3945,ASK
1446249989,2245.03,2.1021,ASK
1446249989,2245.02,0.0429,ASK
1446249989,2245.02,0.351,ASK
1446249989,2245.02,0.01,ASK
1446249991,2245.02,2.0,ASK
1446249991,2245.02,0.262,ASK
1446249992,2245.02,0.5,ASK
1446249992,2245.02,1.18,ASK
1446249992,2245.02,0.718,ASK
1446249992,2246.9,18.574,ASK
1446249993,2245.02,2.0,ASK
1446249994,2245.02,0.01,ASK
1446249994,2245.8,0.0289,ASK
1446249994,2245.02,1.9523,ASK
1446249994,2246.9,0.0121,BID
1446249995,2245.02,0.0051,ASK
1446249995,2245.02,0.106,ASK
1446249995,2245.02,0.5,ASK
1446249995,2245.03,15.0,ASK
1446249995,2245.03,0.545,ASK
1446249996,2245.02,0.0876,ASK
1446249996,2245.0,18.6234,ASK
1446249997,2245.0,1.18,ASK
1446249999,2245.0,0.01,ASK
1446249999,2245.0,0.457,ASK
1446249999,2245.0,0.1518,ASK
1446250000,2245.0,0.5,ASK
1446250000,2245.0,1.18,ASK
1446250000,2245.0,0.65,ASK
1446250001,2245.0,0.65,ASK
1446250001,2245.0,20.0,ASK
1446250002,2245.0,0.02,ASK
1446250002,2245.0,0.3,ASK
1446250002,2245.0,0.65,ASK
1446250002,2245.0,0.5,ASK
1446250003,2245.0,0.3423,ASK
1446250003,2242.68,0.0175,ASK
1446250003,2242.67,0.4459,ASK
1446250003,2242.13,0.0366,ASK
1446250003,2242.13,0.2,ASK
1446250003,2242.13,0.2094,ASK
1446250003,2240.3,0.1,ASK
1446250007,2240.3,0.31,ASK
1446250008,2242.11,0.2079,BID
1446250009,2242.11,0.1,BID
1446250010,2242.11,0.1,BID
1446250010,2240.33,0.225,ASK
1446250010,2242.11,0.0921,BID
1446250010,2242.11,0.207,BID
1446250010,2242.99,0.02,BID
1446250010,2243.64,0.41,BID
1446250010,2243.86,0.41,BID
1446250010,2243.97,0.41,BID
1446250010,2244.87,9.682,BID
1446250010,2244.97,0.6,BID
1446250010,2244.97,2.5279,BID
1446250010,2244.98,5.0,BID
1446250010,2244.99,0.65,BID
1446250010,2244.99,0.388,BID
1446250010,2244.99,0.65,BID
1446250010,2244.99,0.3,BID
1446250010,2245.0,0.258,BID
1446250010,2245.0,2.0,ASK
1446250010,2245.01,13.234,BID
1446250011,2245.0,1.9,ASK
1446250011,2245.0,0.3322,ASK
1446250011,2245.0,0.0205,ASK
1446250011,2245.43,0.75,BID
1446250011,2245.54,0.658,BID
1446250011,2245.63,0.292,BID
1446250012,2245.0,0.02,ASK
1446250012,2245.0,0.0348,ASK
1446250012,2245.01,10.0,ASK
1446250012,2245.01,2.01,ASK
1446250012,2245.0,0.479,ASK
1446250013,2245.0,0.225,ASK
1446250013,2245.0,0.2,ASK
1446250013,2245.0,0.5,ASK
1446250013,2245.0,0.09,ASK
1446250013,2245.0,5.0,ASK
1446250013,2245.0,0.2,ASK
1446250013,2245.0,0.081,ASK
1446250014,2245.0,1.691,ASK
1446250014,2245.0,3.0,ASK
1446250014,2245.0,0.18,ASK
1446250014,2245.0,0.5,ASK
1446250014,2245.0,0.5,ASK
1446250014,2245.0,1.0,ASK
1446250014,2245.0,0.05,ASK
1446250014,2245.0,0.076,ASK
1446250014,2245.0,2.0,ASK
1446250015,2245.0,0.49,ASK
1446250015,2245.0,1.6155,ASK
1446250015,2244.13,0.047,BID
1446250018,2242.13,0.0149,ASK
1446250018,2242.12,0.0051,ASK
1446250019,2242.26,0.0224,ASK
1446250019,2242.25,0.448,ASK
1446250019,2242.13,0.0149,ASK
1446250020,2242.12,0.01,BID
1446250020,2242.12,0.0047,BID
1446250020,2243.9,0.0018,BID
1446250020,2244.13,0.143,BID
1446250020,2244.46,0.0072,BID
1446250020,2244.14,3.0,BID
1446250020,2244.14,3.072,BID
1446250021,2244.14,0.145,ASK
1446250021,2244.13,0.143,ASK
1446250022,2242.13,0.0745,ASK
1446250022,2242.25,0.197,BID
1446250022,2244.46,0.0028,BID
1446250022,2244.46,0.01,BID
1446250022,2244.88,0.0149,BID
1446250022,2244.88,0.0149,BID
1446250022,2244.88,0.2054,BID
1446250022,2244.88,0.0128,BID
1446250022,2244.14,0.001,ASK
1446250022,2244.15,4.0,ASK
1446250022,2244.15,7.678,ASK
1446250022,2244.14,0.142,ASK
1446250022,2242.14,6.0,BID
1446250022,2242.14,2.0,BID
1446250022,2242.14,1.645,BID
1446250023,2242.13,0.169,ASK
1446250024,2242.14,0.01,ASK
1446250025,2242.14,0.338,ASK
1446250026,2242.24,0.07,BID
1446250026,2242.24,0.03,BID
1446250026,2244.12,0.131,BID
1446250027,2244.12,0.03,BID
1446250027,2244.87,0.05,BID
1446250027,2244.12,0.131,ASK
1446250027,2244.12,0.161,ASK
1446250027,2242.33,0.046,ASK
1446250028,2244.13,0.0745,ASK
1446250028,2242.34,0.0213,ASK
1446250028,2242.26,0.02,ASK
1446250028,2242.25,0.1,ASK
1446250028,2242.25,0.1,ASK
1446250028,2242.25,0.1,ASK
1446250028,2242.25,0.1,ASK
1446250028,2242.15,0.1,ASK
1446250028,2242.15,0.2769,ASK
1446250028,2242.14,9.1073,ASK
1446250030,2242.33,0.146,BID
1446250031,2242.33,0.02,BID
1446250032,2242.33,0.282,BID
1446250032,2242.33,0.052,BID
1446250032,2244.11,0.02,BID
1446250032,2244.84,0.0213,BID
1446250032,2244.85,0.448,BID
1446250032,2244.87,0.1982,BID
1446250032,2244.88,0.01,BID
1446250032,2244.89,0.2,BID
1446250032,2244.95,0.1945,BID
1446250032,2244.87,0.14,ASK
1446250032,2242.34,0.006,ASK
1446250032,2242.34,0.025,ASK
1446250034,2244.88,1.0,ASK
1446250034,2244.0,9.0,BID
1446250034,2244.95,0.1055,BID
1446250034,2244.96,0.2,BID
1446250034,2244.96,0.06,BID
1446250034,2244.98,1.2318,BID
1446250034,2245.0,0.2955,BID
1446250034,2242.34,0.069,ASK
1446250034,2242.34,0.031,ASK
1446250034,2244.86,4.807,ASK
1446250035,2244.87,0.0745,BID
1446250035,2244.89,0.2065,ASK
1446250037,2244.5,0.143,BID
1446250037,2244.5,0.032,BID
1446250037,2244.5,0.854,BID
1446250038,2243.99,0.1,BID
1446250038,2244.5,0.39,BID
1446250038,2242.36,2.0,BID
1446250038,2242.36,4.0,BID
1446250038,2242.36,6.53,BID
1446250039,2244.49,0.013,BID
1446250039,2244.49,0.0521,BID
1446250040,2244.49,0.5,BID
1446250040,2244.5,8.3745,BID
1446250040,2244.99,0.3,BID
1446250040,2245.0,13.803,BID
1446250047,2244.47,0.026,BID
1446250047,2244.48,0.02,BID
1446250047,2244.48,0.154,BID
1446250047,2244.48,0.08,BID
1446250047,2244.48,0.1,BID
1446250047,2244.48,0.1074,BID
1446250047,2244.48,0.022,BID
1446250049,2244.48,0.0366,BID
1446250049,2244.99,0.0498,BID
1446250049,2244.99,0.1434,BID
1446250049,2245.0,14.7702,BID
1446250054,2244.48,0.02,BID
1446250054,2244.48,0.13,BID
1446250056,2244.48,0.1517,BID
1446250057,2244.48,0.06,BID
1446250060,2244.47,0.02,BID
1446250060,2244.48,0.1013,BID
1446250060,2244.48,0.036,BID
1446250060,2244.48,0.151,BID
1446250060,2244.48,0.151,BID
1446250060,2244.48,0.06,BID
1446250061,2244.95,9.1073,ASK
1446250061,2244.97,5.0,BID
1446250061,2244.97,6.499,BID
1446250062,2244.95,0.5,ASK
1446250063,2244.95,0.5,ASK
1446250064,2244.95,4.3734,ASK
1446250064,2241.6,0.1,ASK
1446250064,2241.59,0.0045,ASK
1446250064,2240.45,0.0227,ASK
1446250064,2240.43,0.3728,ASK
1446250065,2244.94,0.0087,BID
1446250065,2244.94,0.65,BID
1446250065,2244.95,5.9046,BID
1446250065,2245.0,21.1313,BID
1446250065,2245.0,3.0,BID
1446250065,2245.0,0.118,ASK
1446250065,2245.0,0.5,ASK
1446250065,2245.0,1.9815,ASK
1446250065,2245.0,0.509,ASK
1446250065,2245.0,0.0227,ASK
1446250066,2245.0,0.5,ASK
1446250068,2245.03,0.448,ASK
1446250068,2245.0,0.052,ASK
1446250068,2245.0,0.5,ASK
1446250069,2245.0,0.01,ASK
1446250073,2245.03,0.5,BID
1446250074,2245.02,1.2318,ASK
1446250074,2245.01,0.0745,ASK
1446250074,2245.0,0.6753,ASK
1446250074,2245.0,0.07,ASK
1446250074,2245.04,0.4454,ASK
1446250074,2245.0,0.0546,ASK
1446250074,2245.0,0.5,ASK
1446250075,2245.0,0.448,ASK
1446250075,2245.0,0.0745,ASK
1446250075,2245.0,0.5,ASK
1446250077,2245.01,0.208,ASK
1446250077,2245.0,0.5,ASK
1446250078,2245.0,0.5,ASK
1446250078,2245.0,0.12,ASK
1446250078,2245.0,3.6698,ASK
1446250082,2244.5,0.0174,ASK
1446250082,2244.49,0.2643,ASK
1446250083,2244.49,0.02,ASK
1446250089,2240.51,0.01,ASK
1446250090,2244.0,0.291,BID
1446250095,2244.08,0.081,BID
1446250097,2243.71,0.01,ASK
1446250098,2243.71,0.0046,ASK
1446250106,2240.55,0.01,ASK
1446250108,2243.57,0.1,BID
1446250108,2243.58,0.0818,BID
1446250115,2243.09,0.01,ASK
1446250116,2243.09,0.1,ASK
1446250121,2240.6,0.01,ASK
1446250125,2241.47,0.04,ASK
1446250128,2242.98,0.0087,BID
1446250129,2242.97,9.0,BID
1446250129,2242.97,3.125,BID
1446250131,2242.97,0.02,BID
1446250131,2242.97,0.0608,BID
1446250131,2242.97,0.005,BID
1446250131,2242.97,0.015,BID
1446250136,2242.69,0.0235,BID
1446250136,2242.7,0.0395,BID
1446250136,2242.7,0.0286,BID
1446250136,2242.7,0.05,BID
1446250136,2242.7,0.5,BID
1446250139,2242.68,0.02,BID
1446250139,2242.69,0.0381,BID
1446250139,2242.69,0.2219,BID
1446250139,2242.69,0.207,BID
1446250140,2242.69,0.0288,BID
1446250140,2242.69,0.0423,BID
1446250141,2242.69,0.2327,ASK
1446250147,2242.69,0.182,BID
1446250148,2242.69,0.0133,BID
1446250148,2242.69,0.1767,BID
1446250148,2242.69,0.063,BID
1446250148,2242.69,0.05,BID
1446250152,2242.68,0.04,BID
1446250152,2242.69,0.0143,BID
1446250152,2242.69,0.0537,BID
1446250156,2242.69,0.083,BID
1446250156,2242.69,0.039,BID
1446250157,2240.62,0.444,ASK
1446250157,2240.6,2.0,BID
1446250157,2240.6,1.0,BID
1446250157,2240.6,12.445,BID
1446250158,2240.62,0.0745,BID
1446250158,2240.62,2.58,BID
1446250158,2240.62,0.06,BID
1446250158,2240.62,0.03,BID
1446250158,2240.62,0.5,BID
1446250159,2240.62,1.32,BID
1446250159,2240.62,0.1,BID
1446250159,2240.62,0.4463,BID
1446250160,2240.62,0.4463,BID
1446250160,2240.62,0.9501,BID
1446250161,2242.68,0.047,BID
1446250161,2243.99,0.3728,BID
1446250161,2244.0,0.9815,BID
1446250161,2244.59,0.0045,BID
1446250161,2244.99,0.0288,BID
1446250161,2246.98,0.1,BID
1446250161,2247.48,0.4654,BID
1446250162,2242.65,0.0204,BID
1446250162,2243.98,0.0148,BID
1446250162,2247.48,0.2548,BID
1446250166,2242.62,0.444,BID
1446250166,2242.64,0.2442,BID
1446250166,2242.64,0.23,BID
1446250166,2242.64,0.06,BID
1446250169,2242.63,0.01,BID
1446250171,2242.63,0.0645,BID
1446250171,2242.64,0.0155,BID
1446250174,2242.64,0.064,BID
1446250175,2242.92,0.02,BID
1446250176,2242.92,0.08,BID
1446250182,2247.0,0.024,BID
1446250186,2247.0,0.06,BID
1446250204,2247.0,0.2,BID
1446250217,2247.02,0.02,ASK
1446250217,2247.02,0.0744,ASK
1446250217,2247.0,0.0056,ASK
1446250219,2247.48,0.1161,BID
1446250219,2247.5,10.0,BID
1446250219,2247.98,0.1,BID
1446250219,2248.88,0.2,BID
1446250219,2248.98,0.1,BID
1446250219,2249.0,0.06,BID
1446250219,2249.49,0.448,BID
1446250219,2249.62,0.014,BID
1446250219,2249.98,0.1,BID
1446250219,2250.0,0.2,BID
1446250219,2250.0,2.22,BID
1446250219,2250.0,5.1009,BID
1446250220,2247.02,5.0,BID
1446250220,2247.02,3.665,BID
1446250243,2249.97,0.0744,BID
1446250243,2249.98,0.02,BID
1446250243,2250.0,6.8991,BID
1446250243,2250.0,0.01,BID
1446250243,2250.0,0.0029,BID
1446250243,2250.0,5.0,BID
1446250243,2250.0,6.0,BID
1446250243,2250.0,12.2456,BID
1446250243,2250.0,0.87,BID
1446250243,2250.0,0.5,BID
1446250243,2250.0,3.6241,BID
1446250243,2250.0,0.7311,BID
1446250243,2250.0,7.7,BID
1446250246,2250.02,6.1915,BID
1446250246,2250.1,10.98,BID
1446250248,2250.01,0.1571,ASK
1446250249,2250.76,0.1571,BID
1446250249,2250.77,1.0229,BID
1446250252,2250.77,1.18,BID
1446250254,2250.77,2.567,BID
1446250255,2250.77,0.0001,BID
1446250255,2250.98,0.1,BID
1446250255,2251.63,0.0101,BID
1446250255,2251.98,0.1,BID
1446250255,2252.0,0.9698,BID
1446250263,2251.99,0.0218,BID
1446250263,2252.0,0.5492,BID
1446250266,2252.0,1.53,BID
1446250269,2252.0,3.0,BID
1446250271,2252.0,10.9875,BID
1446250272,2252.0,8.2818,BID
1446250277,2252.98,0.097,BID
1446250278,2252.98,0.003,BID
1446250280,2253.98,0.1,BID
1446250280,2254.98,0.086,BID
1446250281,2254.98,0.014,BID
1446250281,2254.98,0.001,BID
1446250285,2254.98,0.01,ASK
1446250286,2255.98,0.1,BID
1446250286,2256.0,0.001,BID
1446250286,2256.21,0.01,BID
1446250287,2256.82,0.028,BID
1446250287,2256.98,0.1,BID
1446250287,2257.98,0.1,BID
1446250290,2258.0,0.057,ASK
1446250296,2258.01,0.1,ASK
1446250296,2258.01,0.0741,ASK
1446250296,2258.01,0.02,ASK
1446250296,2258.0,4.715,ASK
1446250296,2258.0,0.001,ASK
1446250296,2258.0,0.5836,BID
1446250296,2258.98,0.1,BID
1446250296,2258.98,1.615,BID
1446250296,2259.0,0.06,BID
1446250296,2259.0,6.751,BID
1446250296,2259.0,0.6596,BID
1446250296,2259.98,0.1,BID
1446250296,2260.0,5.0,BID
1446250296,2260.0,1.7264,BID
1446250296,2260.0,0.01,BID
1446250296,2260.0,2.6754,BID
1446250296,2260.0,1.5318,BID
1446250300,2260.0,0.001,BID
1446250307,2259.99,0.1,BID
1446250307,2259.99,0.0741,BID
1446250307,2260.0,1.6907,BID
1446250307,2260.0,1.7775,BID
1446250307,2260.0,0.9842,BID
1446250307,2260.0,2.4299,BID
1446250309,2260.0,5.4938,ASK
1446250314,2260.0,1.7922,ASK
1446250314,2260.0,0.7878,ASK
1446250315,2259.03,0.0238,ASK
1446250315,2258.97,0.08,ASK
1446250315,2250.08,0.025,ASK
1446250315,2250.07,0.5,ASK
1446250315,2250.07,1.0783,ASK
1446250315,2250.07,0.2929,ASK
1446250316,2259.71,0.0741,BID
1446250322,2259.04,0.1,ASK
1446250323,2259.7,0.5,BID
1446250323,2259.7,0.4,BID
1446250331,2250.16,0.0087,ASK
1446250342,2251.0,5.0,ASK
1446250342,2250.2,0.0231,ASK
1446250342,2250.19,0.462,ASK
1446250342,2250.17,0.0913,ASK
1446250342,2250.17,0.0255,ASK
1446250342,2250.16,2.6799,ASK
1446250344,2250.12,1.9047,ASK
1446250346,2250.95,0.073,BID
1446250346,2250.95,0.056,BID
1446250349,2250.12,0.6054,ASK
1446250349,2250.03,0.4444,ASK
1446250351,2250.0,0.0222,BID
1446250355,2249.99,0.0087,BID
1446250361,2248.04,0.45,ASK
1446250361,2248.04,0.5,ASK
1446250361,2248.04,0.5,ASK
1446250361,2248.03,4.8718,ASK
1446250362,2248.03,1.18,ASK
1446250365,2248.03,0.9458,ASK
1446250365,2248.0,0.1,ASK
1446250365,2247.54,0.1342,ASK
1446250366,2247.54,0.0052,ASK
1446250368,2247.54,0.3106,ASK
1446250368,2247.52,0.8694,ASK
1446250371,2247.51,0.6,ASK
1446250371,2247.51,0.4954,ASK
1446250375,2247.5,30.0,ASK
1446250377,2247.5,6.5993,ASK
1446250379,2246.09,0.0044,ASK
1446250387,2246.08,0.0741,BID
1446250387,2247.46,0.0167,BID
1446250387,2247.46,0.5,BID
1446250387,2247.47,0.333,BID
1446250387,2247.47,0.0707,BID
1446250387,2247.48,0.6,BID
1446250387,2247.48,0.3,BID
1446250387,2247.48,0.5,BID
1446250387,2247.49,5.0,BID
1446250387,2247.49,0.4954,BID
1446250387,2247.49,0.0964,BID
1446250387,2248.0,0.5137,ASK
1446250389,2247.46,0.453,BID
1446250414,2249.09,0.0044,BID
1446250414,2249.39,0.1,ASK
1446250417,2249.85,0.0088,BID
1446250419,2249.4,0.5,ASK
1446250419,2249.4,0.02,ASK
1446250419,2249.39,1.98,ASK
1446250420,2249.37,0.148,BID
1446250424,2250.0,16.0651,BID
1446250430,2250.18,0.447,ASK
1446250431,2249.85,0.074,BID
1446250437,2249.43,0.02,ASK
1446250437,2249.42,0.067,ASK
1446250437,2249.41,1.372,ASK
1446250438,2249.45,5.0,ASK
1446250438,2249.45,11.0,ASK
1446250438,2249.45,4.654,ASK
1446250439,2249.44,0.1,ASK
1446250439,2249.42,0.0264,ASK
1446250439,2249.41,0.528,ASK
1446250439,2249.13,0.0224,BID
1446250441,2248.06,15.406,ASK
1446250442,2249.13,2.051,BID
1446250442,2249.13,0.0224,BID
1446250442,2249.13,1.5,BID
1446250443,2249.1,0.0224,BID
1446250446,2248.05,11.9193,ASK
1446250449,2248.05,0.43,ASK
1446250452,2248.05,0.0007,ASK
1446250452,2248.03,1.2288,ASK
1446250452,2247.89,0.0146,ASK
1446250452,2247.57,0.1371,ASK
1446250455,2248.03,0.0089,BID
1446250456,2248.03,0.3418,BID
1446250456,2249.05,0.0212,BID
1446250456,2249.06,0.424,BID
1446250456,2249.08,0.02,BID
1446250456,2249.09,0.1,BID
1446250456,2250.0,1.9821,ASK
1446250456,2250.0,0.074,ASK
1446250457,2250.0,0.0212,ASK
1446250458,2250.0,9.6775,ASK
1446250458,2250.0,0.79,ASK
1446250458,2250.0,0.5,ASK
1446250458,2250.0,0.399,ASK
1446250458,2250.0,1.2492,ASK
1446250459,2247.58,0.0181,ASK
1446250459,2247.57,0.3629,ASK
1446250459,2247.51,0.103,ASK
1446250459,2247.5,2.33,ASK
1446250459,2247.48,0.45,ASK
1446250459,2247.47,12.69,ASK
1446250459,2247.47,0.0209,BID
1446250460,2247.47,0.162,BID
1446250460,2249.99,0.074,BID
1446250460,2247.51,0.142,ASK
1446250460,2247.0,0.358,ASK
1446250462,2249.49,0.49,BID
1446250462,2249.98,0.0835,BID
1446250462,2249.98,0.332,BID
1446250462,2249.99,0.6768,BID
1446250462,2249.99,0.02,BID
1446250462,2249.99,0.3,BID
1446250462,2249.99,0.6,BID
1446250462,2249.99,0.71,BID
1446250462,2249.99,0.98,BID
1446250462,2249.99,0.98,BID
1446250462,2249.99,0.98,BID
1446250462,2250.0,0.5,BID
1446250462,2250.0,1.9803,BID
1446250462,2250.0,0.062,ASK
1446250462,2250.0,0.05,ASK
1446250462,2250.0,0.01,ASK
1446250462,2250.01,16.519,BID
1446250463,2250.0,0.1338,ASK
1446250463,2247.58,0.0362,ASK
1446250464,2247.58,0.01,ASK
1446250464,2247.58,0.073,ASK
1446250464,2247.58,0.057,ASK
1446250464,2247.58,1.7238,ASK
1446250464,2247.03,0.442,ASK
1446250464,2247.0,0.642,ASK
1446250464,2247.0,0.45,BID
1446250464,2247.0,0.1,BID
1446250466,2246.09,0.5,ASK
1446250467,2246.1,2.6,ASK
1446250468,2246.09,0.6,ASK
1446250469,2246.09,0.05,ASK
1446250469,2246.09,0.058,ASK
1446250470,2246.09,1.9804,ASK
1446250470,2246.09,0.5,ASK
1446250471,2246.09,0.133,ASK
1446250471,2246.09,0.5,ASK
1446250471,2246.09,0.5,ASK
1446250473,2246.09,0.062,ASK
1446250473,2246.09,0.133,ASK
1446250473,2246.09,0.197,ASK
1446250474,2246.09,0.01,ASK
1446250474,2246.09,0.5,ASK
1446250474,2246.09,0.5,ASK
1446250475,2246.09,0.5,ASK
1446250475,2246.09,2.0604,ASK
1446250475,2246.09,1.9823,ASK
1446250475,2246.09,0.305,ASK
1446250475,2246.09,1.0,ASK
1446250476,2246.09,0.08,ASK
1446250476,2246.09,0.5,ASK
1446250476,2246.09,0.0993,ASK
1446250476,2246.09,0.1528,ASK
1446250476,2246.09,0.093,ASK
1446250476,2246.09,1.6962,ASK
1446250478,2244.0,0.03,ASK
1446250478,2244.0,0.07,ASK
1446250478,2242.01,0.075,ASK
1446250478,2242.0,1.5,ASK
1446250481,2242.0,0.3355,BID
1446250481,2243.97,0.074,ASK
1446250481,2243.97,0.04,ASK
1446250482,2243.97,0.07,ASK
1446250483,2243.99,5.0,BID
1446250483,2243.99,0.0243,BID
1446250483,2244.0,19.4757,BID
1446250484,2243.4,0.15,ASK
1446250485,2243.98,0.0971,BID
1446250485,2243.99,0.1359,BID
1446250485,2243.97,0.442,BID
1446250485,2243.99,0.0036,BID
1446250485,2243.99,0.1534,BID
1446250485,2243.99,0.0179,BID
1446250486,2244.02,0.0087,ASK
1446250486,2243.41,0.074,ASK
1446250486,2243.4,0.01,ASK
1446250486,2243.02,0.16,ASK
1446250486,2242.01,0.336,ASK
1446250486,2242.01,0.336,ASK
1446250486,2240.96,0.01,ASK
1446250486,2240.0,0.1,ASK
1446250486,2237.01,0.1,ASK
1446250486,2236.02,0.54,ASK
1446250487,2242.01,0.0504,BID
1446250489,2240.0,0.0497,BID
1446250489,2240.0,0.04,BID
1446250489,2240.0,0.443,BID
1446250489,2240.0,0.519,BID
1446250489,2240.0,0.3289,BID
1446250491,2240.01,0.09,ASK
1446250492,2241.38,0.074,BID
1446250492,2241.38,0.0154,BID
1446250492,2242.24,0.03,BID
1446250493,2242.95,0.0334,ASK
1446250494,2241.36,0.4096,BID
1446250494,2241.38,0.0172,BID
1446250495,2241.4,0.2252,ASK
1446250495,2240.02,0.1116,ASK
1446250495,2240.01,0.3321,ASK
1446250495,2240.01,1.3118,ASK
1446250495,2240.01,0.01,ASK
1446250496,2241.38,0.0045,BID
1446250497,2236.05,0.025,ASK
1446250497,2236.04,0.5,ASK
1446250497,2236.04,0.4318,ASK
1446250497,2236.04,2.0432,ASK
1446250497,2241.35,0.1,BID
1446250497,2241.35,0.1,BID
1446250498,2241.35,0.1,BID
1446250499,2241.34,0.02,BID
1446250499,2241.35,0.133,BID
1446250499,2241.35,0.0108,BID
1446250500,2241.35,0.434,BID
1446250500,2241.36,0.0224,ASK
1446250502,2241.36,0.0168,ASK
1446250503,2241.36,0.01,ASK
1446250505,2241.38,0.0955,BID
1446250505,2242.0,0.0995,BID
1446250506,2241.39,0.0955,ASK
1446250506,2241.37,0.2555,BID
1446250506,2241.99,0.1014,BID
1446250506,2241.99,0.0138,BID
1446250507,2242.01,0.8413,ASK
1446250507,2242.01,0.755,ASK
1446250507,2241.36,0.3845,ASK
1446250510,2243.69,0.04,ASK
1446250513,2244.98,0.07,ASK
1446250513,2245.99,0.02,BID
1446250515,2244.99,0.07,ASK
1446250516,2244.99,0.0039,ASK
1446250516,2244.89,0.0499,BID
1446250516,2243.99,0.463,ASK
1446250516,2243.96,0.129,ASK
1446250516,2243.96,0.5,ASK
1446250516,2243.96,0.301,ASK
1446250516,2243.65,0.11,ASK
1446250516,2242.03,1.501,ASK
1446250517,2244.78,0.02,BID
1446250517,2244.78,0.03,BID
1446250517,2244.89,0.0802,BID
1446250517,2245.52,0.4058,BID
1446250518,2245.52,0.347,BID
1446250520,2244.86,0.463,BID
1446250520,2245.51,0.183,BID
1446250521,2245.51,0.01,BID
1446250522,2245.51,0.0739,BID
1446250522,2245.52,2.9261,BID
1446250523,2245.51,0.0108,BID
1446250523,2244.9,0.05,ASK
1446250524,2245.51,0.2166,BID
1446250524,2245.51,0.0669,BID
1446250524,2245.51,0.279,BID
1446250524,2244.9,0.028,ASK
1446250524,2244.79,0.022,ASK
1446250526,2244.91,0.02,ASK
1446250527,2244.9,0.008,BID
1446250527,2245.0,1.848,BID
1446250527,2245.5,0.11,BID
1446250527,2245.51,5.0,BID
1446250527,2245.52,0.034,BID
1446250527,2245.52,0.17,BID
1446250527,2245.51,7.438,BID
1446250530,2244.79,0.028,ASK
1446250531,2244.78,0.028,BID
1446250531,2245.52,2.552,BID
1446250531,2245.52,0.02,BID
1446250536,2245.52,0.022,BID
1446250538,2245.52,0.01,BID
1446250538,2245.52,0.022,BID
1446250539,2245.52,0.02,BID
1446250541,2245.52,12.1301,BID
1446250542,2248.42,0.022,BID
1446250546,2250.89,0.0146,BID
1446250546,2253.96,0.1373,BID
1446250548,2245.86,0.0017,ASK
1446250549,2245.86,0.0722,ASK
1446250549,2245.84,0.0623,ASK
1446250549,2245.83,0.02,ASK
1446250549,2245.83,1.2264,ASK
1446250549,2245.52,0.0146,BID
1446250549,2245.52,0.447,BID
1446250551,2245.52,0.0623,BID
1446250558,2245.01,0.1,BID
1446250558,2245.0,0.1135,ASK
1446250558,2244.72,0.4616,BID
1446250559,2244.72,0.4454,BID
1446250575,2244.95,0.1135,BID
1446250581,2243.01,0.0291,ASK
1446250581,2243.01,0.0439,ASK
1446250585,2243.0,0.04,ASK
1446250585,2244.91,0.01,BID
1446250585,2243.0,0.1686,ASK
1446250588,2243.01,0.052,ASK
1446250588,2243.01,7.3575,ASK
1446250588,2243.0,1.7953,ASK
1446250590,2244.89,0.0108,BID
1446250590,2243.0,1.971,ASK
1446250591,2243.0,1.0251,ASK
1446250591,2243.0,0.0208,BID
1446250593,2242.07,0.01,ASK
1446250594,2242.99,0.01,BID
1446250594,2243.0,0.0008,BID
1446250595,2242.07,5.215,ASK
1446250602,2240.09,0.01,ASK
1446250604,2238.59,0.01,ASK
1446250607,2240.08,0.0108,BID
1446250612,2240.08,0.0892,BID
1446250612,2240.08,0.0739,BID
1446250613,2240.04,0.1631,BID
1446250614,2240.0,2.58,ASK
1446250615,2240.03,0.0739,BID
1446250615,2240.04,0.2839,BID
1446250615,2240.06,1.1129,BID
1446250615,2240.37,0.65,ASK
1446250617,2240.37,0.02,ASK
1446250619,2240.38,0.1,ASK
1446250619,2240.37,0.4,BID
1446250621,2240.77,0.5,ASK
1446250622,2240.77,0.65,ASK
1446250623,2240.77,0.419,ASK
1446250623,2240.77,0.65,ASK
1446250624,2240.77,0.65,ASK
1446250625,2240.77,0.65,ASK
1446250625,2241.0,0.052,BID
1446250625,2241.01,0.052,BID
1446250625,2241.99,0.02,BID
1446250626,2244.99,0.0023,BID
1446250630,2244.98,0.0519,BID
1446250630,2244.98,0.0199,BID
1446250630,2244.98,0.0044,BID
1446250630,2244.98,0.1035,BID
1446250630,2245.0,1.0834,BID
1446250630,2245.0,1.4369,BID
1446250631,2242.03,0.0099,ASK
1446250633,2244.98,0.1,BID
1446250633,2245.0,0.002,BID
1446250636,2244.95,0.01,BID
1446250636,2245.0,8.2014,BID
1446250636,2245.01,1.8801,BID
1446250637,2247.74,0.5,BID
1446250637,2248.37,0.3627,BID
1446250637,2248.37,0.452,BID
1446250637,2248.38,0.6853,BID
1446250637,2248.37,4.0,BID
1446250637,2248.37,21.201,BID
1446250643,2248.36,0.0394,BID
1446250651,2245.37,0.0737,ASK
1446250651,2245.36,0.3367,ASK
1446250652,2245.36,0.005,ASK
1446250654,2246.38,1.508,ASK
1446250654,2245.36,0.1053,ASK
1446250654,2245.34,0.1697,ASK
1446250654,2245.34,0.1106,ASK
1446250654,2245.34,1.9,ASK
1446250654,2245.34,8.4386,ASK
1446250661,2246.39,0.01,ASK
1446250663,2246.39,0.0801,ASK
1446250665,2246.39,0.0099,ASK
1446250665,2245.37,0.0257,ASK
1446250665,2245.35,0.0111,ASK
1446250665,2245.34,1.2237,ASK
1446250665,2245.33,5.0,ASK
1446250666,2245.0,1.0832,BID
1446250668,2245.0,1.274,BID
1446250697,2243.2,0.0907,ASK
1446250713,2244.83,1.1338,BID
1446250715,2244.8,0.447,BID
1446250715,2244.82,0.1,BID
1446250715,2244.83,0.0899,BID
1446250715,2244.83,0.5868,BID
1446250718,2244.82,0.2222,BID
1446250718,2244.83,0.0542,ASK
1446250740,2247.99,0.015,BID
1446250740,2247.99,2.5006,BID
1446250740,2247.99,0.3,BID
1446250740,2247.99,9.1258,BID
1446250740,2248.0,5.0,BID
1446250740,2248.36,24.218,BID
1446250745,2244.94,0.462,ASK
1446250745,2244.92,0.0316,ASK
1446250745,2244.92,0.025,ASK
1446250745,2244.91,0.1134,ASK
1446250753,2246.05,0.0323,ASK
1446250753,2246.05,0.1,ASK
1446250753,2246.05,0.0638,ASK
1446250753,2246.05,1.7842,ASK
1446250758,2247.97,1.7842,BID
1446250758,2247.98,0.02,BID
1446250758,2248.35,0.0403,BID
1446250758,2248.35,5.0,BID
1446250758,2248.36,0.7555,BID
1446250759,2246.06,0.2,ASK
1446250759,2246.06,0.131,ASK
1446250759,2246.06,0.6,ASK
1446250759,2246.06,0.284,ASK
1446250759,2246.06,0.2,ASK
1446250759,2246.06,0.5463,ASK
1446250760,2246.07,0.0274,ASK
1446250760,2246.06,3.6156,ASK
1446250766,2246.07,0.0218,ASK
1446250766,2246.06,0.5,ASK
1446250766,2246.06,1.4586,ASK
1446250771,2246.06,0.001,ASK
1446250809,2246.06,0.3261,ASK
1446250809,2246.06,0.0739,ASK
1446250810,2247.64,0.0231,BID
1446250810,2247.65,0.462,BID
1446250810,2247.67,0.0737,BID
1446250810,2247.67,0.1,BID
1446250810,2247.68,0.0741,BID
1446250810,2247.69,1.4596,BID
1446250810,2248.34,0.3404,BID
1446250810,2248.35,0.6,BID
1446250810,2248.35,5.0,BID
1446250810,2248.36,10.4461,BID
1446250816,2246.09,0.0337,ASK
1446250816,2246.08,0.0738,ASK
1446250816,2246.08,0.1069,ASK
1446250834,2246.2,0.0392,ASK
1446250839,2246.21,0.001,ASK
1446250841,2246.22,0.0186,ASK
1446250841,2246.22,1.6789,ASK
1446250846,2248.25,0.0738,BID
1446250846,2248.26,0.039,BID
1446250846,2248.28,0.0633,BID
1446250846,2248.29,1.6789,BID
1446250846,2248.29,0.0287,BID
1446250846,2248.3,0.0972,BID
1446250850,2248.29,0.0103,BID
1446250851,2248.29,0.006,BID
1446250851,2248.3,0.004,BID
1446250854,2248.3,0.0057,BID
1446250854,2248.3,0.5,BID
1446250854,2248.35,0.3261,BID
1446250854,2248.36,23.8004,BID
1446250859,2248.35,0.0026,BID
1446250859,2248.35,0.2974,BID
1446250859,2248.35,0.1324,BID
1446250859,2248.36,48.5714,BID
1446250860,2248.36,0.06,BID
1446250866,2248.5,0.33,BID
1446250868,2248.5,1.2693,BID
1446250868,2248.8,0.1188,BID
1446250882,2247.4,0.0201,ASK
1446250882,2247.4,0.1,ASK
1446250882,2247.4,0.0962,ASK
1446250882,2247.39,0.0221,ASK
1446250882,2247.39,0.3862,ASK
1446250882,2247.39,0.016,ASK
1446250882,2247.39,0.3594,ASK
1446250885,2247.43,0.002,ASK
1446250889,2247.45,0.0738,ASK
1446250889,2247.44,0.0224,ASK
1446250889,2247.43,0.1278,ASK
1446250911,2248.03,5.0,ASK
1446250911,2248.03,0.0003,ASK
1446250914,2248.03,0.2043,ASK
1446250915,2248.36,0.2043,ASK
1446250917,2248.36,0.2043,ASK
1446250923,2248.37,0.5,ASK
1446250923,2248.36,1.4809,ASK
1446250923,2248.36,3.1,ASK
1446250924,2248.37,0.3522,ASK
1446250924,2248.36,2.9037,ASK
1446250926,2248.06,0.6,BID
1446250927,2248.03,0.13,BID
1446250927,2248.06,0.3148,BID
1446250928,2247.85,0.4448,BID
1446250929,2247.85,0.0052,BID
1446250929,2247.87,0.45,BID
1446250929,2248.05,0.2046,BID
1446250929,2249.84,0.1,BID
1446250929,2249.84,0.016,BID
1446250930,2249.89,7.0442,ASK
1446250930,2249.85,12.9558,ASK
1446250931,2249.85,0.0738,ASK
1446250933,2249.85,0.5,ASK
1446250933,2249.85,1.2273,ASK
1446250933,2247.43,0.6,ASK
1446250933,2247.35,0.0498,ASK
1446250933,2247.34,0.996,ASK
1446250933,2247.24,0.5009,ASK
1446250933,2247.2,0.1,BID
1446250933,2246.1,0.01,ASK
1446250951,2247.89,0.06,BID
1446250951,2248.0,2.02,BID
1446250952,2247.56,0.01,ASK
1446250953,2247.56,1.4802,ASK
1446250954,2247.56,0.0412,ASK
1446250954,2247.43,1.2105,ASK
1446250956,2247.25,0.016,BID
1446250962,2247.25,0.4101,BID
1446250962,2247.25,0.3862,BID
1446250962,2247.43,0.0128,BID
1446250962,2247.87,0.1,BID
1446250962,2247.99,0.1029,BID
1446250962,2247.99,0.0827,BID
1446250962,2247.99,0.5,BID
1446250962,2248.0,0.4053,BID
1446250971,2246.15,0.0739,ASK
1446250971,2246.15,0.5,ASK
1446250971,2246.14,0.1,ASK
1446250971,2246.13,0.1479,ASK
1446250971,2246.13,0.0147,ASK
1446250971,2246.13,0.0101,ASK
1446250971,2246.11,1.8534,ASK
1446250975,2247.97,1.8534,BID
1446250975,2249.78,0.03,BID
1446250975,2249.79,0.1966,BID
1446250976,2246.13,1.223,ASK
1446250976,2246.11,7.8712,ASK
1446250976,2246.1,0.029,ASK
1446250976,2246.07,0.462,ASK
1446250976,2246.04,1.9215,ASK
1446250977,2245.85,0.5,BID
1446250977,2245.85,1.8549,BID
1446250977,2245.85,0.03,BID
1446250978,2245.85,0.4453,BID
1446250979,2245.86,0.4453,ASK
1446250993,2245.91,0.02,BID
1446250993,2246.15,0.1,BID
1446250993,2247.91,0.0739,BID
1446250993,2247.92,0.025,BID
1446250993,2247.93,0.5,BID
1446250993,2247.93,0.0316,BID
1446250993,2247.93,0.0698,BID
1446250993,2247.94,1.8549,BID
1446250993,2247.94,3.4748,BID
1446250995,2246.12,0.017,BID
1446251002,2246.16,0.001,ASK
1446251004,2246.17,0.1,ASK
1446251004,2246.15,1.3015,ASK
1446251013,2247.88,0.001,BID
1446251013,2247.89,0.0101,BID
1446251013,2247.9,0.3604,BID
1446251013,2247.91,1.6285,BID
1446251014,2247.9,0.0612,BID
1446251014,2247.91,1.1188,BID
1446251016,2247.9,0.0612,ASK
1446251018,2247.87,0.0388,BID
1446251018,2247.89,0.5,BID
1446251040,2248.87,1.18,BID
1446251040,2248.87,2.58,BID
1446251042,2248.86,0.4034,BID
1446251042,2248.87,0.7766,BID
1446251042,2248.87,3.5838,BID
1446251045,2248.86,0.45,BID
1446251045,2248.86,0.05,BID
1446251045,2248.86,0.45,BID
1446251047,2248.86,0.5,BID
1446251048,2248.85,0.02,BID
1446251048,2248.85,0.016,BID
1446251048,2248.86,0.273,BID
1446251049,2248.87,0.309,BID
1446251050,2248.87,24.6091,BID
1446251052,2248.87,0.4447,BID
1446251053,2248.87,0.4447,BID
1446251054,2248.87,0.5148,BID
1446251054,2249.0,1.4657,BID
1446251054,2248.86,0.191,ASK
1446251054,2248.86,0.309,ASK
1446251054,2248.57,0.1,ASK
1446251054,2248.0,0.4447,BID
1446251055,2248.0,0.4447,BID
1446251056,2248.0,0.0031,BID
1446251056,2248.0,0.5,BID
1446251058,2248.0,0.5,BID
1446251058,2248.0,21.0575,BID
1446251058,2249.0,18.9425,BID
1446251058,2249.0,0.02,BID
1446251058,2248.99,89.922,BID
1446251071,2248.99,0.1,BID
1446251071,2249.0,0.4,BID
1446251071,2249.0,3.6718,BID
1446251072,2249.0,0.309,ASK
1446251072,2249.73,24.938,BID
1446251074,2249.74,0.5,BID
1446251076,2249.75,0.6,BID
1446251076,2249.84,0.65,BID
1446251076,2250.0,1.35,BID
1446251080,2250.0,0.5,BID
1446251081,2250.0,0.4444,BID
1446251082,2250.0,0.5,BID
1446251082,2250.0,0.4444,BID
1446251084,2250.0,0.5,BID
1446251084,2250.0,2.7332,BID
1446251084,2250.0,0.4444,BID
1446251086,2250.0,0.5,BID
1446251086,2249.76,0.0739,ASK
1446251087,2249.66,0.0001,BID
1446251087,2249.75,0.02,BID
1446251087,2250.0,0.4243,BID
1446251087,2250.0,0.5,BID
1446251088,2250.0,0.4444,BID
1446251089,2250.0,0.4359,BID
1446251089,2250.0,0.5,BID
1446251089,2250.0,0.4444,BID
1446251090,2250.0,0.5,BID
1446251091,2249.77,0.02,ASK
1446251091,2249.99,0.0739,BID
1446251091,2250.0,1.7963,BID
1446251095,2250.01,0.0486,ASK
1446251096,2250.21,1.619,BID
1446251096,2250.01,0.3958,ASK
1446251096,2250.01,0.0486,ASK
1446251096,2250.01,0.4514,ASK
1446251096,2250.01,1.0886,ASK
1446251097,2250.22,0.4444,ASK
1446251097,2250.21,0.5556,ASK
1446251098,2254.51,0.5,BID
1446251101,2254.51,0.2,ASK
1446251101,2254.51,0.003,ASK
1446251102,2254.51,0.2,ASK
1446251106,2256.0,0.01,BID
1446251106,2258.08,0.003,BID
1446251108,2254.55,0.02,ASK
1446251108,2254.54,0.08,ASK
1446251108,2254.54,0.1,ASK
1446251109,2254.55,0.01,ASK
1446251122,2254.58,0.0066,ASK
1446251123,2254.59,0.0737,ASK
1446251123,2254.59,0.053,ASK
1446251123,2254.59,0.0233,ASK
1446251123,2254.58,1.8305,ASK
1446251124,2254.59,0.1142,ASK
1446251124,2254.58,2.8858,ASK
1446251127,2258.01,0.18,BID
1446251127,2258.02,3.0,BID
1446251127,2258.03,0.02,BID
1446251127,2258.03,0.0596,BID
1446251127,2258.03,1.9,BID
1446251127,2258.04,0.497,BID
1446251127,2258.04,1.0832,BID
1446251127,2258.04,0.0233,BID
1446251127,2258.05,0.5646,BID
1446251131,2254.6,1.0847,ASK
1446251131,2254.59,0.5,ASK
1446251131,2254.59,1.2463,ASK
1446251135,2257.97,0.0737,BID
1446251135,2257.97,0.7266,BID
1446251166,2257.92,0.1479,BID
1446251167,2257.91,0.0542,BID
1446251167,2257.92,0.9368,BID
1446251167,2257.92,0.0103,BID
1446251167,2257.92,0.0497,BID
1446251167,2257.92,1.0886,BID
1446251167,2257.93,3.9919,BID
1446251170,2257.92,0.0137,BID
1446251170,2257.93,5.3483,BID
1446251172,2258.0,0.0137,ASK
1446251174,2258.0,0.2,ASK
1446251174,2258.0,0.2,ASK
1446251175,2259.0,0.48,BID
1446251176,2258.22,1.9775,ASK
1446251176,2258.01,0.0737,ASK
1446251176,2258.0,2.0968,ASK
1446251177,2259.0,0.5,BID
1446251178,2259.0,0.02,BID
1446251179,2259.0,0.0737,ASK
1446251179,2259.0,0.4063,ASK
1446251179,2258.02,0.1,ASK
1446251179,2258.01,0.0228,ASK
1446251179,2258.01,0.0843,ASK
1446251179,2258.0,2.1412,ASK
1446251179,2255.14,5.0,ASK
1446251179,2255.14,0.9872,ASK
1446251179,2255.14,0.578,ASK
1446251183,2259.97,0.093,ASK
1446251184,2259.97,0.093,ASK
1446251185,2259.97,0.314,ASK
1446251186,2259.95,0.093,BID
1446251186,2259.96,0.093,BID
1446251186,2259.96,0.222,BID
1446251193,2259.66,0.0204,BID
1446251193,2259.66,0.0639,BID
1446251193,2259.66,0.1,BID
1446251194,2259.67,0.074,ASK
1446251196,2259.94,0.074,BID
1446251197,2259.68,0.0121,ASK
1446251197,2259.67,0.2417,ASK
1446251198,2259.67,0.0264,BID
1446251198,2259.84,0.02,BID
1446251198,2259.96,0.185,BID
1446251198,2259.96,0.144,ASK
1446251199,2259.96,0.1246,ASK
1446251201,2259.37,0.375,BID
1446251203,2259.37,0.5,BID
1446251203,2255.25,6.24,BID
1446251205,2259.37,0.0121,ASK
1446251205,2259.39,0.3,ASK
1446251206,2259.39,0.0228,ASK
1446251210,2259.97,0.013,BID
1446251210,2259.98,0.1,BID
1446251210,2259.98,0.3,BID
1446251211,2260.0,0.1,BID
1446251211,2260.0,12.2233,BID
1446251211,2260.0,0.06,BID
1446251211,2260.0,16.5248,BID
1446251212,2260.0,0.9993,BID
1446251214,2260.0,0.4425,BID
1446251215,2260.0,0.4425,BID
1446251216,2260.0,0.4425,BID
1446251216,2259.98,0.087,ASK
1446251216,2259.98,0.413,ASK
1446251216,2259.7,0.1,ASK
1446251216,2259.4,0.02,ASK
1446251216,2259.39,0.8162,ASK
1446251216,2255.25,0.126,ASK
1446251216,2255.24,2.5203,ASK
1446251216,2255.23,1.0859,ASK
1446251216,2255.23,8.1576,ASK
1446251216,2255.05,1.5928,ASK
1446251216,2255.03,1.5265,ASK
1446251216,2255.0,2.104,ASK
1446251217,2259.96,0.01,BID
1446251217,2260.0,0.4425,BID
1446251218,2259.99,0.015,ASK
1446251218,2259.4,0.0408,ASK
1446251218,2255.25,0.1872,ASK
1446251218,2255.24,1.2234,ASK
1446251218,2255.23,0.5,BID
1446251219,2255.23,0.3366,BID
1446251219,2259.99,0.1059,BID
1446251221,2259.99,0.0051,BID
1446251221,2259.99,0.01,BID
1446251221,2260.0,0.3149,BID
1446251221,2255.33,0.335,ASK
1446251221,2255.26,0.001,ASK
1446251222,2255.27,4.0,BID
1446251222,2255.27,9.827,BID
1446251246,2255.38,0.023,ASK
1446251246,2255.38,0.437,ASK
1446251246,2255.4,0.001,ASK
1446251250,2255.56,0.5,ASK
1446251250,2255.55,1.29,ASK
1446251251,2255.55,0.01,ASK
1446251251,2255.55,13.97,ASK
1446251251,2255.4,10.6419,ASK
1446251252,2255.53,0.5,BID
1446251252,2255.53,0.0738,BID
1446251252,2255.4,1.9775,ASK
1446251253,2255.45,0.542,BID
1446251253,2255.53,0.058,BID
1446251254,2255.53,0.2152,BID
1446251254,2255.55,0.2448,BID
1446251254,2255.54,0.0108,ASK
1446251254,2255.54,0.099,ASK
1446251255,2255.54,0.1634,ASK
1446251255,2255.54,0.2732,ASK
1446251255,2255.41,0.5,ASK
1446251255,2255.4,0.2434,ASK
1446251256,2255.41,0.01,ASK
1446251256,2255.41,0.01,ASK
1446251256,2255.41,0.48,ASK
1446251256,2255.4,4.5204,ASK
1446251257,2255.42,0.025,ASK
1446251257,2255.41,0.07,ASK
1446251257,2255.4,0.095,ASK
1446251257,2255.4,0.06,ASK
1446251258,2255.4,0.716,ASK
1446251258,2255.4,0.716,ASK
1446251258,2255.4,0.3,ASK
1446251258,2255.4,0.5,ASK
1446251258,2255.4,0.3,ASK
1446251258,2255.4,0.5,ASK
1446251258,2255.51,7.898,ASK
1446251258,2255.4,0.5,ASK
1446251258,2255.4,0.08,ASK
1446251259,2255.41,0.45,ASK
1446251259,2255.4,0.73,ASK
1446251259,2255.4,0.19,ASK
1446251259,2255.4,2.0,ASK
1446251259,2255.4,0.921,ASK
1446251259,2255.4,0.65,ASK
1446251259,2255.51,1.0,ASK
1446251259,2255.51,1.0,ASK
1446251259,2255.51,2.314,ASK
1446251259,2255.4,0.5,ASK
1446251259,2255.4,2.58,ASK
1446251260,2255.4,0.65,ASK
1446251261,2255.4,20.6278,ASK
1446251261,2255.15,20.001,ASK
1446251261,2255.06,0.45,ASK
1446251261,2255.0,2.896,ASK
1446251261,2252.73,1.0103,ASK
1446251261,2252.04,0.1697,ASK
1446251262,2253.45,0.01,ASK
1446251266,2253.45,0.01,ASK
1446251266,2252.05,0.25,ASK
1446251267,2254.9,0.05,BID
1446251268,2252.04,0.114,ASK
1446251268,2251.61,0.0379,ASK
1446251269,2254.89,0.0189,BID
1446251269,2254.9,0.0211,BID
1446251269,2254.89,0.1,BID
1446251269,2254.9,0.3069,BID
1446251269,2254.96,0.023,BID
1446251269,2254.98,0.1575,BID
1446251269,2254.98,0.0518,BID
1446251269,2254.99,1.9408,BID
1446251269,2254.9,0.5,ASK
1446251270,2254.89,2.0,BID
1446251271,2254.89,0.5,BID
1446251271,2254.89,0.174,BID
1446251271,2254.89,0.4435,BID
1446251272,2254.87,0.46,BID
1446251272,2254.89,0.04,BID
1446251272,2254.89,0.3,BID
1446251272,2254.9,0.02,ASK
1446251273,2254.9,0.4235,ASK
1446251273,2254.89,0.5,ASK
1446251273,2251.62,0.0895,ASK
1446251273,2251.61,1.7892,ASK
1446251273,2250.64,0.01,ASK
1446251273,2250.01,0.1087,ASK
1446251273,2250.0,4.9817,ASK
1446251273,2255.0,0.6402,ASK
1446251273,2255.26,2.0,ASK
1446251273,2255.26,6.539,ASK
1446251273,2255.01,31.011,ASK
1446251274,2255.0,0.4235,ASK
1446251274,2255.0,0.09,ASK
1446251275,2255.0,0.17,ASK
1446251275,2255.26,0.015,BID
1446251275,2255.27,0.3,BID
1446251276,2255.27,0.185,ASK
1446251276,2255.0,1.056,ASK
1446251276,2255.25,7.835,BID
1446251277,2255.26,0.127,BID
1446251277,2255.0,0.2,ASK
1446251278,2255.01,0.0146,ASK
1446251278,2255.0,1.4625,ASK
1446251279,2255.0,0.5034,BID
1446251279,2255.26,0.2126,BID
1446251280,2255.26,0.619,BID
1446251282,2255.26,0.0798,BID
1446251282,2255.52,0.0355,BID
1446251282,2255.53,0.2732,BID
1446251282,2255.53,0.0743,BID
1446251282,2255.26,0.001,ASK
1446251285,2255.53,0.3616,BID
1446251285,2255.56,0.0181,ASK
1446251286,2255.56,0.0181,ASK
1446251288,2259.11,0.025,BID
1446251288,2259.12,0.5,BID
1446251288,2259.35,0.04,BID
1446251288,2259.36,0.5,BID
1446251288,2259.36,0.3,BID
1446251288,2259.37,0.12,BID
1446251288,2259.4,0.0611,BID
1446251288,2259.41,1.4539,BID
1446251288,2259.41,0.046,BID
1446251294,2258.5,0.22,BID
1446251299,2258.49,0.0738,BID
1446251299,2258.49,0.0062,BID
1446251335,2256.01,0.0739,ASK
1446251335,2256.0,0.1318,ASK
1446251335,2256.0,0.1,ASK
1446251335,2256.0,0.012,ASK
1446251335,2255.99,1.2533,ASK
1446251335,2255.99,2.0,ASK
1446251336,2255.99,0.3686,ASK
1446251336,2255.99,0.3397,ASK
1446251336,2255.98,0.0128,ASK
1446251336,2255.77,0.0537,ASK
1446251336,2255.76,1.0749,ASK
1446251336,2255.69,0.45,ASK
1446251336,2255.53,0.01,ASK
1446251336,2255.27,0.2703,ASK
1446251336,2255.27,0.01,ASK
1446251339,2255.89,0.126,BID
1446251341,2255.27,0.0461,ASK
1446251343,2255.69,0.3978,BID
1446251343,2255.89,0.1022,BID
1446251343,2255.27,0.897,ASK
1446251343,2255.26,0.733,ASK
1446251349,2255.68,0.1,BID
1446251349,2255.68,0.001,BID
1446251361,2255.29,0.1,ASK
1446251361,2255.28,0.5,ASK
1446251361,2255.28,0.02,ASK
1446251361,2255.26,6.38,ASK
1446251365,2257.94,0.1233,BID
1446251365,2257.95,0.0739,BID
1446251365,2257.95,0.3,BID
1446251365,2257.95,2.5028,BID
1446251368,2257.94,0.06,BID
1446251368,2257.94,0.0142,BID
1446251368,2257.96,2.5221,BID
1446251368,2257.96,9.721,BID
1446251368,2258.0,2.0,BID
1446251369,2258.25,0.6,ASK
1446251369,2258.25,1.0856,ASK
1446251370,2258.25,0.259,ASK
1446251370,2258.25,1.2234,ASK
1446251371,2258.4,1.18,BID
1446251372,2257.96,0.025,ASK
1446251372,2257.94,0.0742,ASK
1446251372,2255.64,0.791,BID
1446251372,2255.64,0.4428,BID
1446251372,2255.64,0.7928,BID
1446251372,2255.64,1.18,BID
1446251373,2255.64,2.58,BID
1446251373,2255.64,0.2213,BID
1446251375,2255.64,3.8929,BID
1446251375,2257.99,0.025,BID
1446251375,2258.0,0.475,BID
1446251375,2257.99,26.484,BID
1446251376,2258.0,0.17,BID
1446251376,2258.0,1.18,BID
1446251377,2258.0,6.2939,BID
1446251377,2258.4,0.8031,BID
1446251377,2258.4,0.0169,BID
1446251378,2258.5,0.2,BID
1446251380,2258.49,0.3,BID
1446251380,2258.5,2.58,BID
1446251380,2259.0,0.8254,BID
1446251380,2259.0,0.2,BID
1446251381,2258.99,10.448,BID
1446251382,2259.0,0.03,BID
1446251382,2259.0,2.802,BID
1446251383,2258.8,0.002,ASK
1446251383,2258.72,0.098,BID
1446251383,2259.0,1.1426,BID
1446251383,2259.9,1.5,BID
1446251383,2259.9,0.1072,BID
1446251383,2259.97,1.9491,BID
1446251385,2259.97,0.7852,BID
1446251386,2259.97,2.2657,BID
1446251386,2260.0,1.142,BID
1446251386,2260.0,0.03,BID
1446251386,2260.0,0.098,BID
1446251390,2260.0,0.454,BID
1446251391,2260.0,1.5359,BID
1446251391,2260.91,3.9308,BID
1446251391,2260.98,0.1,BID
1446251393,2261.52,0.0023,BID
1446251393,2261.98,0.1,BID
1446251397,2262.7,0.026,BID
1446251397,2262.98,0.1,BID
1446251397,2262.98,0.373,BID
1446251402,2262.98,0.8207,BID
1446251402,2262.98,1.6562,BID
1446251404,2262.98,0.2543,BID
1446251404,2263.0,1.0,BID
1446251404,2263.0,0.0121,BID
1446251405,2263.28,0.7042,ASK
1446251405,2262.02,0.02,ASK
1446251405,2260.03,0.4856,ASK
1446251405,2260.02,5.4484,ASK
1446251405,2263.98,0.1,BID
1446251405,2264.98,0.1,BID
1446251411,2264.99,0.1,ASK
1446251415,2263.02,0.01,ASK
1446251416,2264.68,0.076,ASK
1446251416,2264.68,0.043,ASK
1446251417,2264.68,0.0767,BID
1446251422,2263.03,0.0737,ASK
1446251422,2263.02,0.0263,ASK
1446251422,2263.02,0.0305,ASK
1446251422,2263.02,0.0695,ASK
1446251422,2263.02,0.1,ASK
1446251422,2263.02,0.1,ASK
1446251422,2263.02,0.1,ASK
1446251422,2263.02,0.1,ASK
1446251422,2263.02,0.1,ASK
1446251422,2264.66,0.1,BID
1446251422,2264.67,0.119,BID
1446251422,2264.67,0.119,BID
1446251422,2264.67,0.119,BID
1446251422,2264.67,0.119,BID
1446251422,2264.67,5.4484,BID
1446251422,2264.67,1.9,BID
1446251423,2265.0,0.1,ASK
1446251423,2265.0,0.437,ASK
1446251423,2265.0,1.9803,ASK
1446251423,2265.0,0.5,ASK
1446251423,2265.0,0.118,ASK
1446251423,2265.01,4.791,ASK
1446251423,2265.0,0.3363,ASK
1446251423,2265.0,0.5,ASK
1446251423,2265.0,0.1,ASK
1446251424,2265.0,0.5,ASK
1446251424,2265.0,14.7194,ASK
1446251424,2263.02,3.6886,ASK
1446251424,2263.01,1.2208,ASK
1446251424,2263.01,2.5043,ASK
1446251425,2262.72,0.1829,BID
1446251425,2262.72,2.1486,BID
1446251426,2263.02,3.283,ASK
1446251427,2263.02,0.5,ASK
1446251432,2262.74,0.5216,ASK
1446251432,2262.73,0.1,ASK
1446251432,2262.73,0.1,ASK
1446251432,2262.73,0.1,ASK
1446251432,2262.73,0.1,ASK
1446251432,2262.73,0.1564,ASK
1446251432,2262.73,0.4216,ASK
1446251432,2260.02,0.0228,ASK
1446251432,2260.01,0.0556,ASK
1446251435,2263.01,0.024,BID
1446251435,2263.02,0.076,BID
1446251435,2263.02,0.1,BID
1446251435,2263.02,0.082,BID
1446251435,2263.02,0.1,BID
1446251436,2262.98,0.5,ASK
1446251436,2263.01,0.0202,BID
1446251436,2263.02,0.1224,BID
1446251437,2263.03,0.224,ASK
1446251437,2263.03,0.0753,ASK
1446251437,2262.98,0.5747,ASK
1446251439,2262.98,0.65,ASK
1446251440,2262.98,0.22,ASK
1446251440,2262.98,2.58,ASK
1446251441,2262.98,0.5,ASK
1446251443,2262.98,1.9805,ASK
1446251444,2262.98,0.5,ASK
1446251444,2262.98,1.9706,ASK
1446251447,2263.14,0.0431,ASK
1446251447,2262.99,0.1,ASK
1446251447,2262.98,0.3569,ASK
1446251452,2262.98,0.5,ASK
1446251453,2262.98,1.9806,ASK
1446251455,2262.98,0.5,ASK
1446251458,2262.98,0.5,ASK
1446251461,2264.7,0.1,BID
1446251461,2264.81,0.119,BID
1446251461,2264.81,1.9,BID
1446251461,2264.81,0.025,BID
1446251461,2264.82,9.7113,BID
1446251461,2265.0,0.1001,BID
1446251461,2265.01,0.8807,ASK
1446251461,2265.01,5.0,ASK
1446251462,2265.01,0.1314,ASK
1446251462,2265.01,0.0737,ASK
1446251463,2265.01,0.1022,ASK
1446251463,2265.01,0.5,ASK
1446251464,2265.01,1.2208,ASK
1446251465,2265.01,0.3,ASK
1446251465,2265.01,1.669,ASK
1446251465,2265.0,0.331,ASK
1446251465,2265.0,0.3,ASK
1446251465,2265.0,0.5,ASK
1446251465,2265.0,1.0,ASK
1446251465,2265.0,0.6,ASK
1446251465,2265.0,0.3,ASK
1446251465,2265.02,0.0737,ASK
1446251465,2265.0,0.4263,ASK
1446251466,2265.0,1.0,ASK
1446251466,2265.0,3.0,ASK
1446251466,2265.0,2.0,ASK
1446251466,2265.0,0.5427,ASK
1446251466,2264.92,20.628,ASK
1446251467,2262.99,0.0343,ASK
1446251467,2262.99,0.02,ASK
1446251467,2262.98,0.4457,ASK
1446251467,2264.54,0.5,BID
1446251467,2264.54,0.2,BID
1446251467,2264.54,0.01,BID
1446251469,2264.06,0.01,BID
1446251469,2264.54,0.0916,BID
1446251469,2264.54,0.1984,BID
1446251471,2264.89,0.2,BID
1446251471,2264.93,0.2,BID
1446251471,2265.0,2.8063,BID
1446251471,2265.0,1.0,BID
1446251471,2265.0,0.5032,BID
1446251474,2264.56,0.1016,ASK
1446251474,2263.0,0.0149,ASK
1446251474,2262.99,0.0121,ASK
1446251474,2262.99,0.3714,ASK
1446251475,2264.86,0.45,BID
1446251475,2264.99,0.0143,BID
1446251475,2264.99,0.01,BID
1446251475,2264.99,0.01,BID
1446251475,2265.0,0.5,BID
1446251475,2265.0,0.5,BID
1446251475,2265.0,0.5,BID
1446251475,2265.0,1.9808,ASK
1446251477,2265.0,0.0225,ASK
1446251477,2265.18,0.0027,ASK
1446251477,2265.0,0.4973,ASK
1446251478,2265.0,0.001,ASK
1446251478,2265.0,0.1007,ASK
1446251478,2265.0,5.0,ASK
1446251478,2265.0,0.4134,ASK
1446251479,2264.99,0.0241,BID
1446251481,2264.99,0.0625,BID
1446251481,2264.99,0.3,BID
1446251481,2264.99,0.5355,BID
1446251483,2264.89,0.09,BID
1446251483,2263.02,0.45,ASK
1446251483,2262.99,0.05,ASK
1446251485,2263.0,1.9809,ASK
1446251487,2263.03,0.003,BID
1446251487,2263.03,0.017,ASK
1446251487,2263.01,0.1143,ASK
1446251487,2263.01,0.0225,ASK
1446251487,2263.01,0.0324,ASK
1446251487,2263.01,0.3138,ASK
1446251490,2263.03,0.003,ASK
1446251490,2263.01,0.805,ASK
1446251491,2263.01,0.1031,ASK
1446251491,2263.01,0.3969,ASK
1446251491,2263.01,0.65,ASK
1446251496,2263.01,0.5,ASK
1446251498,2263.01,0.01,ASK
1446251499,2263.01,0.411,ASK
1446251499,2263.01,0.5,ASK
1446251500,2263.02,0.1,ASK
1446251500,2263.01,1.869,ASK
1446251502,2263.01,0.828,ASK
1446251503,2264.88,9.0,ASK
1446251503,2264.88,4.094,ASK
1446251504,2263.01,0.5,ASK
1446251504,2263.01,4.0042,ASK
1446251507,2263.01,3.352,BID
1446251507,2263.01,2.6438,BID
1446251507,2263.01,0.3562,BID
1446251507,2263.01,1.0,BID
1446251507,2263.0,1.2219,ASK
1446251508,2263.01,0.05,BID
1446251508,2263.01,0.4419,BID
1446251508,2263.0,0.5,ASK
1446251509,2263.01,0.4,BID
1446251509,2263.01,0.4419,BID
1446251509,2263.01,0.12,BID
1446251510,2263.01,0.4419,BID
1446251511,2263.0,0.45,ASK
1446251511,2263.01,0.49,BID
1446251511,2263.01,0.4419,BID
1446251511,2263.01,0.2,BID
1446251511,2263.01,0.6,BID
1446251511,2263.01,0.2,BID
1446251511,2263.0,0.088,ASK
1446251511,2263.0,0.5,ASK
1446251512,2263.0,0.2592,ASK
1446251512,2262.99,0.3908,BID
1446251512,2263.01,0.7662,BID
1446251513,2263.0,0.02,BID
1446251513,2263.01,0.21,BID
1446251514,2262.98,0.241,ASK
1446251515,2262.99,0.11,BID
1446251517,2262.97,0.241,BID
1446251517,2262.99,0.2009,BID
1446251526,2261.51,0.0033,ASK
1446251534,2255.4,0.0045,ASK
1446251534,2255.4,0.0655,ASK
1446251542,2255.43,0.451,ASK
1446251542,2255.4,0.0045,ASK
1446251542,2255.36,0.3146,ASK
1446251542,2251.02,0.2107,ASK
1446251549,2255.44,0.451,ASK
1446251549,2255.44,0.049,ASK
1446251550,2255.44,0.372,ASK
1446251550,2255.44,0.079,ASK
1446251558,2255.43,0.5,ASK
1446251561,2255.68,0.3167,ASK
1446251561,2255.43,0.1833,ASK
1446251564,2255.44,0.5198,ASK
1446251564,2255.43,3.8857,ASK
1446251565,2251.03,0.0045,ASK
1446251565,2251.03,0.4955,ASK
1446251568,2255.41,0.1,BID
1446251568,2251.04,1.2284,ASK
1446251568,2251.03,1.0716,ASK
1446251570,2255.4,0.0225,BID
1446251570,2255.4,0.123,BID
1446251570,2255.4,0.0545,BID
1446251572,2255.39,0.0523,BID
1446251572,2255.39,0.0737,BID
1446251572,2255.39,1.2284,BID
1446251572,2255.4,0.621,BID
1446251573,2255.37,0.451,BID
1446251573,2255.4,4.3245,BID
1446251573,2255.4,0.02,BID
1446251573,2255.4,9.7191,BID
1446251573,2255.4,1.0853,BID
1446251575,2258.94,1.1387,BID
1446251575,2259.0,0.1813,BID
1446251576,2255.41,0.5,ASK
1446251581,2255.45,0.0223,ASK
1446251581,2255.44,0.446,ASK
1446251581,2255.42,0.0317,ASK
1446251582,2255.42,0.2,ASK
1446251585,2255.43,0.5,ASK
1446251588,2255.44,0.5,ASK
1446251593,2255.44,0.5,ASK
1446251596,2255.45,1.1516,ASK
1446251596,2255.44,0.6,ASK
1446251596,2255.43,9.2189,ASK
1446251596,2255.42,1.0854,ASK
1446251596,2255.41,7.9441,ASK
1446251601,2255.47,0.5,ASK
1446251601,2255.44,1.2284,ASK
1446251601,2253.42,0.01,BID
1446251601,2255.43,15.69,BID
1446251601,2252.0,0.1,ASK
1446251601,2252.0,0.4,ASK
1446251603,2255.43,0.5,BID
1446251605,2255.39,0.0755,BID
1446251605,2255.4,0.3445,BID
1446251605,2255.4,0.803,BID
1446251605,2255.4,0.3625,BID
1446251605,2255.42,0.1022,BID
1446251606,2255.42,0.1948,ASK
1446251608,2255.41,0.5625,ASK
1446251608,2255.41,0.603,ASK
1446251608,2255.41,1.51,ASK
1446251608,2255.41,0.538,ASK
1446251608,2255.41,0.446,ASK
1446251610,2255.42,0.265,BID
1446251611,2255.41,0.477,ASK
1446251613,2255.41,2.0606,BID
1446251613,2255.42,0.7686,BID
1446251613,2256.0,0.5,ASK
1446251613,2256.0,0.4535,ASK
1446251613,2256.0,0.1,ASK
1446251617,2255.44,0.0338,ASK
1446251617,2255.44,0.0279,ASK
1446251617,2255.43,0.791,ASK
1446251617,2255.43,0.1193,ASK
1446251624,2258.79,0.01,BID
1446251636,2255.52,0.0225,ASK
1446251636,2255.51,0.451,ASK
1446251636,2255.44,0.0162,ASK
1446251636,2255.43,0.3241,ASK
1446251637,2255.0,0.5,BID
1446251637,2255.0,0.0225,BID
1446251638,2255.0,2.67,BID
1446251638,2255.0,0.07,BID
1446251638,2255.0,2.241,BID
1446251639,2255.0,0.356,BID
1446251640,2254.97,0.066,BID
1446251640,2254.96,4.0,BID
1446251640,2254.96,0.673,BID
1446251641,2254.97,0.385,BID
1446251641,2254.99,1.0854,BID
1446251641,2255.0,0.5296,BID
1446251641,2255.0,0.5,BID
1446251641,2255.0,0.5,BID
1446251642,2254.99,2.4801,BID
1446251646,2254.99,0.1,BID
1446251648,2254.99,2.58,BID
1446251648,2254.99,0.01,BID
1446251649,2252.09,13.144,BID
1446251650,2254.99,0.06,BID
1446251650,2254.99,0.106,BID
1446251664,2254.98,0.0819,BID
1446251664,2254.98,0.0556,BID
1446251664,2254.98,0.03,BID
1446251664,2254.99,4.3828,BID
1446251665,2255.47,0.2,BID
1446251682,2252.2,0.02,ASK
1446251682,2252.19,0.1,ASK
1446251682,2252.15,1.2301,ASK
1446251682,2252.0,4.6,ASK
1446251682,2252.0,1.086,BID
1446251683,2252.0,2.9639,BID
1446251688,2253.0,0.3272,ASK
1446251692,2253.03,0.447,ASK
1446251692,2253.01,0.45,ASK
1446251692,2253.0,0.283,ASK
1446251698,2255.42,0.0217,BID
1446251698,2255.43,0.447,BID
1446251698,2255.45,1.2301,BID
1446251698,2255.46,1.086,BID
1446251698,2255.46,2.9639,BID
1446251698,2255.47,1.495,BID
1446251700,2256.96,0.0128,BID
1446251701,2257.46,0.1,ASK
1446251703,2258.74,5.936,ASK
1446251714,2258.9,0.1712,BID
1446251714,2258.9,0.1788,BID
1446251714,2258.99,1.9,BID
1446251714,2259.0,1.3157,BID
1446251714,2259.59,0.5,BID
1446251714,2259.6,2.8713,BID
1446251714,2259.97,2.5342,BID
1446251714,2259.99,0.7,BID
1446251748,2258.99,0.5,BID
1446251748,2259.0,0.55,BID
1446251748,2259.0,5.6941,BID
1446251752,2257.6,0.02,ASK
1446251752,2257.59,0.0737,ASK
1446251752,2257.59,0.1,ASK
1446251752,2257.58,0.1211,ASK
1446251752,2257.58,0.022,ASK
1446251752,2257.58,0.0543,ASK
1446251752,2257.57,2.1889,ASK
1446251752,2257.58,4.178,ASK
1446251771,2257.7,0.5,BID
1446251775,2257.69,0.06,BID
1446251776,2257.69,0.4429,BID
1446251777,2257.69,0.0971,BID
1446251777,2257.7,0.3458,BID
1446251778,2257.7,0.4429,BID
1446251781,2257.7,2.0787,BID
1446251781,2257.7,4.5557,BID
1446251782,2257.7,0.4429,BID
1446251782,2257.7,1.5024,BID
1446251783,2257.69,0.095,BID
1446251783,2257.7,0.3479,BID
1446251784,2257.7,0.4429,BID
1446251784,2257.7,3.4084,BID
1446251784,2257.61,20.0,BID
1446251784,2257.61,4.836,BID
1446251786,2257.7,0.006,BID
1446251789,2257.69,0.022,BID
1446251789,2257.69,0.0804,BID
1446251789,2257.7,0.0485,BID
1446251790,2257.68,0.0737,BID
1446251790,2257.7,0.0287,BID
1446251796,2257.7,5.8492,BID
1446251796,2257.9,0.1,BID
1446251797,2259.9,0.55,BID
1446251797,2259.95,2.1889,BID
1446251797,2259.97,1.9,BID
1446251797,2259.99,0.3146,BID
1446251797,2259.99,0.15,BID
1446251797,2260.0,0.3704,BID
1446251797,2258.0,0.02,ASK
1446251799,2258.01,0.0737,ASK
1446251799,2258.0,6.7155,ASK
1446251802,2258.0,6.3099,ASK
1446251802,2257.98,0.5,ASK
1446251802,2257.72,0.0221,ASK
1446251802,2257.71,0.4429,ASK
1446251802,2257.6,0.02,ASK
1446251802,2255.1,0.0311,ASK
1446251802,2255.09,0.6,ASK
1446251802,2255.06,0.0543,ASK
1446251802,2255.05,1.0867,ASK
1446251802,2255.0,2.0,ASK
1446251802,2253.0,0.5,ASK
1446251802,2251.36,0.3147,ASK
1446251802,2251.0,0.6,ASK
1446251802,2250.61,0.008,ASK
1446251802,2250.0,0.4256,ASK
1446251802,2250.0,3.9498,ASK
1446251802,2250.0,1.0,ASK
1446251802,2250.0,0.1,ASK
1446251802,2248.0,0.1,ASK
1446251802,2245.26,0.0093,ASK
1446251802,2245.02,0.45,ASK
1446251802,2245.0,2.0,ASK
1446251802,2243.41,0.028,ASK
1446251802,2242.06,0.45,ASK
1446251802,2242.04,0.5,ASK
1446251802,2242.04,0.5,ASK
1446251802,2242.03,2.5384,ASK
1446251802,2242.01,0.1,ASK
1446251802,2241.01,0.1,ASK
1446251802,2240.01,0.1,ASK
1446251802,2240.0,1.0,ASK
1446251802,2240.0,1.3711,ASK
1446251802,2240.0,1.1025,ASK
1446251802,2239.49,0.0038,ASK
1446251802,2239.01,0.1,ASK
1446251802,2238.01,0.1,ASK
1446251802,2238.0,0.04,ASK
1446251802,2237.01,0.1,ASK
1446251802,2236.01,0.1,ASK
1446251802,2236.0,0.1,ASK
1446251802,2235.31,1.9,ASK
1446251802,2235.3,5.8411,ASK
1446251803,2258.36,1.0,ASK
1446251803,2258.36,6.407,ASK
1446251814,2258.36,0.014,BID
1446251814,2255.15,0.0038,ASK
1446251820,2258.0,5.1052,BID
1446251824,2257.99,0.0368,BID
1446251824,2258.0,0.7359,BID
1446251824,2258.36,0.0127,BID
1446251824,2258.37,1.0867,BID
1446251824,2258.38,0.001,BID
1446251824,2259.28,0.003,BID
1446251824,2259.89,0.6,BID
1446251824,2259.89,0.5,BID
1446251824,2259.89,0.1337,BID
1446251826,2255.2,0.0093,ASK
1446251826,2259.88,1.9,BID
1446251826,2259.89,0.3663,BID
1446251826,2259.9,0.89,BID
1446251827,2259.97,0.044,ASK
1446251828,2259.97,1.8007,ASK
1446251833,2259.89,0.3,BID
1446251833,2259.96,0.65,BID
1446251833,2260.0,2.525,BID
1446251838,2259.99,0.0737,BID
1446251838,2259.99,2.5284,BID
1446251838,2259.99,1.2245,BID
1446251845,2255.28,0.0231,ASK
1446251845,2255.27,0.462,ASK
1446251845,2255.25,0.01,ASK
1446251845,2255.24,0.1,ASK
1446251845,2255.24,1.0881,ASK
1446251845,2255.24,8.1572,ASK
1446251849,2259.96,0.462,BID
1446251849,2259.98,0.015,BID
1446251849,2259.98,3.3496,BID
1446251867,2255.81,0.0128,ASK
1446251867,2255.39,0.0226,ASK
1446251867,2255.39,0.0612,ASK
1446251870,2259.87,0.0612,BID
1446251870,2259.88,0.0307,BID
1446251870,2259.89,0.0408,BID
1446251888,2255.47,0.0226,ASK
1446251888,2255.47,0.0739,ASK
1446251888,2255.47,0.4648,ASK
1446251917,2258.88,0.0226,BID
1446251919,2258.88,0.0513,ASK
1446251919,2258.88,0.0226,BID
1446251919,2258.89,1.7781,BID
1446251923,2258.87,0.0513,BID
1446251923,2258.89,2.9357,ASK
1446251925,2258.89,0.051,BID
1446251927,2258.89,1.0881,BID
1446251928,2258.98,0.1,BID
1446251928,2259.18,0.1,BID
1446251928,2259.5,0.55,BID
1446251928,2258.89,0.001,ASK
1446251929,2259.5,1.088,BID
1446251929,2259.5,0.362,BID
1446251929,2259.6,0.0413,BID
1446251929,2259.6,0.4571,BID
1446251929,2259.89,0.7229,BID
1446251931,2258.99,3.0,BID
1446251931,2258.99,17.076,BID
1446251932,2259.5,0.2592,ASK
1446251933,2259.89,0.1,BID
1446251933,2259.5,0.8298,ASK
1446251933,2258.99,0.114,ASK
1446251933,2258.98,2.2803,ASK
1446251933,2258.9,0.0518,ASK
1446251933,2258.9,0.0437,ASK
1446251934,2258.25,0.0739,BID
1446251934,2258.25,0.26,BID
1446251934,2258.25,0.114,BID
1446251935,2258.25,0.1,BID
1446251935,2258.25,3.0,BID
1446251937,2258.25,1.672,BID
1446251938,2258.25,2.58,BID
1446251939,2258.25,0.139,BID
1446251947,2258.24,0.1,BID
1446251947,2258.25,7.2566,BID
1446251948,2256.04,0.02,ASK
1446251948,2256.02,0.051,ASK
1446251948,2256.02,0.0242,ASK
1446251948,2256.02,0.0115,ASK
1446251948,2256.02,0.0354,ASK
1446251948,2256.01,9.1776,ASK
1446251948,2256.0,0.1,ASK
1446251949,2256.0,0.0532,BID
1446251952,2256.0,0.116,BID
1446251952,2256.0,2.4804,BID
1446251952,2255.99,2.0,BID
1446251952,2255.99,3.778,BID
1446251955,2255.99,0.0739,BID
1446251955,2256.0,3.4925,BID
1446251960,2258.0,0.312,ASK
1446251961,2258.0,0.2556,ASK
1446251962,2257.99,0.312,BID
1446251962,2257.99,0.5676,BID
1446251962,2258.24,0.235,BID
1446251962,2258.24,0.1946,BID
1446251962,2258.25,7.3997,BID
1446251964,2257.98,0.0182,BID
1446251964,2258.25,0.0649,BID
1446251979,2256.04,0.213,BID
1446251979,2256.03,0.02,ASK
1446251979,2256.01,0.0222,ASK
1446251979,2256.0,0.4434,ASK
1446251979,2255.37,0.0158,ASK
1446251979,2255.36,0.001,ASK
1446251979,2255.36,0.3148,ASK
1446251979,2254.0,0.1998,ASK
1446251979,2253.84,0.0136,ASK
1446251979,2251.03,0.0616,ASK
1446251979,2251.02,0.0878,ASK
1446251980,2256.04,0.3727,BID
1446251982,2256.05,0.0706,ASK
1446251982,2255.98,0.4433,BID
1446251984,2255.98,0.0511,BID
1446251987,2256.06,0.0489,ASK
1446251987,2256.05,0.2991,ASK
1446251988,2256.84,0.0136,BID
1446251988,2258.21,0.0616,BID
1446251988,2258.21,0.0222,BID
1446251988,2258.23,7.3566,BID
1446251988,2258.24,2.3817,BID
1446251995,2258.22,0.0158,BID
1446251995,2258.23,4.4091,BID
1446252030,2256.11,0.0219,ASK
1446252031,2257.99,0.1,BID
1446252031,2257.99,2.2639,BID
1446252037,2257.98,0.001,BID
1446252059,2256.16,0.074,ASK
1446252059,2256.16,0.0624,ASK
1446252059,2256.16,0.0568,ASK
1446252059,2256.15,2.3841,ASK
1446252059,2256.15,0.0576,ASK
1446252059,2256.14,2.1297,ASK
1446252060,2256.18,4.0,ASK
1446252060,2256.18,2.357,ASK
1446252062,2256.17,0.1,ASK
1446252062,2256.14,0.1359,ASK
1446252066,2256.05,0.0005,ASK
1446252085,2255.85,0.002,BID
1446252090,2255.0,1.635,ASK
1446252090,2255.0,0.365,ASK
1446252090,2254.62,0.0136,ASK
1446252090,2251.65,0.458,ASK
1446252090,2251.62,1.0912,ASK
1446252090,2251.61,0.6522,ASK
1446252090,2251.61,0.5,ASK
1446252097,2254.7,1.9749,BID
1446252097,2254.97,2.3761,BID
1446252101,2254.66,0.0229,BID
1446252101,2254.66,0.5,BID
1446252101,2254.67,0.458,BID
1446252101,2254.69,0.02,BID
1446252101,2254.95,0.0553,BID
1446252101,2254.96,1.0912,BID
1446252101,2254.96,0.0665,BID
1446252101,2254.97,7.3642,BID
1446252101,2254.98,0.1,BID
1446252101,2254.99,0.65,BID
1446252102,2255.0,1.18,ASK
1446252102,2255.0,0.5,ASK
1446252102,2255.0,0.0878,ASK
1446252103,2255.0,0.5,ASK
1446252103,2255.0,1.0,ASK
1446252103,2255.0,2.0,ASK
1446252103,2255.0,0.6,ASK
1446252104,2255.0,5.0,ASK
1446252104,2255.0,0.5,ASK
1446252105,2255.0,0.32,ASK
1446252105,2255.0,0.08,ASK
1446252105,2255.0,0.14,ASK
1446252106,2255.0,0.3197,ASK
1446252106,2255.0,0.5,ASK
1446252106,2255.0,0.14,ASK
1446252107,2255.0,0.4,ASK
1446252107,2255.0,0.3,ASK
1446252107,2255.0,1.9805,ASK
1446252107,2255.0,0.5,ASK
1446252107,2255.0,4.5206,ASK
1446252108,2254.32,0.1,BID
1446252114,2251.66,1.152,ASK
1446252114,2251.63,1.2324,ASK
1446252114,2251.6,0.8266,ASK
1446252114,2251.6,2.0492,ASK
1446252115,2251.0,0.6,ASK
1446252115,2251.0,0.2935,ASK
1446252115,2250.0,0.2065,ASK
1446252115,2250.01,18.711,ASK
1446252116,2250.83,0.57,BID
1446252116,2251.59,0.5227,BID
1446252120,2251.57,0.0471,BID
1446252122,2251.0,1.18,ASK
1446252123,2251.57,0.1,BID
1446252123,2251.58,1.2324,BID
1446252123,2251.59,0.5,BID
1446252123,2251.65,0.1457,BID
1446252125,2251.01,0.02,ASK
1446252125,2251.0,0.48,ASK
1446252125,2251.34,0.0128,BID
1446252125,2251.56,0.0269,BID
1446252125,2251.57,0.025,BID
1446252125,2251.57,0.028,BID
1446252125,2251.59,0.4783,ASK
1446252125,2251.0,0.0217,ASK
1446252126,2251.87,0.5,ASK
1446252129,2253.58,0.014,ASK
1446252129,2251.87,1.2217,ASK
1446252138,2251.89,0.5,ASK
1446252142,2254.24,0.5,BID
1446252142,2254.24,0.1,BID
1446252143,2254.24,0.56,BID
1446252146,2251.92,0.0739,ASK
1446252146,2251.92,1.3961,ASK
1446252146,2251.92,0.0226,ASK
1446252146,2251.91,0.453,ASK
1446252146,2251.91,0.0325,ASK
1446252147,2251.91,0.0676,ASK
1446252147,2251.9,0.1,ASK
1446252147,2251.61,0.5606,BID
1446252147,2251.61,0.0249,BID
1446252148,2251.61,9.2535,BID
1446252149,2251.61,0.831,BID
1446252149,2251.61,0.3,BID
1446252149,2251.61,0.2,BID
1446252149,2251.61,0.82,BID
1446252149,2251.61,0.601,BID
1446252151,2251.0,0.5,ASK
1446252152,2251.01,0.0021,ASK
1446252152,2251.0,0.4979,ASK
1446252152,2251.0,0.5,ASK
1446252154,2251.0,0.5,ASK
1446252154,2251.0,8.9189,ASK
1446252156,2251.01,0.5,ASK
1446252156,2251.01,0.7327,ASK
1446252156,2251.0,0.4015,ASK
1446252159,2250.0,0.5,ASK
1446252161,2250.0,0.5,ASK
1446252162,2250.0,5.6068,ASK
1446252162,2250.0,0.5,BID
1446252162,2250.99,1.2327,BID
1446252162,2250.99,0.0226,BID
1446252162,2251.57,0.1,BID
1446252162,2251.57,0.02,BID
1446252162,2254.22,1.0934,BID
1446252162,2254.25,0.14,BID
1446252162,2254.62,4.3991,BID
1446252162,2254.99,0.3,BID
1446252162,2255.0,1.1672,BID
1446252164,2250.0,0.5,BID
1446252169,2250.02,0.05,ASK
1446252169,2250.01,0.5,ASK
1446252169,2250.01,0.5,ASK
1446252169,2250.01,0.4,ASK
1446252169,2244.02,0.1,ASK
1446252169,2244.01,0.1735,ASK
1446252169,2244.0,3.4705,ASK
1446252169,2241.0,0.0013,ASK
1446252169,2241.0,0.0021,ASK
1446252169,2240.99,9.2665,ASK
1446252169,2236.06,0.45,ASK
1446252169,2236.02,0.6,ASK
1446252169,2236.02,0.5,ASK
1446252169,2236.02,0.3829,ASK
1446252170,2241.02,0.0177,ASK
1446252171,2238.76,0.4823,BID
1446252176,2250.0,0.8999,BID
1446252177,2250.01,0.0001,ASK
1446252177,2250.01,0.0449,ASK
1446252178,2250.01,0.02,ASK
1446252180,2250.11,0.419,ASK
1446252180,2250.88,0.422,BID
1446252180,2250.11,0.478,ASK
1446252180,2250.01,0.022,ASK
1446252182,2250.01,0.3611,ASK
1446252182,2250.01,0.1389,ASK
1446252186,2250.01,0.174,BID
1446252189,2250.01,0.326,BID
1446252192,2249.98,0.031,BID
1446252192,2250.0,0.23,BID
1446252197,2249.97,0.0739,BID
1446252197,2249.97,0.1,BID
1446252197,2250.0,0.1691,BID
1446252200,2249.98,0.5,BID
1446252200,2249.99,0.4823,BID
1446252200,2249.99,0.9975,BID
1446252203,2249.98,0.17,BID
1446252209,2249.97,0.479,BID
1446252218,2249.96,1.272,BID
1446252220,2249.96,3.728,BID
1446252223,2250.27,0.476,ASK
1446252224,2250.27,0.645,ASK
1446252226,2250.28,0.0739,ASK
1446252226,2250.28,0.02,ASK
1446252226,2250.28,0.1211,ASK
1446252227,2250.28,1.112,ASK
1446252227,2239.37,1.1028,ASK
1446252227,2239.36,0.401,ASK
1446252227,2239.35,0.5,ASK
1446252227,2239.33,0.0332,ASK
1446252227,2239.31,1.3136,ASK
1446252228,2250.3,0.453,ASK
1446252229,2250.01,0.1,BID
1446252239,2249.97,0.0226,BID
1446252239,2249.97,0.4774,BID
1446252248,2249.93,0.001,BID
1446252250,2241.61,0.4033,ASK
1446252259,2249.87,0.001,BID
1446252275,2248.0,0.07,BID
1446252279,2241.73,0.001,ASK
1446252280,2247.97,0.0226,BID
1446252280,2247.97,0.0739,BID
1446252280,2247.97,0.1,BID
1446252280,2247.98,0.453,BID
1446252280,2247.99,0.0582,BID
1446252280,2247.99,0.0495,BID
1446252280,2248.0,9.7567,BID
1446252280,2248.01,1.3249,BID
1446252280,2249.77,3.9612,BID
1446252285,2247.93,0.0143,BID
1446252285,2247.96,1.1631,BID
1446252285,2247.96,0.6254,BID
1446252285,2247.99,5.0,BID
1446252285,2249.0,0.099,BID
1446252285,2249.99,0.0519,ASK
1446252286,2249.99,0.02,ASK
1446252286,2249.99,0.5,ASK
1446252286,2249.99,0.3,ASK
1446252286,2249.99,0.1343,ASK
1446252287,2241.74,0.084,ASK
1446252287,2241.74,0.0493,ASK
1446252287,2241.74,0.0741,ASK
1446252287,2241.74,0.0183,ASK
1446252287,2241.73,0.0689,ASK
1446252287,2241.73,0.2054,ASK
1446252302,2241.81,0.46,ASK
1446252302,2241.8,0.0521,ASK
1446252302,2241.79,1.1058,ASK
1446252302,2241.79,4.4451,ASK
1446252315,2247.86,0.025,BID
1446252315,2247.86,0.154,BID
1446252316,2247.85,0.02,BID
1446252316,2247.86,0.478,BID
1446252317,2241.82,0.5,ASK
1446252317,2241.82,0.5,ASK
1446252317,2241.81,5.0,ASK
1446252317,2241.81,1.2365,ASK
1446252317,2241.8,9.7837,ASK
1446252317,2241.73,5.225,ASK
1446252317,2241.73,0.019,BID
1446252318,2241.73,0.6334,BID
1446252318,2241.73,0.5,BID
1446252319,2241.73,0.1,BID
1446252320,2241.73,0.0024,BID
1446252320,2247.83,0.46,BID
1446252320,2247.84,1.1676,BID
1446252321,2247.82,0.023,BID
1446252321,2247.83,0.1118,BID
1446252321,2247.84,0.0652,BID
1446252324,2247.83,0.2,BID
1446252326,2247.82,0.0348,BID
1446252326,2247.82,0.0281,BID
1446252326,2247.83,0.4334,BID
1446252326,2247.83,1.2365,BID
1446252326,2247.83,0.0741,BID
1446252326,2247.83,0.8161,BID
1446252330,2247.82,0.062,ASK
1446252333,2243.76,0.445,ASK
1446252333,2243.73,0.102,ASK
1446252333,2242.92,0.0743,ASK
1446252333,2242.92,0.0628,ASK
1446252333,2242.91,0.02,ASK
1446252333,2242.91,1.2355,ASK
1446252333,2242.91,0.4989,ASK
1446252334,2247.81,0.4024,BID
1446252337,2247.79,0.02,BID
1446252341,2247.78,0.08,BID
1446252349,2247.73,0.0543,BID
1446252349,2247.73,0.0182,BID
1446252349,2247.73,0.0275,BID
1446252352,2247.72,0.0236,BID
1446252352,2247.73,0.4725,BID
1446252352,2247.73,0.0182,BID
1446252352,2247.73,0.027,BID
1446252352,2247.75,0.6602,BID
1446252352,2247.7,0.1924,BID
1446252355,2247.69,0.0288,BID
1446252362,2247.68,0.04,BID
1446252370,2247.63,0.472,BID
1446252370,2247.64,2.4884,BID
1446252370,2247.64,0.028,BID
1446252370,2247.67,0.9727,BID
1446252371,2247.95,9.1262,ASK
1446252372,2247.95,0.5,ASK
1446252372,2247.95,0.172,ASK
1446252373,2249.59,0.4633,BID
1446252380,2247.97,0.0743,ASK
1446252380,2244.07,0.45,ASK
1446252380,2244.05,0.0617,ASK
1446252380,2244.04,2.114,ASK
1446252384,2247.66,0.008,BID
1446252394,2247.62,0.0111,BID
1446252394,2247.62,0.0114,BID
1446252394,2247.62,0.0575,BID
1446252399,2247.59,0.05,BID
1446252399,2247.59,0.221,BID
1446252403,2247.59,0.179,BID
1446252403,2247.6,0.06,BID
1446252403,2247.91,0.5,ASK
1446252405,2247.91,0.5,ASK
1446252408,2249.5,0.2529,BID
1446252408,2249.58,0.0743,BID
1446252408,2249.59,0.0728,BID
1446252409,2249.57,4.0,BID
1446252409,2249.57,15.882,BID
1446252414,2247.94,0.1,ASK
1446252414,2247.93,0.0365,ASK
1446252414,2247.93,0.2145,ASK
1446252414,2247.92,0.149,ASK
1446252414,2248.0,0.06,BID
1446252414,2248.0,0.05,BID
1446252414,2248.0,0.4981,BID
1446252414,2249.59,0.015,BID
1446252414,2249.6,0.5418,BID
1446252415,2249.8,0.0121,ASK
1446252415,2249.8,0.251,ASK
1446252416,2249.97,0.47,BID
1446252416,2249.99,0.0388,BID
1446252416,2250.0,0.6712,BID
1446252417,2250.0,0.1056,BID
1446252417,2250.0,0.0167,BID
1446252417,2250.01,1.2803,BID
1446252418,2250.01,0.064,ASK
1446252421,2250.04,0.444,ASK
1446252421,2250.02,0.0743,ASK
1446252421,2250.01,0.4807,ASK
1446252422,2251.99,0.0387,BID
1446252422,2252.0,0.7741,BID
1446252424,2251.98,0.1,BID
1446252424,2252.3,0.5,ASK
1446252425,2252.3,0.444,ASK
1446252427,2252.3,0.0694,ASK
1446252429,2252.0,0.572,ASK
1446252432,2252.31,0.02,ASK
1446252432,2251.05,0.459,ASK
1446252432,2251.03,0.025,ASK
1446252432,2251.02,0.078,ASK
1446252433,2252.28,2.38,BID
1446252433,2252.97,0.0164,BID
1446252433,2252.97,0.0123,BID
1446252433,2252.98,0.5,BID
1446252433,2252.99,0.0691,BID
1446252433,2253.0,1.3823,BID
1446252433,2254.0,0.2843,BID
1446252433,2254.95,1.9,BID
1446252433,2255.0,6.1287,BID
1446252433,2255.0,0.001,BID
1446252433,2255.0,0.1,BID
1446252433,2255.0,5.0,ASK
1446252434,2255.0,0.0743,ASK
1446252434,2255.0,0.6,ASK
1446252435,2255.0,0.5,ASK
1446252435,2255.0,3.0293,ASK
1446252435,2255.0,2.379,ASK
1446252435,2255.0,0.7233,ASK
1446252436,2252.51,0.247,ASK
1446252436,2252.5,0.253,ASK
1446252437,2254.98,0.0743,BID
1446252437,2252.51,0.344,ASK
1446252437,2252.51,0.056,ASK
1446252437,2252.51,0.0292,ASK
1446252437,2252.5,3.0012,ASK
1446252439,2252.51,0.0202,ASK
1446252439,2252.5,0.8535,ASK
1446252442,2254.67,0.459,BID
1446252442,2254.69,0.2735,BID
1446252442,2254.69,0.0546,BID
1446252442,2254.69,0.0512,BID
1446252442,2254.7,1.5347,BID
1446252442,2255.99,1.0,BID
1446252442,2255.99,8.934,BID
1446252456,2252.56,0.2575,ASK
1446252456,2252.56,0.065,ASK
1446252456,2252.56,0.0106,ASK
1446252456,2252.55,0.6669,ASK
1446252465,2252.58,0.454,ASK
1446252465,2252.57,9.0994,ASK
1446252465,2252.56,0.1,ASK
1446252465,2252.5,4.0774,ASK
1446252467,2252.28,0.72,BID
1446252467,2252.28,1.975,BID
1446252467,2252.28,0.1,BID
1446252474,2250.05,1.2353,ASK
1446252480,2249.72,0.454,BID
1446252480,2249.74,0.0743,BID
1446252480,2252.21,1.2353,BID
1446252480,2252.23,0.02,BID
1446252480,2252.24,0.2443,BID
1446252480,2252.24,0.0638,BID
1446252481,2252.24,0.025,ASK
1446252481,2252.24,5.0,ASK
1446252484,2252.24,1.7633,ASK
1446252484,2249.74,0.0743,ASK
1446252485,2249.71,0.0742,BID
1446252485,2249.71,0.0258,BID
1446252485,2249.73,0.4382,BID
1446252487,2249.73,1.9048,BID
1446252487,2249.73,0.177,BID
1446252504,2252.16,0.4,BID
1446252516,2247.72,0.0225,ASK
1446252516,2247.72,0.0828,ASK
1446252516,2247.72,0.0789,ASK
1446252516,2247.72,1.1078,ASK
1446252516,2247.71,0.45,ASK
1446252516,2247.71,2.5336,ASK
1446252516,2247.71,0.1,ASK
1446252516,2247.71,0.6,ASK
1446252516,2247.71,0.5,ASK
1446252516,2247.71,1.2377,ASK
1446252516,2247.7,5.0,ASK
1446252516,2247.65,0.1,ASK
1446252516,2247.6,7.3865,ASK
1446252521,2252.11,0.064,BID
1446252521,2252.13,0.1381,BID
1446252521,2252.14,0.02,BID
1446252526,2247.78,0.445,ASK
1446252526,2247.76,0.0134,ASK
1446252526,2247.76,0.0116,ASK
1446252526,2247.75,0.5,ASK
1446252526,2247.74,0.02,ASK
1446252526,2247.6,0.71,ASK
1446252528,2247.79,0.02,ASK
1446252529,2247.66,0.0353,BID
1446252531,2247.77,0.0742,ASK
1446252548,2251.99,0.1,BID
1446252548,2252.0,0.0222,BID
1446252548,2252.0,1.1078,BID
1446252548,2252.0,5.5182,BID
1446252548,2252.0,0.5,BID
1446252548,2252.0,1.1446,BID
1446252548,2252.01,0.445,BID
1446252548,2252.03,1.2377,BID
1446252548,2252.31,0.0136,ASK
1446252548,2252.31,0.0353,ASK
1446252550,2252.31,0.5,ASK
1446252550,2252.32,0.0741,ASK
1446252550,2252.31,1.8999,ASK
1446252557,2254.87,0.0741,BID
1446252557,2254.88,0.5,BID
1446252557,2254.89,0.422,BID
1446252557,2254.9,0.607,BID
1446252557,2255.0,0.009,BID
1446252557,2255.0,0.3569,BID
1446252560,2252.37,0.455,ASK
1446252560,2252.14,0.0742,ASK
1446252560,2252.14,0.1,ASK
1446252560,2252.13,1.2377,ASK
1446252560,2252.13,5.0,ASK
1446252560,2252.12,1.1075,ASK
1446252560,2252.12,6.9356,ASK
1446252582,2252.39,0.02,ASK
1446252595,2254.44,0.0742,BID
1446252595,2254.45,0.2158,BID
1446252596,2254.44,0.18,BID
1446252628,2250.66,0.193,ASK
1446252633,2254.13,0.058,BID
1446252633,2250.68,13.705,BID
1446252650,2251.01,0.0743,ASK
1446252650,2251.0,0.1134,ASK
1446252650,2250.68,0.0145,ASK
1446252650,2250.68,0.1574,ASK
1446252650,2250.67,2.8298,ASK
1446252650,2250.67,0.1798,ASK
1446252650,2250.67,0.0256,ASK
1446252650,2250.66,2.2528,ASK
1446252656,2250.66,0.1,ASK
1446252658,2250.69,1.1359,ASK
1446252658,2250.66,0.8439,ASK
1446252660,2250.67,0.101,BID
1446252661,2250.66,1.6103,ASK
1446252661,2250.36,0.4007,BID
1446252663,2250.36,0.0243,BID
1446252664,2248.1,1.1407,ASK
1446252670,2248.22,0.6837,ASK
1446252670,2248.0,0.9117,ASK
1446252674,2248.12,0.493,BID
1446252674,2248.22,0.4933,BID
1446252674,2250.31,0.0198,BID
1446252674,2250.35,1.5739,BID
1446252675,2247.66,0.0353,ASK
1446252675,2247.6,1.1447,ASK
1446252678,2247.65,0.0353,BID
1446252678,2247.66,0.0353,BID
1446252678,2247.79,0.0684,BID
1446252679,2247.6,10.7588,ASK
1446252680,2247.36,0.0353,BID
1446252682,2247.36,0.7493,BID
1446252687,2247.56,0.397,BID
1446252687,2247.58,0.253,BID
1446252687,2247.58,0.9847,BID
1446252687,2247.59,0.65,BID
1446252687,2247.61,9.7654,BID
1446252687,2247.66,0.6528,BID
1446252687,2250.28,7.0,BID
1446252687,2250.28,6.392,BID
1446252688,2250.29,0.0825,BID
1446252688,2250.29,0.0333,BID
1446252688,2250.29,0.0619,BID
1446252688,2250.29,0.0623,BID
1446252688,2247.89,0.0059,ASK
1446252689,2247.89,0.1,ASK
1446252690,2250.29,1.045,BID
1446252690,2250.65,0.65,BID
1446252690,2250.67,0.0629,BID
1446252690,2252.06,1.51,BID
1446252690,2254.2,0.0139,BID
1446252690,2254.4,0.0254,ASK
1446252715,2248.03,0.023,ASK
1446252715,2248.02,0.46,ASK
1446252715,2248.0,0.0057,ASK
1446252715,2248.0,0.1,ASK
1446252715,2247.99,0.0292,ASK
1446252715,2247.99,0.1457,ASK
1446252715,2247.66,1.1086,ASK
1446252715,2247.66,1.2376,ASK
1446252715,2247.65,4.7982,ASK
1446252718,2248.03,0.0743,ASK
1446252718,2248.01,9.7636,ASK
1446252718,2248.0,0.0568,ASK
1446252718,2247.8,0.008,ASK
1446252723,2248.0,0.0353,BID
1446252725,2249.72,0.1,ASK
1446252726,2249.72,0.4797,ASK
1446252758,2248.94,0.0743,BID
1446252758,2248.95,0.46,BID
1446252758,2248.99,0.023,BID
1446252758,2249.0,0.6227,BID
1446252758,2248.94,0.023,BID
1446252758,2248.99,0.1179,BID
1446252758,2249.0,0.518,BID
1446252758,2249.0,1.3411,BID
1446252758,2249.0,0.74,BID
1446252765,2247.68,0.1,ASK
1446252765,2247.68,0.0744,ASK
1446252765,2247.67,0.0229,ASK
1446252765,2247.66,0.2027,ASK
1446252773,2248.97,0.01,BID
1446252781,2248.67,0.023,BID
1446252782,2247.67,0.0229,ASK
1446252782,2247.66,0.0131,ASK
1446252789,2247.66,0.3842,ASK
1446252789,2247.65,2.182,ASK
1446252795,2248.64,0.019,BID
1446252808,2247.57,0.397,ASK
1446252809,2247.35,0.001,ASK
1446252810,2247.35,0.2828,BID
1446252815,2247.34,0.02,BID
1446252815,2247.72,0.1,ASK
1446252815,2247.72,0.0568,ASK
1446252819,2247.72,23.7219,ASK
1446252820,2247.0,0.0568,ASK
1446252820,2246.45,0.003,ASK
1446252820,2245.0,0.6847,ASK
1446252820,2245.0,1.2555,ASK
1446252820,2245.0,0.7445,ASK
1446252820,2244.83,0.4355,ASK
1446252820,2244.83,1.1375,ASK
1446252820,2244.65,0.007,ASK
1446252820,2244.0,1.4355,ASK
1446252821,2244.0,2.0,ASK
1446252830,2247.71,0.0169,BID
1446252831,2247.72,0.5,BID
1446252831,2247.98,0.0189,BID
1446252831,2247.98,0.025,BID
1446252831,2247.98,0.1684,BID
1446252831,2247.99,0.0077,BID
1446252832,2247.71,0.0641,ASK
1446252832,2247.01,0.07,BID
1446252833,2246.56,0.1,ASK
1446252834,2246.56,0.4,BID
1446252834,2247.01,0.926,BID
1446252836,2247.0,0.088,BID
1446252851,2246.57,0.02,ASK
1446252851,2245.6,0.016,ASK
1446252853,2245.59,0.036,ASK
1446252855,2245.55,0.036,ASK
1446252869,2244.03,0.461,ASK
1446252869,2244.0,1.5645,ASK
1446252879,2242.91,0.1,ASK
1446252879,2242.9,0.027,ASK
1446252879,2242.11,4.9169,ASK
1446252892,2246.85,0.016,BID
1446252892,2246.85,0.011,BID
1446252894,2246.83,0.0073,BID
1446252896,2246.83,0.3118,BID
1446252900,2246.8,0.04,BID
1446252902,2242.92,0.01,ASK
1446252913,2246.77,0.5,BID
1446252913,2246.78,4.1,BID
1446252922,2242.12,0.0225,ASK
1446252922,2242.12,1.0,ASK
1446252922,2242.11,1.9,ASK
1446252922,2242.11,2.4854,ASK
1446252923,2242.12,6.0,ASK
1446252923,2242.12,12.562,ASK
1446252930,2242.13,0.1509,ASK
1446252935,2246.68,0.0979,BID
1446252944,2244.97,0.0045,BID
1446252969,2242.6,0.0132,ASK
1446252969,2242.34,0.9868,ASK
1446252973,2242.34,0.9132,ASK
1446252976,2242.33,0.5,ASK
1446252977,2242.33,0.65,ASK
1446252978,2242.34,0.02,BID
1446252978,2242.33,0.65,ASK
1446252979,2242.33,0.138,ASK
1446252979,2242.33,0.65,ASK
1446252979,2242.33,0.5,ASK
1446252979,2242.33,14.5529,ASK
1446252979,2242.28,0.0401,ASK
1446252979,2242.13,31.2246,ASK
1446252981,2242.13,1.32,ASK
1446252982,2242.13,0.65,ASK
1446252982,2242.13,5.0,ASK
1446252984,2242.13,0.455,ASK
1446252984,2242.13,0.455,ASK
1446252984,2242.16,0.01,ASK
1446252984,2242.16,0.437,ASK
1446252984,2242.13,0.018,ASK
1446252984,2242.13,0.65,ASK
1446252985,2242.13,0.5,ASK
1446252985,2242.13,0.65,ASK
1446252986,2242.31,0.005,BID
1446252986,2242.13,0.5,ASK
1446252987,2242.13,2.0,ASK
1446252987,2242.13,0.65,ASK
1446252987,2242.13,0.3,ASK
1446252987,2242.13,0.6,ASK
1446252987,2242.13,0.3,ASK
1446252987,2242.13,0.65,ASK
1446252987,2242.13,2.0,ASK
1446252987,2242.13,0.5,ASK
1446252987,2242.13,0.2,ASK
1446252987,2242.14,3.0,ASK
1446252987,2242.14,4.438,ASK
1446252988,2242.14,0.1979,ASK
1446252988,2242.13,1.2265,ASK
1446252988,2242.0,0.288,ASK
1446252988,2242.0,8.2741,ASK
1446252988,2242.0,0.5,ASK
1446252991,2242.0,0.04,ASK
1446252993,2242.0,0.5,ASK
1446252993,2242.0,0.5,ASK
1446252993,2242.0,0.3,ASK
1446252994,2242.0,0.2,ASK
1446252994,2242.07,0.4453,BID
1446252994,2242.0,0.5,ASK
1446252994,2242.0,13.8359,ASK
1446252994,2242.0,1.0281,ASK
1446252996,2241.73,0.5,ASK
1446252997,2241.73,0.5,ASK
1446252998,2241.73,0.2938,ASK
1446252998,2241.73,0.2062,BID
1446252998,2241.97,0.1938,BID
1446252998,2241.97,0.2532,BID
1446252998,2241.98,0.0644,BID
1446252998,2241.99,0.0824,BID
1446253000,2241.72,0.2938,ASK
1446253001,2241.72,0.3536,ASK
1446253001,2241.06,0.014,ASK
1446253001,2241.0,0.1,ASK
1446253001,2240.0,0.0324,ASK
1446253002,2241.71,0.3,BID
1446253002,2241.73,0.5,BID
1446253002,2241.98,0.0575,BID
1446253002,2241.99,0.4176,BID
1446253002,2241.99,0.5,BID
1446253002,2241.99,0.3,BID
1446253003,2242.0,0.015,ASK
1446253004,2242.0,0.015,ASK
1446253004,2242.0,0.078,ASK
1446253004,2242.0,0.5,ASK
1446253005,2242.0,0.5,ASK
1446253005,2242.0,0.502,ASK
1446253005,2242.0,0.5,ASK
1446253005,2242.0,1.0,ASK
1446253005,2242.0,0.5549,ASK
1446253006,2240.01,0.005,ASK
1446253009,2240.02,0.001,ASK
1446253011,2241.69,0.012,BID
1446253013,2241.69,0.088,BID
1446253013,2241.69,0.012,BID
1446253016,2240.0,1.5287,ASK
1446253018,2240.0,3.4191,ASK
1446253018,2241.67,0.091,BID
1446253018,2241.67,0.267,BID
1446253018,2240.0,0.001,ASK
1446253019,2241.66,0.001,BID
1446253019,2241.67,0.9141,BID
1446253020,2240.0,0.5,ASK
1446253022,2241.65,14.0,ASK
1446253022,2241.65,3.0,ASK
1446253022,2241.65,5.421,ASK
1446253025,2240.01,0.1,ASK
1446253025,2240.01,0.0745,ASK
1446253025,2240.01,0.0759,ASK
1446253025,2240.0,0.2496,ASK
1446253029,2240.0,0.5,ASK
1446253034,2240.01,0.3,BID
1446253034,2240.01,0.1469,BID
1446253034,2240.03,0.446,ASK
1446253034,2240.02,0.229,ASK
1446253035,2240.02,0.02,ASK
1446253040,2241.61,0.0745,BID
1446253040,2241.62,0.1,BID
1446253040,2241.63,0.0872,BID
1446253040,2241.63,0.0134,BID
1446253040,2241.63,0.0277,BID
1446253043,2242.07,0.001,BID
1446253044,2241.65,0.1442,ASK
1446253044,2241.65,0.301,ASK
1446253044,2241.65,0.447,ASK
1446253044,2241.63,0.051,ASK
1446253044,2240.03,0.0971,ASK
1446253044,2240.02,0.4464,ASK
1446253044,2240.02,1.194,ASK
1446253044,2240.01,0.0872,ASK
1446253044,2240.01,0.0134,ASK
1446253044,2240.0,0.7692,ASK
1446253044,2240.0,2.8244,ASK
1446253044,2240.0,0.5,ASK
1446253046,2242.06,0.019,BID
1446253050,2241.67,0.0745,ASK
1446253052,2241.67,0.0255,ASK
1446253053,2240.03,0.005,ASK
1446253063,2241.66,0.02,BID
1446253071,2242.06,0.0277,BID
1446253071,2242.07,0.5537,BID
1446253071,2242.31,0.0325,BID
1446253071,2242.32,0.4881,BID
1446253072,2242.32,0.1619,BID
1446253072,2242.33,0.1,ASK
1446253072,2242.33,0.019,ASK
1446253073,2244.56,0.3609,BID
1446253073,2244.56,0.0408,BID
1446253074,2242.33,0.5,ASK
1446253081,2242.37,0.0229,ASK
1446253081,2242.26,0.0361,BID
1446253083,2244.53,0.0995,BID
1446253083,2244.53,0.6,BID
1446253083,2244.54,2.5342,BID
1446253083,2244.55,0.0229,BID
1446253083,2244.56,2.9022,BID
1446253094,2244.57,0.0361,BID
1446253094,2244.58,0.1629,BID
1446253094,2244.58,0.154,BID
1446253094,2244.58,0.451,BID
1446253094,2244.58,0.179,BID
1446253094,2244.58,0.451,BID
1446253095,2244.56,11.0,BID
1446253095,2244.56,5.165,BID
1446253098,2244.57,0.02,BID
1446253098,2244.57,0.3,BID
1446253098,2244.58,5.2744,BID
1446253101,2242.45,0.0229,ASK
1446253101,2242.44,0.457,ASK
1446253101,2242.43,0.1,ASK
1446253101,2242.43,5.2795,ASK
1446253101,2242.42,4.3042,ASK
1446253101,2240.07,0.162,ASK
1446253101,2240.06,0.8177,ASK
1446253111,2244.53,0.0229,BID
1446253111,2244.54,0.457,BID
1446253111,2244.55,0.1358,BID
1446253112,2243.0,0.33,ASK
1446253115,2243.0,0.5,ASK
1446253116,2243.02,6.0,ASK
1446253116,2243.02,3.634,ASK
1446253119,2243.01,0.074,ASK
1446253129,2244.0,0.01,BID
1446253132,2243.0,0.1,ASK
1446253133,2243.0,0.001,ASK
1446253153,2243.0,0.069,ASK
1446253153,2242.0,0.001,ASK
1446253153,2240.2,0.0105,ASK
1446253153,2240.2,0.0124,ASK
1446253153,2240.19,0.457,ASK
1446253153,2240.17,1.72,ASK
1446253153,2240.14,0.5,ASK
1446253153,2240.01,1.2382,ASK
1446253153,2240.01,5.0,ASK
1446253153,2240.0,20.9919,ASK
1446253155,2240.99,2.0,ASK
1446253155,2240.99,6.053,ASK
1446253156,2241.0,0.096,BID
1446253156,2243.91,0.457,BID
1446253156,2243.94,0.074,BID
1446253156,2243.95,0.1,BID
1446253156,2243.99,0.025,BID
1446253156,2243.99,0.0162,BID
1446253156,2244.0,0.825,BID
1446253156,2244.43,0.025,BID
1446253156,2244.44,0.5,BID
1446253156,2244.44,0.175,BID
1446253156,2244.94,0.3,BID
1446253156,2244.99,0.078,BID
1446253156,2245.0,1.882,BID
1446253160,2243.04,0.0202,ASK
1446253160,2243.03,0.3838,ASK
1446253161,2243.03,0.0202,ASK
1446253161,2243.01,0.02,ASK
1446253161,2241.03,0.3638,BID
1446253163,2243.07,0.0125,ASK
1446253163,2243.07,0.0745,ASK
1446253163,2243.06,0.125,ASK
1446253165,2243.07,0.0106,ASK
1446253165,2243.04,0.1,ASK
1446253166,2241.31,0.01,ASK
1446253171,2241.32,0.0318,ASK
1446253171,2241.31,0.59,ASK
1446253173,2240.02,0.704,BID
1446253173,2240.02,0.29,BID
1446253174,2240.02,0.594,BID
1446253174,2240.0,0.125,ASK
1446253174,2240.02,0.4464,BID
1446253175,2240.02,0.4464,BID
1446253175,2240.02,5.8274,BID
1446253175,2242.93,0.0102,BID
1446253175,2242.93,0.0119,BID
1446253175,2243.92,0.9767,BID
1446253175,2244.0,0.17,BID
1446253175,2244.0,4.8071,BID
1446253181,2240.29,0.0745,BID
1446253181,2240.3,0.1,BID
1446253183,2242.77,1.59,ASK
1446253184,2242.77,0.176,ASK
1446253185,2242.77,2.282,ASK
1446253186,2242.78,0.0744,ASK
1446253186,2242.77,0.3136,ASK
1446253188,2242.79,0.1,ASK
1446253188,2242.77,0.788,ASK
1446253188,2242.77,0.3638,ASK
1446253189,2242.78,3.0,ASK
1446253189,2242.78,14.002,ASK
1446253189,2242.77,0.201,ASK
1446253194,2242.78,0.02,ASK
1446253195,2243.95,15.114,ASK
1446253199,2240.18,0.019,ASK
1446253199,2240.18,0.0592,ASK
1446253199,2240.08,0.026,ASK
1446253199,2240.07,1.1101,ASK
1446253199,2240.06,0.468,ASK
1446253199,2240.03,0.4464,ASK
1446253201,2240.0,2.6445,ASK
1446253201,2240.0,0.1,ASK
1446253201,2240.0,0.3305,ASK
1446253202,2240.0,0.468,ASK
1446253202,2240.0,0.2015,ASK
1446253202,2236.01,0.1,ASK
1446253202,2236.0,0.1,ASK
1446253202,2235.01,0.1,ASK
1446253202,2235.0,1.0,ASK
1446253202,2234.01,0.1,ASK
1446253202,2233.89,0.028,ASK
1446253202,2233.01,0.1,ASK
1446253202,2232.01,0.1,ASK
1446253202,2232.0,0.1,ASK
1446253202,2231.01,0.1,ASK
1446253202,2230.96,0.01,ASK
1446253202,2230.01,0.1,ASK
1446253202,2229.03,0.5,ASK
1446253202,2229.03,0.45,ASK
1446253202,2229.02,0.112,ASK
1446253203,2229.03,4.0,ASK
1446253203,2229.03,5.508,ASK
1446253204,2238.0,0.089,BID
1446253205,2229.04,7.546,ASK
1446253206,2238.0,3.655,BID
1446253206,2239.99,0.4485,BID
1446253206,2239.99,0.65,BID
1446253206,2240.0,0.0843,ASK
1446253206,2240.0,0.0859,ASK
1446253206,2240.0,0.0744,ASK
1446253206,2240.0,1.547,ASK
1446253208,2240.0,1.2382,ASK
1446253210,2240.0,1.28,ASK
1446253210,2240.0,0.35,ASK
1446253212,2240.02,0.0275,BID
1446253212,2240.03,2.4725,BID
1446253213,2240.0,0.008,ASK
1446253213,2240.0,1.831,ASK
1446253213,2240.03,0.0275,BID
1446253214,2240.01,0.02,BID
1446253214,2240.03,0.01,BID
1446253215,2240.03,3.2,BID
1446253216,2240.03,0.4464,BID
1446253218,2240.01,0.43,ASK
1446253218,2240.01,0.58,ASK
1446253218,2240.01,0.029,ASK
1446253218,2240.01,0.1463,ASK
1446253218,2240.01,0.0225,ASK
1446253218,2240.01,0.3532,ASK
1446253218,2240.03,0.4464,BID
1446253219,2240.01,0.65,ASK
1446253220,2240.01,0.65,ASK
1446253222,2240.01,0.01,ASK
1446253223,2240.01,0.2368,ASK
1446253223,2240.0,0.0632,ASK
1446253223,2240.0,0.5,ASK
1446253223,2240.0,1.546,ASK
1446253223,2240.0,0.3,ASK
1446253223,2240.0,2.0,ASK
1446253223,2240.0,0.01,ASK
1446253223,2240.0,1.0,ASK
1446253223,2240.0,0.6,ASK
1446253223,2240.0,2.115,ASK
1446253223,2240.0,18.658,ASK
1446253223,2240.0,0.2,ASK
1446253223,2240.0,3.517,ASK
1446253224,2240.0,2.0,ASK
1446253224,2240.0,3.0,ASK
1446253224,2240.0,2.0,ASK
1446253224,2240.0,0.5,ASK
1446253224,2240.0,0.5,ASK
1446253224,2240.0,0.5,ASK
1446253224,2240.0,0.5,ASK
1446253224,2240.0,0.7,ASK
1446253224,2240.0,1.5,ASK
1446253225,2240.0,0.7,ASK
1446253225,2240.0,0.5,ASK
1446253225,2240.0,0.2,ASK
1446253225,2240.0,0.12,ASK
1446253225,2240.0,0.31,ASK
1446253225,2240.0,0.2,ASK
1446253226,2240.0,2.5,ASK
1446253226,2240.0,3.0,ASK
1446253226,2240.0,0.2,ASK
1446253227,2240.0,1.0,ASK
1446253227,2240.0,1.5,ASK
1446253227,2240.0,0.2,ASK
1446253227,2240.0,0.2,ASK
1446253228,2240.0,0.5,ASK
1446253228,2240.0,2.0,ASK
1446253228,2240.0,2.391,ASK
1446253228,2240.0,1.0,ASK
1446253228,2240.0,0.2,ASK
1446253228,2240.0,0.2,ASK
1446253228,2240.0,1.0,ASK
1446253228,2240.0,2.0,ASK
1446253228,2240.0,1.046,ASK
1446253228,2240.0,0.06,ASK
1446253228,2240.01,0.001,BID
1446253228,2240.0,1.407,ASK
1446253228,2240.0,3.0,ASK
1446253228,2240.0,0.161,ASK
1446253228,2240.0,1.544,ASK
1446253228,2240.0,1.198,ASK
1446253228,2240.0,0.6,ASK
1446253229,2240.0,0.161,ASK
1446253229,2240.0,3.0,ASK
1446253229,2240.0,1.5,ASK
1446253229,2240.0,3.0,ASK
1446253229,2240.0,0.528,ASK
1446253229,2240.0,1.0,ASK
1446253229,2240.0,0.6,ASK
1446253229,2240.0,0.5,ASK
1446253230,2240.0,0.698,ASK
1446253230,2240.0,0.64,ASK
1446253230,2240.0,0.01,ASK
1446253230,2240.0,0.5,ASK
1446253230,2240.0,1.5,ASK
1446253230,2240.0,0.6,ASK
1446253230,2240.0,3.0,ASK
1446253231,2240.0,0.5,ASK
1446253231,2240.0,0.246,ASK
1446253231,2240.0,0.5,ASK
1446253231,2240.0,1.682,ASK
1446253231,2240.0,2.0,ASK
1446253231,2240.0,1.149,ASK
1446253231,2240.0,2.054,ASK
1446253231,2240.0,0.401,ASK
1446253231,2240.0,0.62,ASK
1446253231,2240.0,0.029,ASK
1446253231,2240.0,3.931,ASK
1446253231,2240.0,0.6,ASK
1446253233,2240.0,0.6,ASK
1446253233,2240.0,0.7,ASK
1446253233,2240.0,5.0,ASK
1446253233,2240.0,0.04,ASK
1446253233,2240.0,0.01,ASK
1446253233,2240.0,0.5,ASK
1446253233,2240.0,0.2678,ASK
1446253233,2240.0,2.084,ASK
1446253233,2240.0,0.2,ASK
1446253233,2240.0,3.0,ASK
1446253233,2240.0,0.5,ASK
1446253234,2240.0,0.7848,ASK
1446253234,2240.0,0.01,ASK
1446253234,2240.0,0.5,ASK
1446253234,2240.0,0.01,ASK
1446253234,2240.0,0.2,ASK
1446253234,2240.0,2.33,ASK
1446253235,2240.0,0.2,ASK
1446253235,2240.0,0.2,ASK
1446253235,2240.0,0.5,ASK
1446253235,2240.0,0.5,ASK
1446253235,2240.0,0.2,ASK
1446253235,2240.0,0.02,ASK
1446253236,2240.01,0.001,BID
1446253236,2240.0,0.32,ASK
1446253236,2240.0,0.13,ASK
1446253236,2240.0,0.5,ASK
1446253236,2240.01,0.05,BID
1446253236,2240.01,0.01,BID
1446253236,2240.02,0.14,BID
1446253236,2240.02,0.0063,BID
1446253236,2240.03,1.1947,BID
1446253236,2240.0,0.473,ASK
1446253236,2240.03,0.3,BID
1446253236,2240.03,0.5,BID
1446253236,2240.0,1.5,ASK
1446253236,2240.03,1.0,BID
1446253236,2240.0,0.1319,ASK
1446253236,2240.0,0.5,ASK
1446253236,2240.0,0.5,ASK
1446253237,2240.0,0.5,ASK
1446253237,2240.0,0.5,ASK
1446253238,2240.0,0.5,ASK
1446253238,2240.0,0.444,ASK
1446253238,2240.0,0.5,ASK
1446253238,2240.0,0.444,ASK
1446253239,2240.0,0.5,ASK
1446253239,2240.0,0.2,ASK
1446253240,2240.0,0.5,ASK
1446253240,2240.0,0.7,ASK
1446253240,2240.0,0.5,ASK
1446253240,2240.0,0.13,ASK
1446253240,2240.0,0.5,ASK
1446253240,2240.0,0.5,ASK
1446253240,2240.0,0.5,ASK
1446253240,2240.0,0.5,ASK
1446253241,2240.02,0.01,BID
1446253241,2240.01,0.32,ASK
1446253241,2240.01,0.2,ASK
1446253241,2240.01,0.7182,ASK
1446253241,2240.0,4.7115,ASK
1446253242,2240.0,1.3,ASK
1446253242,2240.0,0.5,ASK
1446253242,2240.0,0.5,ASK
1446253242,2240.0,0.5,ASK
1446253242,2240.0,0.2,ASK
1446253242,2240.0,0.2,ASK
1446253242,2240.0,0.5,ASK
1446253242,2240.0,0.5,ASK
1446253242,2240.0,0.2,ASK
1446253242,2240.0,1.0,ASK
1446253242,2240.01,0.532,BID
1446253243,2240.0,0.5,ASK
1446253243,2240.0,2.5,ASK
1446253243,2240.0,0.318,ASK
1446253245,2240.0,0.1628,ASK
1446253245,2240.0,18.7324,ASK
1446253245,2240.0,0.2,ASK
1446253245,2240.0,0.65,ASK
1446253246,2240.0,0.01,ASK
1446253246,2240.0,0.8145,ASK
1446253246,2240.0,2.0263,ASK
1446253247,2240.0,0.7,ASK
1446253247,2240.02,0.0175,BID
1446253247,2240.03,0.5041,BID
1446253248,2240.04,0.0004,ASK
1446253248,2240.04,0.1996,ASK
1446253250,2240.04,0.15,ASK
1446253250,2240.04,0.1724,ASK
1446253250,2240.04,0.0276,ASK
1446253254,2240.04,0.2,ASK
1446253254,2240.3,0.001,BID
1446253254,2240.04,0.027,ASK
1446253254,2240.04,0.02,ASK
1446253255,2240.3,0.099,BID
1446253256,2240.31,0.001,ASK
1446253256,2240.05,0.0744,ASK
1446253256,2240.05,0.0126,ASK
1446253256,2240.04,0.112,ASK
1446253258,2240.01,0.1246,ASK
1446253258,2240.0,0.0754,ASK
1446253258,2240.07,0.045,ASK
1446253258,2241.0,0.17,ASK
1446253258,2241.0,0.02,ASK
1446253261,2241.0,0.01,ASK
1446253264,2241.87,0.001,BID
1446253264,2241.87,0.0734,BID
1446253264,2241.88,0.025,BID
1446253264,2242.55,0.0268,BID
1446253264,2242.55,0.0281,BID
1446253264,2242.56,0.5,BID
1446253264,2242.56,0.4297,BID
1446253272,2241.01,0.1,ASK
1446253272,2241.0,0.423,ASK
1446253272,2241.0,0.522,ASK
1446253273,2241.02,0.0744,ASK
1446253273,2241.0,1.355,ASK
1446253273,2240.01,0.0159,ASK
1446253273,2240.0,98.5547,ASK
1446253275,2240.0,0.01,ASK
1446253278,2240.01,0.0204,ASK
1446253278,2240.01,0.0282,ASK
1446253278,2240.01,0.0268,ASK
1446253278,2240.0,0.4246,ASK
1446253278,2240.71,0.09,BID
1446253278,2240.89,0.17,BID
1446253278,2240.99,0.297,BID
1446253278,2241.01,0.1,BID
1446253278,2241.04,0.5449,BID
1446253279,2241.84,0.1,ASK
1446253279,2241.84,0.0133,ASK
1446253279,2241.84,0.0139,ASK
1446253279,2241.84,0.0149,ASK
1446253280,2241.84,0.476,ASK
1446253280,2241.84,0.2206,ASK
1446253280,2240.0,27.2281,ASK
1446253280,2240.0,0.0139,BID
1446253280,2240.0,0.0132,BID
1446253280,2240.0,0.0149,BID
1446253281,2238.94,0.5,ASK
1446253284,2239.91,0.01,BID
1446253286,2239.9,0.002,BID
1446253288,2239.9,0.767,BID
1446253288,2239.9,1.7616,BID
1446253288,2239.91,0.19,BID
1446253288,2239.92,0.045,ASK
1446253288,2239.93,0.1,BID
1446253289,2239.92,0.5314,ASK
1446253289,2239.9,1.0,BID
1446253289,2239.9,0.198,BID
1446253291,2239.01,0.1,BID
1446253291,2239.89,0.0623,BID
1446253291,2239.9,0.3977,BID
1446253292,2239.0,0.102,BID
1446253292,2239.0,1.339,BID
1446253292,2239.0,0.66,BID
1446253292,2239.0,0.399,BID
1446253296,2239.25,0.01,ASK
1446253296,2239.11,0.686,ASK
1446253299,2239.88,0.0045,BID
1446253299,2239.93,0.1,BID
1446253299,2239.98,0.001,BID
1446253299,2239.08,8.0,BID
1446253299,2239.08,9.377,BID
1446253300,2239.07,0.17,ASK
1446253300,2239.02,0.33,ASK
1446253300,2239.02,1.339,ASK
1446253302,2239.02,0.2,ASK
1446253302,2239.02,0.12,ASK
1446253303,2229.05,0.5,ASK
1446253307,2239.03,0.03,ASK
1446253308,2239.03,0.07,ASK
1446253321,2235.83,0.242,ASK
1446253324,2234.0,0.01,ASK
1446253330,2235.16,0.242,ASK
1446253344,2234.1,0.79,ASK
1446253354,2234.1,0.21,ASK
1446253354,2234.01,2.1327,ASK
1446253354,2234.0,0.99,ASK
1446253354,2234.0,1.6683,ASK
1446253355,2234.01,6.0,ASK
1446253355,2234.01,4.0,ASK
1446253355,2234.01,0.933,ASK
1446253361,2234.0,0.831,ASK
1446253373,2234.01,1.0,ASK
1446253373,2234.01,0.01,ASK
1446253373,2234.01,0.39,ASK
1446253373,2234.0,0.0007,ASK
1446253373,2233.0,0.025,ASK
1446253374,2233.0,0.0001,ASK
1446253374,2229.18,0.4999,ASK
1446253375,2233.51,0.209,BID
1446253375,2233.51,0.0003,BID
1446253375,2233.52,0.2087,ASK
1446253379,2229.19,0.1624,ASK
1446253383,2231.25,0.162,BID
1446253384,2231.26,0.162,ASK
1446253384,2231.22,0.08,BID
1446253385,2231.26,0.082,ASK
1446253385,2231.26,0.08,ASK
1446253385,2231.26,0.02,ASK
1446253387,2231.26,0.062,ASK
1446253387,2231.25,0.162,ASK
1446253387,2229.2,0.5,ASK
1446253387,2229.2,0.2824,ASK
1446253391,2229.23,0.0015,ASK
1446253393,2231.89,0.174,BID
1446253393,2233.04,1.0295,BID
1446253393,2233.05,9.7793,BID
1446253393,2233.07,1.1147,BID
1446253393,2233.08,0.08,BID
1446253393,2233.08,0.08,BID
1446253393,2233.48,0.39,BID
1446253393,2233.9,0.14,BID
1446253393,2233.9,0.14,BID
1446253393,2233.98,0.13,BID
1446253393,2234.1,0.002,BID
1446253393,2234.11,0.08,BID
1446253393,2235.0,0.08,BID
1446253393,2235.21,0.0231,BID
1446253393,2235.99,0.5,BID
1446253393,2236.23,0.188,BID
1446253393,2236.87,1.0,BID
1446253393,2236.87,0.195,BID
1446253394,2229.24,6.0,BID
1446253394,2229.24,9.209,BID
1446253395,2229.23,0.4685,ASK
1446253395,2229.2,0.6602,ASK
1446253396,2229.2,1.112,BID
1446253396,2229.2,9.7961,BID
1446253397,2229.2,0.263,BID
1446253398,2229.01,0.1,ASK
1446253398,2228.32,0.1,ASK
1446253398,2228.0,0.1,ASK
1446253398,2227.88,0.07,ASK
1446253398,2227.65,0.098,ASK
1446253398,2229.2,0.03,BID
1446253398,2227.65,0.002,ASK
1446253398,2227.1,1.0,ASK
1446253398,2227.04,1.498,ASK
1446253400,2229.19,0.0699,BID
1446253400,2229.2,0.0101,BID
1446253400,2229.2,0.645,BID
1446253401,2229.2,0.4486,BID
1446253401,2229.19,0.015,BID
1446253401,2229.19,0.0817,BID
1446253401,2229.2,0.3519,BID
1446253402,2229.2,0.4486,BID
1446253403,2229.2,0.457,BID
1446253403,2229.2,0.4486,BID
1446253403,2229.2,0.0147,BID
1446253404,2229.21,0.4083,ASK
1446253404,2229.21,1.0,ASK
1446253404,2229.21,0.423,ASK
1446253404,2229.21,0.423,ASK
1446253404,2229.21,1.0,ASK
1446253404,2229.02,0.02,ASK
1446253404,2227.13,0.174,ASK
1446253404,2227.04,0.402,ASK
1446253404,2227.04,1.4164,ASK
1446253404,2227.01,0.1,ASK
1446253404,2226.8,1.0,ASK
1446253404,2226.61,0.45,ASK
1446253404,2226.01,0.1,ASK
1446253404,2225.01,0.1,ASK
1446253404,2224.06,3.0001,ASK
1446253404,2229.21,0.014,ASK
1446253404,2229.21,0.0235,ASK
1446253405,2231.1,0.29,BID
1446253406,2229.59,0.04,ASK
1446253406,2229.22,0.92,ASK
1446253406,2229.22,0.0744,ASK
1446253406,2229.21,0.4625,ASK
1446253406,2229.21,0.423,ASK
1446253406,2229.21,0.4486,ASK
1446253406,2227.05,0.0909,ASK
1446253406,2227.05,0.5,ASK
1446253406,2227.0,0.2287,BID
1446253406,2227.0,0.1178,BID
1446253407,2229.59,0.3422,ASK
1446253412,2229.19,0.07,BID
1446253413,2229.19,0.0044,BID
1446253413,2229.2,0.0356,BID
1446253413,2229.2,0.05,BID
1446253413,2228.45,15.0,BID
1446253413,2228.45,4.0,BID
1446253413,2228.45,0.846,BID
1446253415,2229.17,0.118,BID
1446253415,2229.17,0.118,BID
1446253417,2229.17,0.118,BID
1446253417,2229.16,0.0089,BID
1446253418,2229.16,0.0028,BID
1446253418,2229.17,0.0272,BID
1446253425,2229.16,0.04,BID
1446253426,2229.16,0.06,BID
1446253426,2229.2,0.05,BID
1446253427,2229.16,0.04,ASK
1446253428,2229.13,0.04,BID
1446253428,2229.13,0.009,BID
1446253429,2229.2,0.0222,BID
1446253435,2230.21,0.03,ASK
1446253437,2230.21,0.03,ASK
1446253439,2230.21,0.07,ASK
1446253439,2230.2,0.01,ASK
1446253439,2230.2,0.0268,ASK
1446253439,2230.11,0.049,BID
1446253439,2230.1,12.0,ASK
1446253439,2230.1,9.07,ASK
1446253441,2230.11,0.0042,BID
1446253441,2231.22,0.02,BID
1446253441,2231.24,0.03,BID
1446253441,2231.25,0.045,BID
1446253441,2231.26,0.0968,BID
1446253445,2229.58,0.005,ASK
1446253449,2229.57,0.01,ASK
1446253449,2229.21,0.0222,ASK
1446253450,2229.0,0.01,ASK
1446253452,2229.0,0.01,ASK
1446253453,2229.0,0.01,ASK
1446253453,2229.0,0.01,BID
1446253453,2229.2,0.0798,BID
1446253453,2229.2,0.102,BID
1446253453,2229.2,0.102,BID
1446253453,2229.2,0.102,BID
1446253453,2229.2,0.0442,BID
1446253454,2225.88,0.01,ASK
1446253454,2229.19,0.02,BID
1446253454,2229.2,0.102,BID
1446253454,2229.2,0.102,BID
1446253455,2229.21,0.0691,ASK
1446253455,2229.21,0.0102,ASK
1446253457,2229.21,0.1,ASK
1446253457,2229.21,0.0453,ASK
1446253458,2225.88,0.01,ASK
1446253461,2226.02,0.02,ASK
1446253461,2226.02,0.001,ASK
1446253462,2225.88,0.08,ASK
1446253462,2224.13,0.02,ASK
1446253468,2225.53,0.001,BID
1446253469,2225.53,0.129,BID
1446253469,2225.55,0.005,BID
1446253469,2225.56,0.14,BID
1446253469,2226.01,0.27,BID
1446253469,2226.01,0.199,BID
1446253469,2226.01,0.257,BID
1446253469,2224.1,0.5,ASK
1446253469,2224.09,1.9,ASK
1446253469,2224.05,7.6,ASK
1446253469,2226.01,0.013,BID
1446253469,2226.2,0.639,BID
1446253469,2227.57,0.1623,BID
1446253469,2227.57,0.0604,BID
1446253469,2227.59,0.0175,BID
1446253472,2224.05,0.01,ASK
1446253473,2224.05,0.54,ASK
1446253474,2224.05,0.02,ASK
1446253475,2224.05,0.41,ASK
1446253475,2224.05,0.202,ASK
1446253475,2224.05,0.202,ASK
