timestamp,price,amount,side
1445817600,1853.98,0.02,BID
1445817600,1853.99,0.83,BID
1445817600,1853.99,0.2316,BID
1445817605,1853.26,0.0014,ASK
1445817605,1853.23,1.0797,ASK
1445817605,1853.23,0.9103,ASK
1445817605,1853.22,0.0897,ASK
1445817606,1853.96,0.7,BID
1445817606,1853.97,1.7583,BID
1445817607,1853.22,1.879,ASK
1445817607,1853.22,0.094,BID
1445817613,1853.21,0.151,BID
1445817614,1853.21,0.5396,BID
1445817615,1853.01,0.5,ASK
1445817615,1852.99,0.139,ASK
1445817615,1853.21,0.5396,BID
1445817617,1852.99,0.255,ASK
1445817617,1853.0,0.5,BID
1445817620,1853.22,0.065,ASK
1445817621,1853.01,0.09,ASK
1445817621,1853.29,0.07,BID
1445817621,1854.07,0.0152,BID
1445817621,1854.34,0.02,BID
1445817621,1854.35,0.5085,BID
1445817621,1854.36,0.4672,BID
1445817624,1853.27,0.428,BID
1445817625,1854.36,0.08,BID
1445817625,1853.29,0.428,ASK
1445817625,1853.28,0.428,ASK
1445817625,1853.28,0.2249,ASK
1445817626,1854.36,0.11,BID
1445817627,1854.36,1.576,BID
1445817627,1854.36,3.0,BID
1445817627,1854.36,0.958,BID
1445817627,1854.36,0.043,BID
1445817627,1854.36,2.764,BID
1445817629,1854.36,1.1718,BID
1445817629,1854.38,0.14,BID
1445817632,1854.37,0.8282,ASK
1445817632,1854.37,0.5,ASK
1445817632,1854.37,0.05,ASK
1445817632,1854.37,0.203,ASK
1445817632,1854.37,0.696,ASK
1445817632,1854.36,0.538,ASK
1445817632,1853.84,0.06,ASK
1445817632,1853.83,0.0196,ASK
1445817632,1853.82,0.392,ASK
1445817632,1853.77,0.151,ASK
1445817632,1853.29,0.0201,ASK
1445817632,1853.28,0.401,ASK
1445817632,1853.12,0.0214,ASK
1445817632,1853.11,0.428,ASK
1445817632,1853.03,0.6576,ASK
1445817632,1853.0,4.0,ASK
1445817632,1853.0,1.972,BID
1445817632,1853.0,0.511,BID
1445817632,1853.0,9.5198,BID
1445817633,1853.0,1.972,BID
1445817633,1853.0,0.66,BID
1445817633,1853.0,0.171,BID
1445817634,1853.0,0.425,BID
1445817634,1853.0,0.06,BID
1445817634,1853.0,0.02,BID
1445817634,1853.0,4.2999,BID
1445817634,1853.0,0.362,BID
1445817634,1853.0,0.5,BID
1445817635,1853.0,0.66,BID
1445817635,1853.0,0.374,BID
1445817635,1853.0,0.017,BID
1445817635,1853.0,0.66,BID
1445817635,1853.0,3.189,BID
1445817635,1853.0,0.704,BID
1445817635,1853.0,1.486,BID
1445817635,1853.0,0.9714,BID
1445817635,1853.11,0.01,ASK
1445817636,1854.35,0.01,BID
1445817636,1854.35,0.0096,BID
1445817636,1854.35,0.0129,BID
1445817636,1854.36,0.65,BID
1445817636,1855.8,0.1661,BID
1445817636,1855.81,1.1614,BID
1445817636,1855.81,0.51,BID
1445817636,1853.11,0.01,ASK
1445817638,1855.8,0.01,BID
1445817638,1853.11,0.01,ASK
1445817639,1855.8,0.01,BID
1445817639,1854.37,0.0196,ASK
1445817639,1854.37,0.01,ASK
1445817640,1855.8,0.01,BID
1445817641,1854.38,0.01,ASK
1445817642,1855.79,0.01,BID
1445817642,1854.38,0.01,ASK
1445817642,1855.79,0.0367,BID
1445817642,1855.79,0.019,BID
1445817642,1855.8,0.6276,BID
1445817642,1855.8,5.1877,BID
1445817642,1855.8,0.437,BID
1445817643,1855.8,1.0805,BID
1445817643,1855.8,0.01,BID
1445817644,1855.79,0.01,BID
1445817644,1855.8,0.369,BID
1445817645,1854.38,0.01,ASK
1445817647,1854.39,0.0467,ASK
1445817647,1854.39,0.0231,ASK
1445817647,1854.38,0.01,ASK
1445817647,1854.38,0.4374,ASK
1445817647,1854.38,0.5633,ASK
1445817647,1855.78,0.06,BID
1445817647,1855.79,0.01,BID
1445817647,1855.8,0.647,BID
1445817648,1855.79,0.0231,BID
1445817648,1855.8,1.6483,BID
1445817651,1855.79,0.0467,BID
1445817651,1855.8,0.1403,BID
1445817651,1855.8,0.618,BID
1445817651,1855.8,0.3927,BID
1445817652,1855.81,0.06,BID
1445817652,1855.81,1.535,BID
1445817653,1855.81,0.1,BID
1445817653,1855.81,0.1,BID
1445817653,1855.81,0.56,BID
1445817654,1856.36,1.0,BID
1445817654,1857.06,0.2,BID
1445817654,1858.37,0.65,BID
1445817654,1858.38,0.9334,BID
1445817654,1858.39,0.015,BID
1445817654,1859.0,0.513,BID
1445817654,1859.0,0.364,BID
1445817654,1859.05,0.773,BID
1445817654,1859.1,0.364,BID
1445817654,1859.1,0.364,BID
1445817654,1859.14,0.63,BID
1445817654,1859.2,0.779,BID
1445817654,1859.35,0.1974,BID
1445817654,1859.66,1.0,BID
1445817654,1859.68,0.01,BID
1445817654,1859.69,6.9947,BID
1445817654,1859.69,0.5,BID
1445817655,1859.69,1.18,BID
1445817655,1859.2,22.0,BID
1445817655,1859.2,7.615,BID
1445817658,1859.66,1.0,BID
1445817658,1859.69,1.8,BID
1445817663,1859.19,0.2,ASK
1445817664,1859.65,0.66,BID
1445817664,1859.69,0.4199,BID
1445817665,1859.69,0.043,BID
1445817666,1859.69,0.089,BID
1445817668,1859.2,0.06,ASK
1445817668,1856.74,0.8,ASK
1445817668,1856.71,0.0467,ASK
1445817668,1856.7,0.0197,ASK
1445817668,1856.69,0.1536,ASK
1445817672,1859.67,0.272,ASK
1445817675,1859.64,0.001,BID
1445817678,1858.86,0.02,ASK
1445817678,1858.44,0.027,ASK
1445817682,1858.85,0.001,BID
1445817682,1859.63,0.06,BID
1445817682,1859.64,0.109,BID
1445817682,1859.64,0.418,BID
1445817682,1859.69,0.762,BID
1445817683,1859.68,1.0,BID
1445817683,1859.68,1.0,BID
1445817683,1859.68,4.706,BID
1445817685,1859.69,1.0788,BID
1445817687,1858.85,0.001,BID
1445817688,1859.65,1.0788,ASK
1445817689,1859.65,0.4,ASK
1445817689,1859.65,1.7702,ASK
1445817690,1859.64,0.7298,BID
1445817690,1859.64,0.071,BID
1445817690,1859.64,0.3792,BID
1445817690,1859.38,0.01,ASK
1445817694,1859.55,0.5,BID
1445817694,1859.38,0.05,ASK
1445817694,1857.33,0.04,ASK
1445817696,1859.55,2.749,BID
1445817696,1859.55,0.112,BID
1445817696,1859.6,0.1514,BID
1445817696,1859.64,0.2208,BID
1445817696,1859.64,0.65,BID
1445817696,1859.64,3.0,BID
1445817696,1859.64,1.593,BID
1445817696,1859.56,0.0467,ASK
1445817696,1859.57,15.0,BID
1445817696,1859.57,21.936,BID
1445817699,1859.56,0.4911,ASK
1445817699,1859.56,0.0089,ASK
1445817699,1859.56,0.4,ASK
1445817699,1859.56,0.1289,ASK
1445817704,1859.54,0.06,BID
1445817704,1859.55,0.719,BID
1445817705,1859.55,0.01,BID
1445817705,1858.6,0.01,ASK
1445817706,1859.55,0.01,BID
1445817707,1858.61,0.01,ASK
1445817709,1859.54,0.1514,BID
1445817709,1859.55,0.4911,BID
1445817709,1859.69,0.403,BID
1445817712,1859.68,0.01,BID
1445817712,1859.69,0.124,BID
1445817712,1859.56,0.739,ASK
1445817714,1858.61,0.01,ASK
1445817716,1859.54,0.0153,BID
1445817717,1859.54,0.0144,BID
1445817717,1859.55,0.1366,BID
1445817718,1859.38,0.06,ASK
1445817720,1859.38,0.0014,BID
1445817721,1859.37,0.01,BID
1445817721,1859.37,0.021,BID
1445817721,1859.37,0.029,BID
1445817721,1859.38,0.011,BID
1445817722,1859.38,0.0014,BID
1445817723,1859.38,0.0262,BID
1445817723,1859.55,0.4728,BID
1445817725,1859.37,0.027,BID
1445817728,1859.37,0.033,BID
1445817728,1859.55,0.155,BID
1445817729,1859.55,0.01,BID
1445817730,1859.46,0.706,ASK
1445817732,1859.36,0.033,BID
1445817732,1859.55,0.0122,BID
1445817732,1859.69,0.5558,BID
1445817732,1859.69,0.4,BID
1445817732,1859.69,0.5,BID
1445817733,1859.69,0.0122,BID
1445817733,1859.69,2.998,BID
1445817734,1859.46,0.4,BID
1445817735,1859.46,0.1779,BID
1445817735,1859.69,1.4021,BID
1445817735,1859.69,0.01,BID
1445817735,1859.69,0.13,BID
1445817737,1859.69,0.137,BID
1445817739,1859.69,0.0014,BID
1445817740,1859.69,0.5,BID
1445817740,1859.48,0.0089,ASK
1445817741,1859.69,0.838,BID
1445817741,1859.69,0.5377,BID
1445817742,1859.69,0.0014,BID
1445817742,1859.69,0.5377,BID
1445817743,1859.69,0.5,BID
1445817743,1859.69,0.578,BID
1445817743,1859.69,0.5377,BID
1445817744,1859.69,0.0014,BID
1445817744,1859.69,0.5377,BID
1445817745,1859.68,4.0,BID
1445817745,1859.68,1.87,BID
1445817746,1859.69,0.5377,BID
1445817746,1859.69,0.5,BID
1445817747,1859.69,0.36,BID
1445817747,1859.69,0.5377,BID
1445817747,1859.69,22.8726,BID
1445817751,1861.27,0.0014,BID
1445817755,1862.0,0.158,BID
1445817755,1862.56,0.5653,BID
1445817767,1862.0,0.345,BID
1445817774,1862.0,0.0008,BID
1445817774,1862.54,0.345,BID
1445817774,1862.56,2.3972,BID
1445817779,1861.97,0.46,BID
1445817781,1861.97,0.0014,BID
1445817784,1862.54,0.036,BID
1445817791,1862.08,0.013,ASK
1445817791,1862.08,0.0009,ASK
1445817793,1860.85,0.01,ASK
1445817794,1860.86,0.01,ASK
1445817795,1860.86,0.0367,ASK
1445817795,1860.85,0.0363,ASK
1445817796,1860.86,0.06,ASK
1445817796,1860.85,0.0267,ASK
1445817796,1860.49,0.3133,ASK
1445817797,1860.85,0.0018,BID
1445817799,1860.48,0.1289,BID
1445817799,1860.35,0.02,ASK
1445817801,1860.4,0.5,BID
1445817801,1860.4,0.0014,BID
1445817801,1860.4,0.001,BID
1445817802,1860.4,0.09,BID
1445817803,1860.4,0.01,BID
1445817803,1860.4,0.3676,BID
1445817803,1860.48,0.4711,BID
1445817803,1860.48,0.6,BID
1445817803,1860.49,0.141,BID
1445817803,1860.49,0.4,BID
1445817803,1861.77,0.112,BID
1445817803,1861.96,0.112,BID
1445817805,1861.97,0.104,ASK
1445817805,1861.97,0.01,ASK
1445817805,1861.97,0.731,ASK
1445817805,1861.97,1.661,ASK
1445817806,1861.97,2.0,ASK
1445817806,1861.97,0.192,ASK
1445817807,1861.97,2.0,ASK
1445817807,1861.97,2.2376,ASK
1445817807,1861.97,2.0,ASK
1445817807,1861.97,2.0,ASK
1445817807,1861.97,0.129,ASK
1445817807,1861.97,0.13,ASK
1445817807,1861.97,0.01,ASK
1445817807,1861.97,0.65,ASK
1445817807,1861.97,0.5,ASK
1445817807,1861.97,1.0,ASK
1445817807,1861.97,0.509,ASK
1445817807,1861.97,0.4,ASK
1445817808,1861.97,0.65,ASK
1445817808,1861.97,0.65,ASK
1445817808,1861.98,0.7,ASK
1445817808,1861.97,0.3,ASK
1445817808,1861.97,0.1981,ASK
1445817809,1861.97,0.6,ASK
1445817809,1861.97,0.1514,ASK
1445817809,1861.97,0.65,ASK
1445817809,1861.97,0.1834,ASK
1445817810,1860.59,0.19,ASK
1445817810,1860.42,0.0269,ASK
1445817810,1860.42,0.1515,ASK
1445817810,1860.41,0.1316,ASK
1445817814,1860.61,0.0187,ASK
1445817814,1860.6,0.1713,ASK
1445817818,1860.6,0.328,ASK
1445817822,1860.97,0.2,BID
1445817822,1861.83,0.06,BID
1445817822,1861.85,0.08,BID
1445817822,1861.93,0.037,BID
1445817823,1860.96,0.0467,BID
1445817823,1860.98,0.1533,ASK
1445817823,1860.6,0.0007,ASK
1445817823,1860.6,0.016,ASK
1445817824,1861.14,0.01,ASK
1445817824,1860.97,0.189,ASK
1445817824,1860.61,0.025,ASK
1445817824,1860.6,0.155,ASK
1445817824,1860.6,0.328,ASK
1445817824,1860.48,0.0877,ASK
1445817824,1860.45,0.04,ASK
1445817824,1860.44,0.8,ASK
1445817824,1859.74,0.3653,ASK
1445817825,1860.5,0.0014,BID
1445817826,1860.5,0.01,BID
1445817827,1860.5,0.1596,BID
1445817827,1860.6,0.1869,BID
1445817828,1860.6,0.1514,BID
1445817831,1860.6,4.4422,BID
1445817831,1860.96,0.189,BID
1445817831,1860.96,0.189,BID
1445817831,1861.82,0.1808,BID
1445817831,1860.51,0.0114,ASK
1445817831,1860.51,0.1286,ASK
1445817832,1860.59,0.2221,BID
1445817835,1860.62,0.0467,ASK
1445817835,1860.61,0.1392,ASK
1445817835,1860.61,0.1762,ASK
1445817835,1860.61,0.1388,ASK
1445817836,1860.62,0.0904,ASK
1445817836,1860.61,1.4922,ASK
1445817836,1860.52,0.9974,ASK
1445817838,1861.18,0.0014,ASK
1445817839,1860.6,0.5986,BID
1445817839,1860.6,0.4,BID
1445817841,1860.6,0.5375,BID
1445817841,1860.6,0.0014,BID
1445817842,1860.6,0.0611,BID
1445817842,1860.61,0.4764,ASK
1445817842,1859.76,0.7,ASK
1445817842,1859.69,0.0036,ASK
1445817843,1860.42,0.5375,BID
1445817843,1860.42,0.0014,BID
1445817843,1860.42,0.009,BID
1445817849,1860.41,0.001,BID
1445817857,1861.75,0.0519,BID
1445817857,1861.76,0.4481,BID
1445817857,1860.39,0.02,ASK
1445817857,1860.11,0.06,ASK
1445817857,1859.7,0.02,ASK
1445817857,1859.69,1.08,ASK
1445817863,1859.75,0.0395,ASK
1445817863,1859.71,0.7105,ASK
1445817864,1859.77,0.4521,ASK
1445817865,1859.77,0.0849,ASK
1445817865,1859.75,0.6331,ASK
1445817865,1859.75,0.218,ASK
1445817869,1859.7,0.4,ASK
1445817871,1859.7,0.662,ASK
1445817871,1859.7,4.0,ASK
1445817872,1859.7,0.04,ASK
1445817872,1859.7,0.65,ASK
1445817874,1859.7,0.65,ASK
1445817874,1859.7,2.2048,ASK
1445817874,1859.69,0.212,ASK
1445817875,1859.69,0.65,ASK
1445817875,1859.69,1.805,ASK
1445817875,1859.69,0.4,ASK
1445817877,1859.69,0.75,ASK
1445817878,1859.7,0.5,BID
1445817878,1859.69,0.5,ASK
1445817878,1859.69,0.65,ASK
1445817878,1859.69,0.591,ASK
1445817879,1859.7,0.5377,BID
1445817880,1859.69,0.1538,ASK
1445817880,1859.7,0.5377,BID
1445817880,1859.69,0.5,ASK
1445817881,1859.69,0.65,ASK
1445817881,1859.69,0.5,ASK
1445817882,1859.69,0.5,ASK
1445817882,1859.69,0.6,ASK
1445817882,1859.69,0.01,ASK
1445817882,1859.69,0.01,ASK
1445817882,1859.69,0.65,ASK
1445817882,1859.69,1.0,ASK
1445817882,1859.7,0.01,BID
1445817883,1859.69,0.65,ASK
1445817883,1859.69,0.6,ASK
1445817883,1859.69,0.0919,ASK
1445817884,1859.69,0.5,ASK
1445817884,1859.69,0.65,ASK
1445817884,1859.69,0.537,ASK
1445817885,1859.69,0.763,ASK
1445817886,1859.69,0.65,ASK
1445817886,1859.69,0.1421,ASK
1445817886,1859.69,1.18,ASK
1445817886,1859.69,0.65,ASK
1445817887,1859.69,0.01,ASK
1445817887,1859.69,0.65,ASK
1445817887,1859.69,0.78,ASK
1445817887,1859.69,0.6,ASK
1445817887,1859.69,0.75,ASK
1445817887,1859.69,0.2,ASK
1445817887,1859.69,0.75,ASK
1445817887,1859.69,0.75,ASK
1445817887,1859.69,0.75,ASK
1445817887,1859.69,0.75,ASK
1445817888,1859.69,0.75,ASK
1445817888,1859.69,0.5,ASK
1445817888,1859.69,1.04,ASK
1445817888,1859.69,0.46,ASK
1445817888,1859.69,0.46,ASK
1445817888,1859.69,0.46,ASK
1445817888,1859.69,0.2005,ASK
1445817888,1859.69,0.65,ASK
1445817888,1859.69,3.79,ASK
1445817888,1859.69,2.0,ASK
1445817888,1859.69,0.095,ASK
1445817888,1859.69,0.75,ASK
1445817888,1859.69,0.78,ASK
1445817889,1859.69,49.8119,ASK
1445817889,1859.69,0.65,ASK
1445817889,1859.69,0.2,ASK
1445817889,1859.69,1.012,ASK
1445817890,1859.69,0.65,ASK
1445817890,1859.69,0.6,ASK
1445817890,1859.69,0.5,ASK
1445817890,1859.69,6.089,ASK
1445817891,1859.69,0.01,ASK
1445817891,1859.69,1.267,ASK
1445817891,1859.69,0.65,ASK
1445817891,1859.69,1.247,ASK
1445817891,1859.69,3.0,ASK
1445817892,1859.69,0.2187,ASK
1445817892,1859.69,2.313,ASK
1445817892,1859.69,4.0,ASK
1445817892,1859.69,1.549,ASK
1445817892,1859.69,1.0,ASK
1445817893,1859.69,0.151,ASK
1445817893,1859.69,0.2,ASK
1445817893,1859.69,0.2,ASK
1445817893,1859.69,0.5,ASK
1445817894,1859.69,29.8019,ASK
1445817894,1859.11,0.0473,ASK
1445817894,1859.11,0.05,ASK
1445817894,1859.11,0.05,ASK
1445817894,1859.1,0.6027,ASK
1445817897,1859.68,0.0067,BID
1445817899,1859.1,0.217,ASK
1445817901,1859.1,0.4,ASK
1445817901,1859.1,0.5,ASK
1445817902,1859.1,0.192,ASK
1445817902,1859.1,0.5,ASK
1445817903,1859.1,0.899,ASK
1445817904,1859.1,0.01,ASK
1445817905,1859.1,0.6793,ASK
1445817905,1859.0,2.3207,ASK
1445817905,1859.0,0.5,ASK
1445817905,1859.0,2.407,ASK
1445817905,1859.01,12.403,ASK
1445817907,1859.0,0.036,ASK
1445817907,1859.09,0.1,BID
1445817909,1859.0,0.5,ASK
1445817910,1859.0,0.65,ASK
1445817911,1859.0,0.65,ASK
1445817912,1859.0,0.052,ASK
1445817912,1859.02,0.041,ASK
1445817912,1859.0,0.04,ASK
1445817913,1859.4,0.02,BID
1445817913,1859.67,0.04,BID
1445817913,1859.68,0.8,BID
1445817913,1859.68,0.0377,BID
1445817913,1859.69,0.7542,BID
1445817913,1860.0,0.0382,BID
1445817913,1860.04,0.2862,BID
1445817913,1860.05,0.6037,BID
1445817913,1859.0,0.65,ASK
1445817914,1859.0,0.65,ASK
1445817914,1859.3,0.06,BID
1445817916,1859.69,0.06,ASK
1445817916,1859.68,0.1526,ASK
1445817916,1859.68,0.094,ASK
1445817916,1859.68,0.1934,ASK
1445817916,1859.01,0.1973,ASK
1445817916,1859.0,18.7736,ASK
1445817917,1858.38,0.5,ASK
1445817918,1859.0,2.725,BID
1445817919,1859.0,17.4987,BID
1445817919,1859.0,0.5,BID
1445817919,1859.0,0.2119,BID
1445817920,1858.39,0.0473,ASK
1445817920,1858.28,0.0047,BID
1445817923,1858.0,0.001,ASK
1445817923,1858.0,0.0237,ASK
1445817923,1857.14,0.1853,ASK
1445817926,1858.38,0.045,BID
1445817926,1858.45,0.015,BID
1445817927,1858.45,0.01,BID
1445817927,1858.44,0.0109,BID
1445817927,1858.45,0.194,BID
1445817927,1858.54,0.1514,BID
1445817928,1858.46,0.0467,ASK
1445817930,1858.54,0.0686,BID
1445817930,1858.98,0.0313,BID
1445817930,1858.99,0.626,BID
1445817930,1859.0,0.6541,BID
1445817930,1858.78,0.002,ASK
1445817931,1858.78,0.008,ASK
1445817931,1858.46,0.0124,ASK
1445817931,1858.46,0.264,ASK
1445817931,1858.46,0.1706,ASK
1445817932,1858.55,0.0707,ASK
1445817932,1858.54,0.068,ASK
1445817932,1858.47,0.027,ASK
1445817933,1858.36,0.5,BID
1445817937,1858.35,0.06,BID
1445817937,1858.36,0.04,BID
1445817937,1858.45,0.066,BID
1445817937,1857.18,2.0,BID
1445817937,1857.18,1.985,BID
1445817938,1858.36,0.1,ASK
1445817940,1857.84,0.0467,ASK
1445817940,1857.83,0.1874,ASK
1445817940,1857.17,0.5,ASK
1445817940,1857.16,0.8,ASK
1445817940,1857.16,8.7685,ASK
1445817940,1857.1,0.0011,ASK
1445817940,1857.09,4.5417,ASK
1445817940,1856.37,0.122,ASK
1445817940,1856.28,0.117,ASK
1445817940,1856.28,0.117,ASK
1445817940,1856.17,0.01,ASK
1445817940,1856.01,0.175,ASK
1445817940,1855.8,4.2155,ASK
1445817940,1855.68,0.231,ASK
1445817940,1855.67,0.014,ASK
1445817940,1855.55,0.016,ASK
1445817940,1855.48,0.014,ASK
1445817941,1855.38,0.138,BID
1445817942,1855.38,0.1,BID
1445817942,1855.38,0.345,BID
1445817942,1855.0,0.05,ASK
1445817942,1854.51,0.47,ASK
1445817943,1855.38,0.327,BID
1445817944,1858.44,0.0154,BID
1445817944,1858.45,0.3087,BID
1445817944,1858.98,0.0059,BID
1445817946,1858.52,0.01,ASK
1445817948,1857.01,0.01,ASK
1445817949,1857.73,0.177,BID
1445817949,1857.73,0.01,ASK
1445817949,1857.73,0.02,ASK
1445817951,1857.73,0.185,ASK
1445817953,1857.74,0.0235,ASK
1445817953,1857.73,0.2615,ASK
1445817953,1857.73,0.0235,ASK
1445817953,1857.63,0.215,BID
1445817954,1857.63,0.0139,BID
1445817954,1857.1,0.01,ASK
1445817955,1857.1,0.15,ASK
1445817956,1857.62,0.0116,BID
1445817956,1857.63,0.2176,BID
1445817956,1857.63,0.2708,ASK
1445817958,1857.61,0.0467,BID
1445817958,1857.63,0.0382,BID
1445817960,1857.75,0.01,ASK
1445817960,1857.63,0.2,ASK
1445817960,1857.64,0.06,ASK
1445817960,1857.63,0.153,ASK
1445817964,1858.46,0.353,BID
1445817965,1857.76,0.036,ASK
1445817967,1857.1,0.05,ASK
1445817968,1857.1,0.134,ASK
1445817968,1857.1,0.006,ASK
1445817968,1857.09,0.04,ASK
1445817968,1858.27,0.1442,BID
1445817968,1858.45,0.2088,BID
1445817969,1858.45,0.07,BID
1445817977,1858.43,0.07,BID
1445817977,1858.43,0.33,BID
1445817977,1858.42,0.7,BID
1445817977,1858.43,0.004,BID
1445817979,1858.42,0.036,BID
1445817979,1858.42,2.617,BID
1445817979,1858.43,1.7898,BID
1445817979,1858.43,0.01,BID
1445817981,1858.44,0.01,ASK
1445817981,1858.45,0.0035,BID
1445817981,1858.46,0.1536,BID
1445817982,1858.46,2.465,BID
1445817983,1858.46,1.707,BID
1445817983,1858.46,0.5,BID
1445817983,1858.46,0.766,BID
1445817983,1858.46,0.0554,BID
1445817983,1858.57,0.0139,BID
1445817983,1858.73,0.8,BID
1445817983,1859.0,0.2109,BID
1445817984,1859.0,0.01,BID
1445817985,1859.0,0.1607,BID
1445817986,1859.0,0.01,BID
1445817987,1859.0,0.401,BID
1445817988,1859.0,0.197,BID
1445817988,1859.0,0.148,BID
1445817989,1859.0,0.5,BID
1445817989,1859.0,1.441,BID
1445817990,1858.99,0.3062,BID
1445817990,1859.0,0.0938,BID
1445817990,1859.0,1.707,BID
1445817991,1859.0,1.69,BID
1445817991,1859.0,0.5,BID
1445817992,1859.0,0.2287,BID
1445817994,1859.0,0.476,BID
1445817995,1859.0,0.5,BID
1445817997,1858.99,0.02,BID
1445817997,1859.0,0.58,BID
1445817997,1859.0,0.3919,BID
1445817999,1859.62,0.1,BID
1445817999,1859.67,0.44,BID
1445817999,1860.05,0.64,BID
1445818001,1859.03,0.0736,ASK
1445818001,1859.02,0.0464,ASK
1445818018,1859.66,0.05,ASK
1445818020,1859.56,0.0544,BID
1445818021,1859.56,0.0086,BID
1445818025,1859.58,0.0466,ASK
1445818025,1859.57,0.0134,ASK
1445818026,1859.57,0.041,ASK
1445818026,1859.51,0.059,ASK
1445818031,1859.8,0.06,BID
1445818031,1859.81,0.032,BID
1445818031,1860.04,0.0736,BID
1445818032,1860.04,0.0466,ASK
1445818033,1860.04,0.2878,ASK
1445818034,1859.94,0.0092,BID
1445818034,1860.05,1.9908,BID
1445818034,1860.05,5.0,BID
1445818034,1860.05,1.18,BID
1445818035,1860.03,0.212,BID
1445818035,1860.03,0.02,BID
1445818035,1860.03,0.1024,BID
1445818035,1860.05,0.4352,BID
1445818036,1860.05,0.276,BID
1445818038,1860.05,0.5,BID
1445818038,1860.05,0.226,BID
1445818040,1860.05,0.5376,BID
1445818040,1860.05,2.745,BID
1445818041,1860.05,0.5376,BID
1445818042,1860.05,0.5376,BID
1445818042,1860.04,0.218,ASK
1445818042,1860.04,0.062,ASK
1445818042,1860.05,0.5,BID
1445818042,1860.05,0.226,BID
1445818043,1860.05,1.0266,BID
1445818043,1860.05,2.027,BID
1445818043,1860.05,1.027,BID
1445818043,1860.05,2.027,BID
1445818043,1860.05,0.5376,BID
1445818043,1860.05,1.825,BID
1445818044,1860.05,0.17,BID
1445818044,1860.05,0.5376,BID
1445818045,1860.05,0.5376,BID
1445818045,1860.05,0.227,BID
1445818045,1860.05,1.189,BID
1445818045,1860.05,1.28,BID
1445818046,1860.05,0.5376,BID
1445818047,1860.05,0.5,BID
1445818048,1860.05,1.18,BID
1445818049,1860.05,0.358,BID
1445818050,1860.05,2.0,BID
1445818051,1860.05,0.5,BID
1445818054,1860.05,0.2688,BID
1445818054,1860.05,0.79,BID
1445818055,1860.05,0.5,BID
1445818055,1860.05,0.5376,BID
1445818055,1860.05,2.048,BID
1445818056,1860.05,2.5,BID
1445818056,1860.05,0.2532,BID
1445818058,1860.1,0.2,ASK
1445818058,1860.06,2.7468,ASK
1445818058,1860.06,0.1282,ASK
1445818059,1860.15,0.65,ASK
1445818072,1860.16,0.2366,ASK
1445818073,1860.16,0.4634,ASK
1445818073,1860.16,0.1866,ASK
1445818074,1860.16,0.3134,ASK
1445818074,1860.15,0.3366,ASK
1445818075,1860.15,0.3134,ASK
1445818079,1860.16,0.186,ASK
1445818079,1860.07,0.0538,ASK
1445818079,1860.06,0.0102,ASK
1445818079,1860.18,0.001,BID
1445818082,1860.17,0.0466,ASK
1445818082,1860.16,0.19,ASK
1445818090,1860.91,0.02,BID
1445818090,1860.92,0.003,BID
1445818090,1862.04,0.514,BID
1445818093,1860.17,0.06,ASK
1445818101,1860.23,0.025,ASK
1445818101,1861.76,0.1962,BID
1445818101,1861.83,0.65,BID
1445818101,1861.86,0.06,BID
1445818101,1862.04,0.7,BID
1445818101,1862.09,0.126,BID
1445818101,1862.1,1.0,BID
1445818101,1862.24,0.995,BID
1445818101,1862.28,0.9415,BID
1445818101,1862.29,1.0,BID
1445818101,1862.29,0.138,BID
1445818101,1862.3,0.1933,BID
1445818102,1860.23,0.172,ASK
1445818102,1860.21,0.018,ASK
1445818102,1860.23,2.0,ASK
1445818102,1860.23,5.0,ASK
1445818102,1860.23,3.56,ASK
1445818105,1861.86,0.35,ASK
1445818106,1860.57,0.126,ASK
1445818110,1860.98,0.025,ASK
1445818111,1860.99,0.0359,ASK
1445818111,1860.99,0.1343,ASK
1445818111,1860.98,0.2298,ASK
1445818111,1860.98,0.54,ASK
1445818113,1861.03,0.0704,ASK
1445818113,1860.99,0.5,ASK
1445818113,1860.98,0.4296,ASK
1445818114,1861.69,0.0466,BID
1445818114,1861.7,0.197,BID
1445818114,1861.72,0.02,BID
1445818116,1861.88,1.7364,ASK
1445818116,1860.99,0.0269,ASK
1445818116,1860.99,0.0343,ASK
1445818116,1860.98,0.2024,ASK
1445818118,1860.99,0.05,ASK
1445818118,1860.98,0.45,ASK
1445818118,1860.98,2.58,ASK
1445818118,1861.0,17.835,ASK
1445818119,1860.99,0.0359,ASK
1445818119,1860.98,0.0141,ASK
1445818123,1861.01,0.0467,ASK
1445818123,1861.0,0.06,ASK
1445818123,1861.0,0.025,ASK
1445818123,1860.99,0.3683,ASK
1445818125,1860.99,0.1317,ASK
1445818125,1860.98,0.1583,ASK
1445818126,1860.98,0.0081,ASK
1445818126,1860.98,0.368,BID
1445818131,1860.97,0.166,BID
1445818133,1860.97,0.334,ASK
1445818134,1860.96,0.1239,BID
1445818135,1860.96,0.2101,BID
1445818135,1860.96,0.2899,BID
1445818135,1860.96,0.0441,BID
1445818135,1860.96,0.334,BID
1445818141,1861.77,0.05,BID
1445818141,1861.78,1.0,BID
1445818141,1861.81,0.01,BID
1445818141,1861.82,0.2,BID
1445818141,1861.86,0.0325,BID
1445818141,1861.87,0.65,BID
1445818144,1861.87,0.0142,ASK
1445818144,1861.47,0.0325,ASK
1445818144,1861.99,8.775,ASK
1445818148,1861.0,0.0478,ASK
1445818148,1860.99,0.4722,ASK
1445818154,1861.01,0.0467,ASK
1445818154,1861.0,0.0396,ASK
1445818154,1860.99,0.2918,ASK
1445818154,1860.99,0.3314,ASK
1445818156,1861.0,0.0396,ASK
1445818156,1860.99,0.1686,ASK
1445818156,1860.2,0.035,ASK
1445818156,1860.19,0.7,ASK
1445818156,1860.18,0.193,ASK
1445818156,1860.11,0.21,ASK
1445818156,1860.06,0.5274,ASK
1445818156,1860.06,0.5376,ASK
1445818156,1860.0,28.5,ASK
1445818156,1859.99,0.0105,BID
1445818157,1859.99,2.6117,BID
1445818157,1859.99,0.0105,BID
1445818157,1859.99,0.0532,BID
1445818157,1859.99,2.6463,BID
1445818157,1859.38,10.409,BID
1445818159,1859.99,2.5,BID
1445818159,1859.99,1.154,BID
1445818159,1859.99,0.541,BID
1445818159,1859.99,0.221,BID
1445818159,1859.99,0.401,BID
1445818159,1859.99,1.226,BID
1445818159,1859.99,1.58,BID
1445818160,1859.99,0.074,BID
1445818160,1859.99,0.13,BID
1445818160,1859.99,1.0,BID
1445818161,1859.38,1.18,ASK
1445818161,1859.99,0.552,BID
1445818162,1859.99,1.319,BID
1445818163,1859.98,0.39,BID
1445818164,1859.99,0.45,BID
1445818164,1859.38,0.014,ASK
1445818167,1859.98,0.1,BID
1445818167,1859.39,0.02,ASK
1445818167,1859.04,0.2162,ASK
1445818167,1859.0,0.9438,ASK
1445818168,1859.0,0.0562,ASK
1445818168,1858.5,1.9438,ASK
1445818183,1859.33,0.113,ASK
1445818184,1858.5,1.18,ASK
1445818199,1858.5,0.207,ASK
1445818200,1858.5,0.5792,ASK
1445818200,1858.47,0.5381,ASK
1445818200,1858.47,0.5381,ASK
1445818200,1858.25,0.1,ASK
1445818200,1858.1,0.019,ASK
1445818201,1858.0,4.2421,BID
1445818203,1858.0,0.387,BID
1445818203,1858.0,0.113,BID
1445818203,1858.0,1.929,BID
1445818204,1858.0,0.599,BID
1445818204,1858.0,0.5382,BID
1445818205,1858.0,0.5382,BID
1445818207,1858.0,0.5382,BID
1445818207,1858.0,1.748,BID
1445818208,1857.99,0.0467,BID
1445818208,1858.0,0.4915,BID
1445818209,1858.0,0.5382,BID
1445818209,1858.0,0.161,BID
1445818209,1857.99,0.179,BID
1445818210,1857.99,0.5382,BID
1445818212,1857.99,0.0828,BID
1445818212,1858.0,0.5382,BID
1445818213,1858.0,0.05,BID
1445818213,1858.0,29.8291,BID
1445818213,1858.0,0.5382,BID
1445818213,1858.0,0.01,BID
1445818214,1858.0,0.424,BID
1445818214,1858.0,0.082,BID
1445818215,1857.81,0.0467,ASK
1445818215,1857.7,0.0433,BID
1445818215,1858.0,0.4949,BID
1445818215,1857.99,16.421,ASK
1445818215,1857.99,14.0,BID
1445818215,1857.99,2.629,BID
1445818216,1858.0,0.674,BID
1445818216,1857.8,0.0467,BID
1445818216,1858.0,0.3643,BID
1445818217,1858.0,0.5382,BID
1445818218,1857.99,0.0467,BID
1445818218,1858.0,0.5253,BID
1445818219,1858.0,0.501,BID
1445818226,1857.99,0.0917,BID
1445818226,1858.0,1.0683,BID
1445818226,1858.0,0.07,BID
1445818226,1858.0,0.51,BID
1445818227,1858.0,0.091,BID
1445818229,1858.0,0.0937,BID
1445818229,1858.49,0.06,ASK
1445818237,1859.88,0.126,BID
1445818241,1859.87,2.6168,BID
1445818241,1859.88,0.574,BID
1445818242,1859.88,1.5,ASK
1445818244,1859.98,0.184,ASK
1445818244,1859.88,0.216,ASK
1445818245,1859.88,0.184,ASK
1445818246,1859.88,0.6,ASK
1445818246,1859.88,0.618,ASK
1445818248,1859.89,0.65,ASK
1445818250,1859.89,0.05,ASK
1445818250,1859.88,0.95,ASK
1445818251,1859.89,0.2411,ASK
1445818251,1859.88,0.1589,ASK
1445818251,1859.89,0.0361,ASK
1445818251,1859.88,0.0139,ASK
1445818251,1859.88,0.34,ASK
1445818252,1859.89,0.0306,ASK
1445818252,1859.88,0.0194,ASK
1445818252,1859.88,0.185,ASK
1445818252,1859.88,0.184,ASK
1445818253,1859.88,0.05,ASK
1445818253,1859.88,0.881,ASK
1445818254,1859.88,0.4,ASK
1445818254,1859.88,0.65,ASK
1445818255,1859.88,0.65,ASK
1445818255,1859.88,0.39,ASK
1445818256,1859.88,0.39,ASK
1445818256,1859.88,0.39,ASK
1445818256,1859.88,0.39,ASK
1445818256,1859.88,0.65,ASK
1445818257,1859.88,0.65,ASK
1445818258,1859.88,0.65,ASK
1445818259,1859.88,0.65,ASK
1445818260,1859.88,3.0,ASK
1445818260,1859.88,0.65,ASK
1445818260,1859.88,0.05,ASK
1445818261,1859.88,0.65,ASK
1445818262,1859.88,0.01,ASK
1445818262,1859.88,0.65,ASK
1445818263,1859.88,0.65,ASK
1445818264,1859.88,0.65,ASK
1445818265,1859.88,0.65,ASK
1445818266,1859.88,0.65,ASK
1445818266,1859.88,0.01,ASK
1445818267,1859.88,0.356,ASK
1445818267,1859.88,0.65,ASK
1445818269,1859.88,0.65,ASK
1445818270,1859.88,11.58,ASK
1445818270,1859.88,0.65,ASK
1445818271,1859.88,0.001,ASK
1445818271,1859.88,0.6,ASK
1445818271,1859.88,0.5788,ASK
1445818273,1859.87,0.001,BID
1445818274,1859.56,0.06,BID
1445818274,1859.87,0.011,BID
1445818274,1859.87,0.0592,BID
1445818274,1859.87,0.0008,BID
1445818292,1859.86,0.05,BID
1445818293,1859.86,0.65,BID
1445818293,1859.86,0.065,BID
1445818293,1859.87,0.65,BID
1445818293,1859.87,0.65,BID
1445818293,1859.97,0.184,BID
1445818293,1859.97,0.2107,BID
1445818293,1859.98,1.3903,BID
1445818296,1859.98,0.05,BID
1445818297,1859.99,0.5376,BID
1445818299,1859.99,1.263,BID
1445818299,1859.99,0.8,BID
1445818299,1859.89,0.026,ASK
1445818299,1859.88,0.03,ASK
1445818299,1859.99,0.6,BID
1445818300,1859.99,0.5376,BID
1445818300,1859.98,0.02,BID
1445818300,1859.98,0.006,BID
1445818300,1859.99,0.178,BID
1445818301,1859.99,0.185,BID
1445818301,1859.99,0.5376,BID
1445818302,1859.99,0.5376,BID
1445818303,1859.99,0.5376,BID
1445818303,1859.98,0.65,ASK
1445818305,1859.99,0.389,BID
1445818305,1859.99,0.5376,BID
1445818306,1859.99,0.1,BID
1445818306,1859.99,0.5376,BID
1445818307,1859.99,1.18,BID
1445818307,1859.99,0.5376,BID
1445818308,1859.99,1.707,BID
1445818308,1859.99,1.085,BID
1445818308,1859.99,0.39,BID
1445818308,1859.99,0.391,BID
1445818308,1859.99,0.327,BID
1445818308,1859.99,0.5376,BID
1445818308,1859.99,2.0,BID
1445818308,1859.99,0.3,BID
1445818308,1859.99,1.022,BID
1445818309,1859.99,2.58,BID
1445818309,1859.99,0.5376,BID
1445818309,1859.99,0.0151,BID
1445818309,1859.99,1.18,BID
1445818310,1859.99,0.236,BID
1445818310,1859.99,0.06,BID
1445818310,1859.98,0.65,ASK
1445818310,1859.99,0.5376,BID
1445818311,1859.99,0.5376,BID
1445818311,1859.99,1.18,BID
1445818312,1859.99,0.02,BID
1445818312,1859.99,0.15,BID
1445818312,1859.99,0.5376,BID
1445818314,1859.99,0.5376,BID
1445818315,1859.99,0.5376,BID
1445818315,1859.99,0.5,BID
1445818316,1859.99,0.02,BID
1445818316,1859.99,0.323,BID
1445818316,1859.99,0.5376,BID
1445818317,1859.99,2.0,BID
1445818317,1859.99,0.5376,BID
1445818317,1859.99,0.134,BID
1445818318,1859.99,0.5,BID
1445818318,1859.99,0.5376,BID
1445818319,1859.99,0.5376,BID
1445818319,1859.99,1.74,BID
1445818320,1859.99,0.5,BID
1445818320,1859.99,0.5376,BID
1445818320,1859.99,3.4,BID
1445818321,1859.99,0.5376,BID
1445818322,1859.99,0.5376,BID
1445818322,1859.99,0.038,BID
1445818323,1859.99,4.0,BID
1445818324,1859.99,0.5376,BID
1445818325,1859.99,0.5376,BID
1445818325,1859.99,0.5376,BID
1445818326,1859.99,0.872,BID
1445818326,1859.99,2.313,BID
1445818326,1859.99,0.5376,BID
1445818326,1859.99,1.0,BID
1445818327,1859.99,3.9529,BID
1445818364,1862.13,0.2051,BID
1445818364,1862.14,4.0,BID
1445818365,1862.14,0.5,ASK
1445818365,1862.14,2.3927,ASK
1445818366,1862.14,0.4022,ASK
1445818366,1860.28,0.02,ASK
1445818366,1860.26,0.48,ASK
1445818368,1862.04,0.06,BID
1445818370,1860.35,0.1686,ASK
1445818370,1860.3,0.1614,ASK
1445818374,1861.28,0.0364,BID
1445818378,1860.32,0.04,ASK
1445818378,1860.31,0.0188,ASK
1445818378,1860.31,0.8,ASK
1445818378,1860.3,0.1412,ASK
1445818380,1860.32,0.04,ASK
1445818380,1860.31,0.29,ASK
1445818381,1860.31,0.1129,ASK
1445818381,1860.31,0.0466,ASK
1445818381,1860.31,0.0117,ASK
1445818381,1860.3,0.0695,ASK
1445818383,1860.31,0.0117,ASK
1445818383,1860.3,0.1649,ASK
1445818389,1861.0,0.4,ASK
1445818389,1861.0,0.6,ASK
1445818389,1861.0,0.5,ASK
1445818394,1860.89,0.187,BID
1445818394,1860.89,0.313,BID
1445818395,1860.89,0.4,BID
1445818395,1860.89,0.087,BID
1445818395,1860.89,0.0466,BID
1445818395,1860.89,0.0293,BID
1445818396,1860.9,0.3533,BID
1445818400,1860.85,0.0229,BID
1445818402,1860.85,0.063,BID
1445818403,1860.85,0.347,BID
1445818404,1860.01,0.0538,ASK
1445818404,1860.0,0.5376,ASK
1445818404,1860.0,0.5376,ASK
1445818405,1859.99,0.0466,BID
1445818405,1859.99,0.0538,BID
1445818407,1859.99,1.9626,BID
1445818407,1859.99,0.5,BID
1445818411,1859.94,0.047,BID
1445818411,1859.99,0.206,BID
1445818411,1859.99,0.0013,BID
1445818419,1859.91,0.2327,BID
1445818419,1859.98,0.06,BID
1445818419,1859.99,0.0596,BID
1445818427,1859.63,0.06,ASK
1445818427,1859.63,0.02,ASK
1445818427,1859.61,0.272,ASK
1445818427,1859.57,4.0,ASK
1445818427,1859.56,0.522,ASK
1445818427,1859.2,0.837,ASK
1445818427,1858.74,0.8,ASK
1445818427,1858.73,0.7,ASK
1445818427,1858.36,0.015,ASK
1445818427,1858.33,0.013,ASK
1445818427,1858.1,0.017,ASK
1445818427,1858.03,0.013,ASK
1445818427,1858.01,2.6188,ASK
1445818427,1858.01,0.9436,ASK
1445818427,1858.0,3.1441,ASK
1445818430,1859.98,0.1831,BID
1445818430,1859.98,0.1076,BID
1445818430,1859.99,2.0482,BID
1445818437,1859.97,0.198,BID
1445818439,1859.97,2.4199,BID
1445818439,1859.97,0.06,BID
1445818439,1859.98,0.4493,BID
1445818441,1859.98,0.09,BID
1445818442,1859.98,0.183,BID
1445818443,1859.98,0.09,BID
1445818446,1859.98,0.01,BID
1445818472,1858.43,0.1001,ASK
1445818472,1858.43,0.0202,ASK
1445818472,1858.39,0.1638,ASK
1445818472,1858.38,4.5669,ASK
1445818472,1858.33,0.128,ASK
1445818472,1858.09,0.0132,ASK
1445818472,1858.08,2.6276,ASK
1445818472,1858.0,45.9027,ASK
1445818472,1858.0,3.0,ASK
1445818472,1858.0,3.5094,ASK
1445818473,1857.83,36.0,ASK
1445818473,1857.83,43.0,ASK
1445818473,1857.83,71.0,ASK
1445818473,1858.0,0.714,BID
1445818474,1858.0,0.545,BID
1445818474,1858.0,0.06,BID
1445818476,1858.0,4.0,BID
1445818477,1857.99,0.01,BID
1445818477,1857.99,0.0234,BID
1445818477,1858.0,4.1879,BID
1445818478,1857.97,0.414,BID
1445818481,1857.97,0.321,BID
1445818481,1857.98,0.0466,BID
1445818481,1857.98,0.02,BID
1445818481,1857.99,0.7,BID
1445818481,1858.0,24.4541,BID
1445818481,1859.87,1.5973,BID
1445818481,1859.91,3.861,BID
1445818507,1858.13,0.046,ASK
1445818513,1858.14,0.046,ASK
1445818537,1858.39,0.06,BID
1445818537,1858.39,0.02,BID
1445818537,1858.4,3.3314,BID
1445818537,1858.58,0.0151,BID
1445818537,1859.37,2.6219,BID
1445818537,1859.38,0.8,BID
1445818537,1859.42,0.6851,BID
1445818553,1859.8,1.0,BID
1445818557,1859.97,1.0,BID
1445818560,1859.96,0.046,BID
1445818560,1859.97,0.954,BID
1445818563,1859.97,0.065,BID
1445818565,1859.97,0.2,BID
1445818565,1859.97,4.0,BID
1445818566,1859.96,3.0,BID
1445818566,1859.96,9.0,BID
1445818566,1859.96,20.18,BID
1445818567,1859.97,0.268,BID
1445818567,1859.97,1.913,BID
1445818567,1860.02,5.3073,BID
1445818568,1860.04,0.2,BID
1445818569,1860.04,0.5,BID
1445818570,1860.04,0.3,BID
1445818571,1861.07,0.0695,BID
1445818571,1861.07,0.0522,BID
1445818571,1862.0,0.1478,BID
1445818574,1862.0,0.11,BID
1445818574,1862.0,1.0,BID
1445818574,1862.0,0.09,BID
1445818575,1862.0,0.2,BID
1445818575,1862.0,4.0,BID
1445818575,1862.0,0.352,BID
1445818576,1862.0,0.2,BID
1445818576,1862.0,0.647,BID
1445818576,1862.0,0.2,BID
1445818577,1862.0,0.2,BID
1445818579,1862.0,1.0,BID
1445818580,1862.0,0.352,BID
1445818585,1862.0,0.93,BID
1445818589,1861.63,0.02,BID
1445818591,1861.63,0.15,BID
1445818594,1861.63,0.195,BID
1445818594,1862.0,0.13,BID
1445818596,1862.0,0.114,BID
1445818596,1861.99,0.0286,BID
1445818596,1862.0,0.0414,BID
1445818596,1862.0,0.07,BID
1445818599,1862.0,0.2158,BID
1445818600,1862.41,0.007,BID
1445818600,1862.58,1.925,BID
1445818602,1862.58,0.2,BID
1445818609,1862.11,0.02,ASK
1445818610,1862.1,0.0466,BID
1445818611,1862.1,0.2257,BID
1445818611,1862.58,0.8596,BID
1445818611,1863.54,0.0293,BID
1445818611,1863.67,0.0437,BID
1445818614,1863.66,0.0466,BID
1445818614,1863.67,0.1734,BID
1445818618,1863.67,0.0752,BID
1445818618,1863.88,0.1118,BID
1445818627,1862.7,0.06,ASK
1445818628,1862.1,0.215,BID
1445818634,1862.1,0.959,BID
1445818634,1862.58,3.7744,BID
1445818640,1862.61,0.0371,ASK
1445818640,1862.61,0.1379,ASK
1445818640,1862.61,0.0219,ASK
1445818640,1862.6,0.3031,ASK
1445818653,1863.85,0.06,BID
1445818653,1863.86,0.165,BID
1445818658,1862.62,0.0157,ASK
1445818658,1862.62,0.0266,ASK
1445818658,1862.61,0.0077,ASK
1445818661,1862.82,0.06,ASK
1445818661,1862.63,0.619,ASK
1445818661,1862.63,0.081,ASK
1445818661,1862.62,0.0466,ASK
1445818661,1862.62,0.0304,ASK
1445818662,1862.62,0.016,BID
1445818662,1862.61,0.7923,ASK
1445818663,1862.6,0.679,BID
1445818667,1862.61,0.322,ASK
1445818667,1862.61,0.2149,ASK
1445818667,1862.59,0.1082,ASK
1445818667,1862.59,0.0158,ASK
1445818667,1862.59,0.0266,ASK
1445818667,1862.58,0.3465,ASK
1445818667,1862.58,0.567,ASK
1445818667,1862.58,0.514,ASK
1445818668,1862.58,0.1082,ASK
1445818669,1862.59,0.0305,ASK
1445818669,1862.59,0.016,ASK
1445818669,1862.58,0.5535,ASK
1445818670,1862.6,0.1182,BID
1445818671,1862.59,0.0266,ASK
1445818671,1862.59,0.0158,ASK
1445818671,1862.58,0.6076,ASK
1445818672,1862.59,0.0319,ASK
1445818672,1862.58,0.4101,ASK
1445818672,1862.59,0.0763,ASK
1445818672,1862.58,0.4077,ASK
1445818672,1862.58,0.65,ASK
1445818673,1862.58,1.452,ASK
1445818673,1862.11,0.537,ASK
1445818673,1862.0,3.5,ASK
1445818673,1861.99,0.0242,BID
1445818673,1861.99,0.0223,BID
1445818674,1861.99,3.0551,BID
1445818674,1861.99,0.0266,BID
1445818676,1861.99,0.5914,BID
1445818677,1861.99,1.0,BID
1445818679,1861.99,0.058,BID
1445818681,1861.99,1.0,BID
1445818681,1861.74,0.046,ASK
1445818682,1861.99,5.0471,BID
1445818690,1861.98,0.101,BID
1445818697,1861.97,0.06,BID
1445818697,1861.97,0.8,BID
1445818697,1861.98,0.599,BID
1445818697,1861.98,2.0,BID
1445818697,1861.99,1.541,BID
1445818699,1861.97,0.13,BID
1445818699,1861.98,0.5926,BID
1445818701,1861.99,0.599,BID
1445818702,1861.99,0.5371,BID
1445818703,1861.99,0.5371,BID
1445818704,1861.99,0.5371,BID
1445818705,1861.98,0.02,ASK
1445818705,1861.99,0.5371,BID
1445818706,1861.99,0.5371,BID
1445818707,1861.99,0.5371,BID
1445818708,1861.99,0.5371,BID
1445818708,1861.99,0.268,BID
1445818709,1861.98,1.0,ASK
1445818709,1861.98,3.6222,ASK
1445818709,1861.69,0.06,ASK
1445818709,1860.16,0.0269,ASK
1445818709,1860.15,0.537,ASK
1445818709,1860.15,0.1227,ASK
1445818709,1860.15,0.0477,ASK
1445818709,1860.14,6.5625,ASK
1445818709,1861.99,0.5371,BID
1445818712,1861.97,0.268,BID
1445818716,1861.97,0.3526,BID
1445818720,1861.97,0.029,BID
1445818728,1861.94,0.201,BID
1445818732,1861.93,0.06,BID
1445818732,1861.94,0.163,BID
1445818732,1861.94,0.173,BID
1445818739,1861.97,0.0004,BID
1445818739,1861.97,1.0,BID
1445818739,1862.58,0.0424,BID
1445818739,1862.61,0.099,BID
1445818739,1863.84,0.1973,BID
1445818739,1863.85,0.8607,BID
1445818741,1862.56,20.572,BID
1445818742,1861.98,0.5371,ASK
1445818742,1861.98,0.513,ASK
1445818742,1860.23,0.0269,ASK
1445818742,1860.22,0.537,ASK
1445818742,1860.21,0.1705,ASK
1445818742,1860.2,0.7846,ASK
1445818742,1860.2,3.6047,ASK
1445818742,1860.15,0.7,ASK
1445818742,1860.05,0.5376,ASK
1445818742,1859.99,0.119,BID
1445818742,1859.99,0.209,BID
1445818743,1859.99,0.06,BID
1445818743,1859.99,0.7221,BID
1445818744,1859.99,4.1335,BID
1445818744,1859.99,4.0,BID
1445818745,1859.99,2.6117,BID
1445818745,1859.99,0.713,BID
1445818745,1859.99,0.2,BID
1445818745,1859.99,0.394,BID
1445818745,1859.99,0.501,BID
1445818745,1859.99,0.5376,BID
1445818745,1859.99,0.6,BID
1445818745,1859.99,0.81,BID
1445818745,1859.99,0.258,BID
1445818745,1859.99,0.058,BID
1445818746,1859.99,0.04,BID
1445818746,1859.99,0.515,BID
1445818746,1859.99,0.5376,BID
1445818746,1859.98,0.537,ASK
1445818746,1859.99,0.2,BID
1445818747,1859.99,0.02,BID
1445818747,1859.99,0.5,BID
1445818747,1859.99,0.5376,BID
1445818748,1859.99,0.2,BID
1445818748,1859.99,0.5376,BID
1445818749,1859.99,0.291,BID
1445818749,1859.98,0.0006,ASK
1445818749,1859.98,0.046,BID
1445818749,1859.99,0.52,BID
1445818749,1859.99,0.09,BID
1445818749,1859.99,0.5376,BID
1445818750,1859.99,0.5376,BID
1445818750,1859.99,4.5968,BID
1445818750,1859.99,0.5,BID
1445818751,1859.99,0.566,BID
1445818752,1859.99,1.651,BID
1445818752,1859.99,0.271,BID
1445818752,1859.99,0.5376,BID
1445818752,1859.99,0.5376,BID
1445818752,1859.99,0.2,BID
1445818752,1859.99,0.2,BID
1445818752,1859.99,0.088,BID
1445818752,1859.99,1.0,BID
1445818752,1859.93,10.571,BID
1445818753,1859.99,0.0991,BID
1445818753,1859.99,0.099,BID
1445818754,1859.99,0.11,BID
1445818754,1859.99,0.5,BID
1445818755,1859.99,0.111,BID
1445818755,1859.99,10.5306,BID
1445818755,1860.21,0.06,BID
1445818755,1862.77,0.09,BID
1445818757,1863.0,2.0375,ASK
1445818759,1860.42,0.01,ASK
1445818786,1861.27,0.02,ASK
1445818788,1861.26,0.1082,BID
1445818788,1862.98,0.01,BID
1445818788,1862.99,0.0888,BID
1445818792,1862.98,0.11,BID
1445818796,1862.4,0.1182,ASK
1445818805,1862.49,0.194,BID
1445818807,1862.49,0.15,BID
1445818813,1862.4,0.0818,ASK
1445818813,1862.3,0.2,ASK
1445818815,1862.0,0.06,BID
1445818817,1862.0,0.2,BID
1445818817,1862.0,0.4582,BID
1445818819,1862.39,0.0818,BID
1445818819,1862.44,0.1182,BID
1445818822,1862.44,0.237,BID
1445818823,1862.12,10.285,BID
1445818830,1862.48,0.06,BID
1445818830,1862.49,0.1998,BID
1445818832,1862.44,0.2,BID
1445818832,1861.78,2.0,BID
1445818832,1861.78,4.571,BID
1445818835,1862.4,0.168,BID
1445818837,1862.4,0.2,BID
1445818838,1862.4,0.174,BID
1445818842,1862.4,0.174,BID
1445818844,1862.4,0.197,BID
1445818848,1862.39,0.1974,BID
1445818848,1862.4,0.0026,BID
1445818848,1862.4,0.2,BID
1445818849,1862.4,0.197,BID
1445818849,1862.4,1.0,BID
1445818852,1862.4,0.2,BID
1445818853,1862.4,0.2,BID
1445818858,1862.39,0.7,BID
1445818858,1862.4,0.3,BID
1445818861,1862.35,0.19,BID
1445818861,1862.35,0.065,BID
1445818861,1862.4,0.435,BID
1445818863,1862.4,0.255,BID
1445818863,1862.4,0.255,BID
1445818863,1862.4,0.14,BID
1445818864,1862.4,0.2,BID
1445818864,1862.4,0.2,BID
1445818872,1862.4,1.0,BID
1445818872,1862.4,0.06,BID
1445818872,1862.4,0.344,BID
1445818874,1862.4,0.06,BID
1445818874,1862.4,0.5,BID
1445818875,1862.4,0.06,BID
1445818880,1862.4,1.0,BID
1445818881,1862.4,0.2,BID
1445818881,1862.4,0.2,BID
1445818882,1862.4,1.0,BID
1445818885,1862.4,1.0,BID
1445818886,1862.4,0.2,BID
1445818888,1862.4,2.5965,BID
1445818888,1862.49,4.8851,BID
1445818889,1862.49,0.692,BID
1445818889,1862.49,0.5,BID
1445818890,1862.49,0.2,BID
1445818891,1862.49,25.772,BID
1445818892,1862.49,0.09,BID
1445818892,1862.49,0.5,BID
1445818893,1862.49,0.2,BID
1445818893,1862.49,0.115,BID
1445818893,1862.49,0.034,BID
1445818897,1862.49,0.2,BID
1445818900,1862.49,0.037,BID
1445818902,1862.49,0.2,BID
1445818904,1862.49,0.5,BID
1445818905,1862.49,0.2,BID
1445818907,1862.48,0.2,BID
1445818910,1862.48,0.2,BID
1445818917,1862.48,0.3866,BID
1445818917,1862.49,0.1134,BID
1445818918,1862.49,0.2,BID
1445818919,1862.49,0.1,BID
1445818919,1862.49,0.1,BID
1445818920,1862.04,0.0466,ASK
1445818920,1862.04,0.02,ASK
1445818920,1862.04,0.06,ASK
1445818920,1862.03,0.117,ASK
1445818921,1862.49,0.5,BID
1445818924,1862.48,0.0466,BID
1445818924,1862.49,0.4534,BID
1445818925,1862.49,0.386,BID
1445818927,1862.05,0.02,ASK
1445818927,1862.01,0.0844,ASK
1445818927,1862.01,0.1656,ASK
1445818927,1862.0,3.6154,ASK
1445818927,1862.49,0.05,BID
1445818928,1862.49,0.5,BID
1445818931,1862.48,0.1656,BID
1445818931,1862.48,0.0344,BID
1445818931,1862.48,0.05,BID
1445818931,1862.48,0.06,BID
1445818931,1862.49,0.04,BID
1445818932,1862.49,0.5,BID
1445818935,1862.49,0.5,BID
1445818936,1862.49,0.1,BID
1445818939,1862.49,0.2,BID
1445818942,1862.49,0.01,BID
1445818942,1862.49,0.5,BID
1445818943,1862.49,0.2,BID
1445818943,1862.49,0.2,BID
1445818944,1862.49,0.06,BID
1445818945,1862.49,0.2,BID
1445818946,1862.49,0.5,BID
1445818946,1862.49,0.577,BID
1445818947,1862.49,0.18,BID
1445818947,1862.48,9.0,BID
1445818947,1862.48,9.436,BID
1445818948,1862.49,0.2,BID
1445818949,1862.49,0.5,BID
1445818949,1862.49,0.2,BID
1445818949,1862.49,0.016,BID
1445818952,1862.49,0.1,BID
1445818953,1862.49,0.5,BID
1445818953,1862.49,0.2,BID
1445818953,1862.49,1.0,BID
1445818955,1862.49,0.2,BID
1445818956,1862.49,0.2,BID
1445818956,1862.49,0.5,BID
1445818956,1862.49,0.725,BID
1445818957,1862.49,0.2,BID
1445818958,1862.49,0.2,BID
1445818958,1862.49,0.02,BID
1445818959,1862.49,0.72,BID
1445818960,1862.49,0.5,BID
1445818961,1862.48,2.58,ASK
1445818961,1862.49,0.2,BID
1445818962,1862.48,0.65,ASK
1445818963,1862.48,2.0,ASK
1445818963,1862.48,0.13,ASK
1445818964,1862.47,0.52,BID
1445818964,1862.49,0.28,BID
1445818964,1862.47,0.5,BID
1445818964,1862.47,0.15,BID
1445818964,1862.49,0.01,BID
1445818965,1862.49,1.6,BID
1445818965,1862.49,12.7311,BID
1445818965,1862.49,0.5369,BID
1445818965,1862.49,19.1035,BID
1445818978,1862.68,0.004,BID
1445818978,1863.05,0.001,BID
1445818978,1863.8,0.003,BID
1445818978,1863.88,1.992,BID
1445818979,1863.87,10.788,BID
1445819004,1863.96,0.02,BID
1445819004,1863.99,0.18,BID
1445819021,1862.59,0.06,ASK
1445819021,1862.59,0.8,ASK
1445819021,1862.58,0.115,ASK
1445819021,1862.58,0.0651,ASK
1445819021,1862.58,0.035,ASK
1445819021,1862.57,0.3999,ASK
1445819022,1862.57,0.1,ASK
1445819023,1862.57,0.06,ASK
1445819024,1862.58,0.015,ASK
1445819024,1862.57,0.1401,ASK
1445819025,1862.51,0.0268,ASK
1445819025,1862.5,0.0448,ASK
1445819025,1862.49,0.6914,ASK
1445819025,1862.49,0.2051,ASK
1445819025,1862.48,0.009,ASK
1445819025,1862.4,0.52,ASK
1445819025,1862.06,0.1051,ASK
1445819025,1862.04,0.2,ASK
1445819025,1862.0,0.1408,ASK
1445819028,1862.5,0.0396,ASK
1445819030,1862.0,1.18,ASK
1445819030,1862.0,0.01,ASK
1445819035,1862.0,0.05,ASK
1445819038,1862.01,0.0466,ASK
1445819038,1862.0,0.0038,ASK
1445819038,1862.0,0.3496,ASK
1445819038,1862.0,0.6,ASK
1445819038,1862.0,1.18,ASK
1445819039,1862.0,2.0,ASK
1445819039,1862.0,0.4,ASK
1445819039,1862.0,0.6,ASK
1445819040,1862.0,1.5474,ASK
1445819041,1862.0,2.0,ASK
1445819041,1862.0,0.015,ASK
1445819042,1862.0,0.4,ASK
1445819042,1862.0,1.18,ASK
1445819042,1862.0,0.1817,ASK
1445819043,1862.0,4.0,ASK
1445819044,1862.0,0.6,ASK
1445819044,1862.0,0.4,ASK
1445819044,1862.0,0.4,ASK
1445819044,1862.0,0.8,ASK
1445819044,1862.0,0.7018,ASK
1445819044,1862.0,0.4,ASK
1445819045,1862.0,12.7311,ASK
1445819047,1862.0,0.5,ASK
1445819048,1862.0,1.982,ASK
1445819049,1862.0,0.8,ASK
1445819049,1862.0,3.0,ASK
1445819049,1862.0,20.0,ASK
1445819049,1862.0,0.2,ASK
1445819049,1862.0,3.0314,ASK
1445819049,1862.0,0.9686,ASK
1445819050,1862.0,0.384,ASK
1445819050,1862.0,0.326,ASK
1445819051,1862.0,0.139,ASK
1445819053,1862.0,1.532,ASK
1445819053,1862.0,0.163,ASK
1445819053,1862.0,0.5,ASK
1445819054,1862.0,0.51,ASK
1445819054,1862.0,1.1383,ASK
1445819055,1862.0,0.3643,ASK
1445819057,1862.0,4.0,ASK
1445819059,1862.0,0.038,ASK
1445819059,1862.0,0.3643,ASK
1445819060,1862.0,0.1111,ASK
1445819060,1862.0,0.4889,ASK
1445819061,1862.0,6.1374,ASK
1445819062,1861.89,0.01,ASK
1445819062,1861.88,0.2,ASK
1445819062,1861.48,0.001,ASK
1445819062,1861.27,0.026,ASK
1445819062,1861.27,0.0139,ASK
1445819062,1861.27,0.8671,BID
1445819062,1862.0,0.1329,BID
1445819064,1861.26,0.02,ASK
1445819065,1861.79,0.01,BID
1445819065,1861.88,2.99,BID
1445819074,1861.26,0.778,ASK
1445819075,1861.26,0.0003,ASK
1445819075,1860.74,0.003,ASK
1445819084,1860.0,0.4,ASK
1445819086,1860.0,0.13,ASK
1445819087,1860.0,0.815,ASK
1445819088,1860.73,0.02,BID
1445819088,1861.04,0.198,BID
1445819088,1861.14,10.1673,BID
1445819088,1861.15,0.06,BID
1445819089,1861.25,0.5,ASK
1445819090,1861.25,2.362,ASK
1445819090,1861.25,0.4,ASK
1445819091,1861.25,0.2,ASK
1445819091,1861.25,0.3304,ASK
1445819093,1860.01,0.1474,ASK
1445819093,1860.01,0.0499,ASK
1445819093,1860.0,0.3027,ASK
1445819098,1860.73,0.06,ASK
1445819098,1860.0,0.54,ASK
1445819098,1860.0,0.4,ASK
1445819099,1860.0,0.445,ASK
1445819099,1860.0,0.01,ASK
1445819099,1860.0,3.0,ASK
1445819100,1860.0,0.081,ASK
1445819102,1860.0,0.175,ASK
1445819102,1860.0,0.6,ASK
1445819102,1860.0,0.1,ASK
1445819102,1860.0,1.4813,ASK
1445819103,1859.87,0.2,ASK
1445819107,1859.87,0.1514,ASK
1445819108,1859.87,0.1486,ASK
1445819112,1859.25,0.007,ASK
1445819113,1859.15,0.177,BID
1445819113,1859.15,0.01,BID
1445819114,1859.15,0.116,BID
1445819114,1859.86,0.1514,BID
1445819114,1859.86,0.3,BID
1445819114,1859.86,0.149,BID
1445819114,1860.01,0.0466,ASK
1445819118,1860.02,0.0466,ASK
1445819118,1860.01,0.0234,ASK
1445819125,1860.38,0.0466,BID
1445819129,1859.91,0.018,BID
1445819132,1859.91,0.157,BID
1445819136,1859.93,0.02,ASK
1445819149,1860.51,0.002,BID
1445819151,1860.08,0.06,ASK
1445819151,1860.02,0.096,ASK
1445819151,1860.02,0.156,ASK
1445819151,1860.02,0.156,ASK
1445819151,1860.02,0.156,ASK
1445819151,1860.02,0.156,ASK
1445819151,1860.02,0.06,ASK
1445819152,1860.02,0.156,ASK
1445819152,1860.72,0.06,BID
1445819155,1860.81,0.027,ASK
1445819159,1860.03,0.0748,ASK
1445819159,1860.02,0.0432,ASK
1445819159,1860.02,0.118,ASK
1445819159,1860.02,0.5,ASK
1445819159,1860.02,0.118,ASK
1445819160,1860.02,0.1,ASK
1445819161,1860.03,0.0567,ASK
1445819161,1860.02,0.0173,ASK
1445819168,1860.03,0.016,ASK
1445819171,1860.03,0.034,ASK
1445819171,1860.02,0.007,ASK
1445819174,1860.78,0.03,BID
1445819174,1860.8,0.027,BID
1445819174,1860.98,0.186,BID
1445819177,1860.77,0.011,BID
1445819181,1860.76,0.05,BID
1445819181,1860.96,0.009,BID
1445819181,1860.97,0.02,BID
1445819181,1860.98,0.014,BID
1445819181,1860.98,0.186,BID
1445819181,1860.99,0.5115,BID
1445819181,1860.99,0.79,BID
1445819181,1860.99,0.65,BID
1445819181,1860.99,0.65,BID
1445819181,1860.99,0.79,BID
1445819194,1860.79,0.0466,ASK
1445819194,1860.68,0.06,ASK
1445819194,1860.68,0.0684,BID
1445819194,1860.98,0.073,BID
1445819195,1861.01,0.0466,ASK
1445819195,1861.01,0.02,ASK
1445819230,1861.39,0.01,ASK
1445819231,1861.39,0.135,ASK
1445819231,1860.98,4.4192,ASK
1445819231,1860.1,4.3298,ASK
1445819243,1861.28,0.0466,BID
1445819243,1861.29,0.145,BID
1445819243,1861.36,0.0084,BID
1445819253,1861.37,0.06,BID
1445819253,1861.38,0.145,BID
1445819253,1861.97,0.2075,BID
1445819260,1861.36,0.011,BID
1445819260,1861.61,0.2144,ASK
1445819265,1861.13,0.0686,BID
1445819278,1861.78,0.013,ASK
1445819279,1861.78,0.1747,ASK
1445819289,1861.6,0.012,ASK
1445819293,1861.59,0.146,BID
1445819293,1861.67,0.02,BID
1445819293,1861.68,0.0407,BID
1445819297,1861.52,0.1758,ASK
1445819297,1861.21,0.1311,ASK
1445819297,1861.2,0.1931,ASK
1445819297,1861.68,0.1283,BID
1445819297,1861.77,0.1877,BID
1445819299,1861.95,0.307,ASK
1445819300,1861.95,0.5,ASK
1445819300,1861.95,0.239,ASK
1445819301,1861.95,0.5,ASK
1445819301,1861.95,0.65,ASK
1445819301,1861.95,0.868,ASK
1445819301,1861.95,0.65,ASK
1445819302,1861.95,0.65,ASK
1445819303,1861.95,0.65,ASK
1445819304,1861.95,0.65,ASK
1445819304,1861.95,0.5,ASK
1445819305,1861.95,0.65,ASK
1445819306,1861.95,0.65,ASK
1445819307,1861.95,0.65,ASK
1445819308,1861.95,0.65,ASK
1445819308,1861.95,0.5,ASK
1445819309,1861.95,0.4,ASK
1445819309,1861.95,0.65,ASK
1445819309,1861.97,0.0143,BID
1445819309,1861.98,0.1076,BID
1445819310,1861.97,1.0,BID
1445819310,1861.97,13.919,BID
1445819310,1861.95,0.65,ASK
1445819311,1861.97,0.0142,BID
1445819311,1861.98,0.0001,BID
1445819312,1861.97,0.0204,ASK
1445819312,1861.95,0.4796,ASK
1445819313,1861.95,0.123,ASK
1445819313,1861.95,0.65,ASK
1445819323,1861.97,0.073,ASK
1445819323,1861.96,0.0147,ASK
1445819323,1861.96,0.031,ASK
1445819323,1861.95,0.3813,ASK
1445819324,1861.95,0.448,ASK
1445819326,1861.95,1.571,ASK
1445819327,1861.95,0.65,ASK
1445819329,1861.95,0.65,ASK
1445819331,1861.95,0.65,ASK
1445819332,1861.95,0.65,ASK
1445819332,1861.95,0.01,ASK
1445819333,1861.95,0.65,ASK
1445819334,1861.95,0.65,ASK
1445819335,1861.95,0.65,ASK
1445819336,1861.95,0.65,ASK
1445819337,1861.95,0.65,ASK
1445819338,1861.95,0.073,ASK
1445819338,1861.95,0.6486,ASK
1445819344,1861.69,0.1283,ASK
1445819344,1861.2,0.3717,ASK
1445819346,1861.93,0.02,BID
1445819346,1861.94,0.0014,BID
1445819346,1861.94,0.65,BID
1445819346,1861.96,0.073,BID
1445819346,1861.96,0.0326,ASK
1445819346,1861.96,0.142,ASK
1445819350,1861.64,0.06,ASK
1445819353,1861.59,0.068,BID
1445819353,1861.65,0.1514,BID
1445819353,1861.98,0.1773,BID
1445819353,1861.98,0.6196,BID
1445819358,1861.91,0.1493,BID
1445819358,1861.98,1.9913,BID
1445819361,1861.98,0.5,ASK
1445819361,1861.98,0.0294,ASK
1445819365,1861.49,0.1494,ASK
1445819365,1861.22,0.0466,ASK
1445819365,1861.21,0.0347,ASK
1445819365,1861.21,0.0681,ASK
1445819365,1861.2,1.8557,ASK
1445819376,1861.21,0.01,ASK
1445819376,1861.2,0.191,ASK
1445819376,1861.73,0.1547,BID
1445819376,1861.85,0.0466,BID
1445819376,1861.86,0.06,BID
1445819379,1861.2,0.0099,ASK
1445819379,1860.04,0.4901,ASK
1445819380,1861.19,0.0466,BID
1445819383,1861.11,0.133,BID
1445819383,1861.19,0.1644,BID
1445819383,1861.19,0.211,BID
1445819386,1861.28,0.4437,BID
1445819388,1861.21,0.01,BID
1445819388,1861.24,0.1668,BID
1445819388,1861.27,0.1252,BID
1445819388,1861.78,0.0571,BID
1445819388,1861.79,0.19,BID
1445819388,1861.79,0.952,BID
1445819388,1861.8,0.09,BID
1445819388,1861.88,0.0899,BID
1445819388,1861.95,0.02,BID
1445819388,1861.97,0.5294,BID
1445819388,1862.0,0.3496,BID
1445819391,1860.05,0.06,ASK
1445819393,1861.19,0.1838,BID
1445819393,1861.7,0.12,BID
1445819393,1861.77,0.123,BID
1445819393,1861.77,0.3482,BID
1445819394,1860.08,0.537,ASK
1445819396,1860.04,0.5,ASK
1445819397,1860.49,0.1888,BID
1445819397,1860.86,0.9112,BID
1445819397,1860.06,0.3484,ASK
1445819397,1860.04,0.6516,ASK
1445819398,1860.07,0.349,BID
1445819398,1861.38,0.66,BID
1445819398,1861.39,0.104,BID
1445819398,1861.75,0.0466,BID
1445819398,1861.76,0.1102,BID
1445819398,1861.76,0.06,BID
1445819398,1861.76,0.5,BID
1445819398,1861.77,4.4717,BID
1445819398,1861.78,0.8,BID
1445819398,1861.78,4.0,BID
1445819398,1861.94,0.6,ASK
1445819399,1861.94,0.75,ASK
1445819399,1861.94,0.163,ASK
1445819399,1861.94,0.7,ASK
1445819400,1861.94,1.0,ASK
1445819400,1861.94,1.0,ASK
1445819400,1861.94,1.0,ASK
1445819400,1861.94,1.0,ASK
1445819400,1861.94,3.38,ASK
1445819400,1861.94,0.2,ASK
1445819400,1861.94,0.01,ASK
1445819400,1861.94,0.536,ASK
1445819400,1862.0,0.01,BID
1445819400,1861.94,0.1,ASK
1445819400,1861.94,0.809,ASK
1445819400,1861.94,0.2,ASK
1445819400,1861.94,1.0,ASK
1445819400,1861.94,2.2915,ASK
1445819400,1860.05,7.0,ASK
1445819400,1860.05,2.0,ASK
1445819400,1860.05,4.987,ASK
1445819401,1860.04,0.5,ASK
1445819406,1860.04,0.035,ASK
1445819406,1860.03,0.465,ASK
1445819407,1860.06,0.0466,ASK
1445819407,1860.03,0.235,ASK
1445819407,1860.01,0.0121,ASK
1445819407,1860.0,0.2417,ASK
1445819407,1860.0,0.035,BID
1445819407,1859.7,6.0,ASK
1445819407,1859.7,7.927,ASK
1445819409,1860.0,0.4175,BID
1445819409,1860.02,0.2825,BID
1445819411,1859.69,0.2489,ASK
1445819412,1859.7,0.06,ASK
1445819412,1859.69,0.0072,ASK
1445819412,1858.57,0.4328,ASK
1445819415,1858.57,0.5,ASK
1445819415,1858.57,0.256,ASK
1445819416,1858.57,0.151,ASK
1445819418,1858.57,0.5,ASK
1445819421,1858.56,0.5,ASK
1445819421,1858.56,0.4,ASK
1445819422,1859.29,0.1,BID
1445819422,1859.32,0.75,BID
1445819422,1859.42,0.75,BID
1445819422,1859.55,0.0269,BID
1445819422,1859.56,0.537,BID
1445819422,1859.57,0.0171,BID
1445819422,1859.6,0.0381,BID
1445819422,1859.61,0.84,BID
1445819422,1859.67,2.3109,BID
1445819422,1858.56,0.4,ASK
1445819422,1858.56,0.4,ASK
1445819422,1858.56,0.01,ASK
1445819424,1858.56,0.5,ASK
1445819424,1858.56,0.2,ASK
1445819425,1858.56,3.0,ASK
1445819426,1858.56,0.228,ASK
1445819426,1858.56,2.0,ASK
1445819426,1858.56,3.0,ASK
1445819426,1858.56,1.0,ASK
1445819426,1858.56,2.0,ASK
1445819426,1858.56,0.362,ASK
1445819426,1858.56,0.95,ASK
1445819426,1858.56,0.362,ASK
1445819426,1858.56,3.2379,ASK
1445819427,1858.56,0.151,ASK
1445819428,1858.56,0.3,ASK
1445819428,1858.56,0.623,ASK
1445819428,1858.56,0.076,ASK
1445819428,1858.56,0.79,ASK
1445819428,1858.56,0.103,ASK
1445819428,1858.56,0.162,ASK
1445819428,1858.56,0.1739,ASK
1445819428,1858.56,0.65,ASK
1445819429,1858.56,1.002,ASK
1445819429,1858.56,0.183,ASK
1445819429,1858.56,3.0,ASK
1445819429,1858.56,0.65,ASK
1445819429,1858.56,0.5,ASK
1445819429,1858.56,0.2,ASK
1445819429,1858.56,1.47,ASK
1445819430,1858.56,0.201,ASK
1445819430,1858.57,0.0647,ASK
1445819430,1858.56,0.8453,ASK
1445819430,1858.56,0.235,ASK
1445819430,1858.56,0.65,ASK
1445819430,1858.56,3.165,ASK
1445819430,1858.56,0.29,ASK
1445819430,1858.57,0.1606,ASK
1445819430,1858.56,0.1194,ASK
1445819430,1858.56,2.324,ASK
1445819431,1858.56,3.3265,ASK
1445819431,1858.41,0.1974,ASK
1445819431,1858.4,0.8026,ASK
1445819433,1858.4,0.34,ASK
1445819434,1858.18,0.2,ASK
1445819435,1858.18,0.0598,ASK
1445819435,1858.17,0.0519,ASK
1445819435,1858.17,0.0104,ASK
1445819435,1857.09,0.5,ASK
1445819435,1858.07,0.1563,BID
1445819435,1858.15,0.058,BID
1445819435,1858.16,0.0545,BID
1445819438,1857.23,0.2,ASK
1445819440,1857.09,3.6259,ASK
1445819440,1857.01,2.1451,ASK
1445819440,1857.01,3.0,ASK
1445819440,1857.02,27.006,ASK
1445819441,1857.07,0.134,BID
1445819443,1857.07,0.066,BID
1445819443,1857.13,0.03,BID
1445819443,1857.91,0.01,BID
1445819443,1857.37,2.0,BID
1445819443,1857.37,13.313,BID
1445819447,1857.24,0.0501,ASK
1445819447,1857.09,0.9499,ASK
1445819448,1857.36,0.096,BID
1445819448,1857.89,0.0466,BID
1445819448,1857.9,0.1877,BID
1445819448,1857.97,0.9072,BID
1445819449,1857.09,0.2,ASK
1445819450,1857.09,0.1585,ASK
1445819452,1857.14,0.05,BID
1445819452,1857.36,0.05,ASK
1445819452,1857.1,0.0278,ASK
1445819452,1857.1,0.0808,ASK
1445819453,1857.1,0.01,ASK
1445819453,1857.1,0.029,ASK
1445819453,1857.1,0.0134,ASK
1445819453,1857.09,0.8336,ASK
1445819453,1857.09,2.103,ASK
1445819453,1857.15,0.05,ASK
1445819453,1857.09,0.124,ASK
1445819453,1857.08,0.2,ASK
1445819453,1857.08,0.0467,BID
1445819453,1857.08,0.1273,BID
1445819453,1857.08,2.253,BID
1445819453,1857.08,2.5,BID
1445819453,1857.08,3.419,BID
1445819453,1857.08,0.916,BID
1445819453,1857.39,0.01,BID
1445819453,1857.54,0.494,BID
1445819453,1857.66,0.05,BID
1445819453,1857.67,1.0,BID
1445819453,1857.75,0.025,BID
1445819453,1857.76,0.5,BID
1445819453,1857.84,0.0336,BID
1445819453,1857.85,1.0,BID
1445819453,1857.89,0.1339,BID
1445819453,1857.89,0.06,BID
1445819453,1857.89,4.0,BID
1445819453,1857.97,0.0928,BID
1445819453,1858.15,0.0501,BID
1445819453,1858.17,0.2598,BID
1445819453,1858.17,0.2598,BID
1445819453,1858.38,0.0157,BID
1445819454,1857.0,1.1426,ASK
1445819454,1857.0,0.0431,ASK
1445819454,1857.0,0.5753,ASK
1445819454,1856.59,0.018,ASK
1445819454,1856.27,0.015,ASK
1445819454,1856.07,0.012,ASK
1445819454,1855.8,1.9597,ASK
1445819454,1855.8,0.5,ASK
1445819457,1856.53,0.0524,BID
1445819457,1856.85,0.1622,BID
1445819457,1856.99,0.6378,BID
1445819457,1856.99,0.0122,BID
1445819457,1857.08,0.0878,BID
1445819457,1856.53,0.0834,ASK
1445819459,1856.53,0.0485,ASK
1445819459,1855.81,0.0834,ASK
1445819459,1855.81,0.0467,ASK
1445819459,1855.8,0.3214,ASK
1445819460,1855.85,0.74,ASK
1445819460,1855.81,0.26,ASK
1445819461,1856.63,0.048,ASK
1445819461,1856.81,1.0,ASK
1445819461,1856.81,10.247,ASK
1445819463,1856.54,0.048,ASK
1445819464,1856.54,0.012,ASK
1445819464,1856.54,0.088,ASK
1445819464,1855.81,0.438,ASK
1445819466,1856.29,0.043,BID
1445819466,1856.53,0.061,BID
1445819466,1856.53,0.06,BID
1445819466,1856.62,0.161,BID
1445819466,1856.62,0.161,BID
1445819466,1856.62,0.1501,BID
1445819466,1856.62,0.0109,BID
1445819466,1856.62,0.0595,BID
1445819469,1855.81,0.0685,ASK
1445819469,1855.8,0.1315,ASK
1445819469,1855.8,0.1341,ASK
1445819469,1856.28,0.0467,BID
1445819469,1856.62,0.1015,BID
1445819469,1856.62,0.352,BID
1445819469,1856.8,0.122,BID
1445819469,1855.8,0.159,ASK
1445819470,1855.8,0.2,ASK
1445819470,1855.8,0.6,ASK
1445819470,1855.8,0.134,ASK
1445819470,1855.81,7.0,ASK
1445819470,1855.81,7.0,ASK
1445819470,1855.81,4.117,ASK
1445819471,1855.8,0.2359,ASK
1445819471,1855.67,0.0433,ASK
1445819471,1855.5,0.02,ASK
1445819472,1855.4,0.0157,BID
1445819472,1855.34,0.0087,ASK
1445819475,1855.02,0.2,ASK
1445819476,1855.02,0.5,ASK
1445819476,1855.02,0.65,ASK
1445819478,1855.02,0.65,ASK
1445819479,1855.0,0.1659,ASK
1445819479,1855.01,0.327,BID
1445819479,1855.01,0.038,BID
1445819479,1855.01,0.65,BID
1445819479,1855.12,0.1648,BID
1445819479,1855.28,0.633,BID
1445819479,1855.29,0.539,BID
1445819479,1855.32,0.4378,BID
1445819480,1855.0,0.8341,ASK
1445819480,1855.0,8.3015,ASK
1445819480,1855.0,0.068,ASK
1445819480,1855.01,0.1648,BID
1445819481,1855.0,1.0,ASK
1445819481,1855.01,0.132,BID
1445819481,1855.0,0.65,ASK
1445819481,1855.01,0.1974,BID
1445819482,1855.0,0.5,ASK
1445819482,1855.0,0.447,ASK
1445819482,1855.0,0.5,ASK
1445819482,1855.0,0.1708,ASK
1445819482,1855.01,0.0448,BID
1445819482,1855.02,0.3294,ASK
1445819482,1855.0,0.1706,ASK
1445819482,1855.0,1.0,ASK
1445819482,1855.27,0.0295,BID
1445819482,1855.28,0.295,BID
1445819482,1855.31,0.0281,BID
1445819482,1855.32,1.0,ASK
1445819483,1855.32,1.0,ASK
1445819483,1855.32,0.1,ASK
1445819483,1855.32,0.2112,ASK
1445819483,1855.0,0.7888,ASK
1445819483,1855.0,0.101,ASK
1445819483,1855.0,0.65,ASK
1445819483,1855.0,0.3814,ASK
1445819484,1854.75,0.0961,BID
1445819489,1854.52,0.0718,ASK
1445819489,1854.52,0.0294,ASK
1445819489,1854.52,0.0101,ASK
1445819489,1854.51,0.0887,ASK
1445819489,1854.51,1.0455,ASK
1445819489,1854.65,0.1745,BID
1445819489,1854.75,4.2024,BID
1445819490,1854.51,0.2,ASK
1445819490,1854.51,1.0,ASK
1445819490,1854.51,1.0,ASK
1445819490,1854.51,0.5742,ASK
1445819491,1853.81,0.018,ASK
1445819492,1853.23,0.5,ASK
1445819493,1853.23,0.9444,ASK
1445819493,1853.23,0.0468,BID
1445819493,1853.22,0.003,ASK
1445819494,1853.23,0.0088,BID
1445819494,1853.25,0.0011,BID
1445819495,1853.22,0.311,ASK
1445819495,1853.22,0.514,ASK
1445819495,1853.25,0.9989,BID
1445819495,1853.27,1.0,BID
1445819495,1853.29,0.1041,ASK
1445819495,1853.22,0.3959,ASK
1445819495,1853.22,0.178,ASK
1445819496,1853.22,0.502,ASK
1445819496,1853.22,0.5,ASK
1445819496,1853.22,0.551,ASK
1445819496,1853.22,0.551,ASK
1445819496,1853.23,0.5396,BID
1445819496,1853.22,0.2,ASK
1445819497,1853.22,0.2,ASK
1445819497,1853.22,0.4454,ASK
1445819498,1853.03,0.351,ASK
1445819500,1853.03,0.5,ASK
1445819500,1853.03,0.516,ASK
1445819500,1853.03,0.133,ASK
1445819501,1853.03,3.0,ASK
1445819501,1853.03,5.5,ASK
1445819501,1853.01,0.1,ASK
1445819501,1853.0,0.05,ASK
1445819501,1852.01,0.1,ASK
1445819501,1851.93,0.1,ASK
1445819503,1851.93,0.5,ASK
1445819507,1851.93,3.0,ASK
1445819509,1851.93,0.19,ASK
1445819509,1851.93,0.6,ASK
1445819509,1851.93,0.2245,ASK
1445819510,1851.7,0.1759,ASK
1445819511,1851.7,0.01,ASK
1445819511,1851.83,0.0318,BID
1445819512,1851.7,0.0141,ASK
1445819512,1851.64,0.015,ASK
1445819512,1851.6,0.1709,BID
1445819512,1851.83,0.6195,BID
1445819512,1851.01,0.1,ASK
1445819512,1850.91,0.1,ASK
1445819512,1851.83,0.3487,BID
1445819512,1851.83,0.1913,BID
1445819512,1850.91,1.9,ASK
1445819512,1850.91,1.1,ASK
1445819512,1851.23,6.0,ASK
1445819512,1851.23,5.247,ASK
1445819513,1851.24,0.083,BID
1445819514,1851.24,0.54,BID
1445819515,1850.91,1.1204,ASK
1445819517,1850.64,0.2,ASK
1445819518,1850.64,0.258,ASK
1445819518,1850.64,0.65,ASK
1445819519,1850.74,0.258,BID
1445819519,1850.84,0.172,BID
1445819519,1850.89,0.65,BID
1445819519,1850.9,1.0086,BID
1445819519,1850.91,0.1,BID
1445819519,1850.91,0.092,BID
1445819519,1850.91,1.0,BID
1445819519,1850.91,1.0,BID
1445819519,1850.91,0.1274,BID
1445819519,1850.64,3.5202,ASK
1445819520,1850.45,0.2,ASK
1445819520,1850.62,17.451,BID
1445819521,1850.57,0.07,BID
1445819521,1850.63,0.4704,BID
1445819522,1850.62,0.028,BID
1445819523,1850.62,0.0188,BID
1445819523,1850.63,0.1774,BID
1445819523,1850.63,0.3442,BID
1445819523,1850.45,0.5,ASK
1445819524,1850.45,0.65,ASK
1445819524,1850.45,0.5,ASK
1445819524,1850.45,0.1455,ASK
1445819525,1850.33,0.031,ASK
1445819526,1850.25,0.169,BID
1445819526,1850.35,0.881,BID
1445819526,1850.44,0.15,BID
1445819526,1850.01,0.1,ASK
1445819526,1850.0,0.031,ASK
1445819526,1850.0,0.0324,ASK
1445819526,1850.0,4.8366,ASK
1445819526,1850.0,0.2,ASK
1445819526,1850.02,0.2,ASK
1445819527,1850.02,0.5,ASK
1445819527,1850.02,0.145,ASK
1445819527,1850.35,0.5404,BID
1445819527,1850.02,0.1,ASK
1445819528,1850.02,1.0,ASK
1445819528,1850.02,0.055,ASK
1445819528,1850.02,0.045,ASK
1445819528,1850.02,0.0018,ASK
1445819528,1850.0,0.1982,ASK
1445819529,1850.0,30.5667,ASK
1445819529,1850.0,0.05,ASK
1445819529,1850.0,5.0,ASK
1445819529,1850.0,0.2483,ASK
1445819529,1850.0,2.973,ASK
1445819529,1850.0,39.0,ASK
1445819529,1849.01,0.1,ASK
1445819529,1849.0,0.05,ASK
1445819529,1848.92,0.211,ASK
1445819529,1848.83,0.139,ASK
1445819529,1850.0,1.0,BID
1445819534,1848.13,0.13,ASK
1445819535,1849.47,0.1,BID
1445819535,1849.73,0.15,BID
1445819535,1849.84,0.01,BID
1445819535,1849.73,0.05,ASK
1445819537,1849.83,0.01,BID
1445819537,1849.84,0.008,BID
1445819537,1849.73,0.35,ASK
1445819538,1848.04,0.2,ASK
1445819543,1848.04,0.129,ASK
1445819544,1848.33,0.73,ASK
1445819544,1848.15,0.356,ASK
1445819544,1848.06,0.356,ASK
1445819544,1848.04,0.212,ASK
1445819544,1848.01,0.1,ASK
1445819544,1847.05,0.73,ASK
1445819544,1847.01,0.1,ASK
1445819544,1846.99,0.416,ASK
1445819547,1848.18,0.01,ASK
1445819548,1848.18,0.188,ASK
1445819548,1847.22,0.684,BID
1445819548,1848.27,3.943,BID
1445819548,1848.98,0.785,BID
1445819555,1847.62,0.028,BID
1445819557,1846.62,0.005,ASK
1445819557,1846.01,0.1,ASK
1445819557,1845.91,0.154,BID
1445819557,1845.74,0.182,ASK
1445819558,1845.91,0.206,BID
1445819558,1845.91,0.206,BID
1445819559,1845.91,0.01,BID
1445819560,1845.91,0.057,BID
1445819561,1846.09,0.1,ASK
1445819561,1846.09,0.071,ASK
1445819562,1845.64,0.067,BID
1445819562,1845.64,0.02,BID
1445819562,1845.64,0.067,BID
1445819563,1845.64,0.057,BID
1445819563,1845.3,0.5,ASK
1445819563,1845.45,0.228,BID
1445819563,1845.64,0.18,BID
1445819564,1845.63,0.02,BID
1445819564,1845.64,0.017,BID
1445819564,1845.64,0.182,BID
1445819565,1845.65,0.189,ASK
1445819565,1845.01,0.011,ASK
1445819565,1845.3,0.067,BID
1445819565,1845.01,0.01,ASK
1445819566,1845.01,0.079,ASK
1445819566,1845.0,1.0,ASK
1445819569,1844.51,0.025,BID
1445819569,1844.51,0.0152,BID
1445819572,1844.01,0.0869,ASK
1445819572,1844.01,0.0131,ASK
1445819572,1844.0,0.1,ASK
1445819572,1843.78,0.1,BID
1445819572,1843.89,1.0987,BID
1445819573,1843.01,0.1,ASK
1445819573,1842.95,0.521,ASK
1445819573,1842.89,4.2636,ASK
1445819573,1842.86,1.0,ASK
1445819573,1842.8,0.161,ASK
1445819573,1842.32,0.114,ASK
1445819573,1842.01,0.1,ASK
1445819573,1841.6,2.6492,ASK
1445819574,1843.51,0.1,BID
1445819575,1843.75,0.1,ASK
1445819576,1841.6,0.08,ASK
1445819582,1841.5,0.074,BID
1445819582,1842.1,0.094,BID
1445819583,1841.62,0.0468,ASK
1445819583,1842.08,0.01,BID
1445819585,1841.5,0.074,ASK
1445819585,1841.06,0.056,ASK
1445819586,1841.49,0.06,BID
1445819586,1842.08,0.085,BID
1445819586,1841.75,0.001,ASK
1445819586,1841.63,0.0468,ASK
1445819586,1841.06,0.4522,ASK
1445819589,1841.06,0.1,ASK
1445819589,1841.52,0.1097,BID
1445819589,1841.62,0.01,BID
1445819589,1841.98,0.0473,BID
1445819589,1842.06,0.319,BID
1445819593,1842.06,0.14,BID
1445819594,1842.05,0.094,BID
1445819594,1842.06,0.274,BID
1445819595,1841.63,0.1,ASK
1445819596,1841.79,0.274,BID
1445819596,1842.05,0.726,BID
1445819597,1841.63,0.02,ASK
1445819598,1841.53,0.11,ASK
1445819598,1841.49,0.06,ASK
1445819598,1841.39,0.0109,ASK
1445819598,1841.28,0.0361,BID
1445819598,1841.62,0.1,BID
1445819598,1842.05,0.8639,BID
1445819598,1841.8,0.274,ASK
1445819598,1841.01,0.1,ASK
1445819598,1840.7,0.05,ASK
1445819598,1840.69,1.0,ASK
1445819598,1840.68,0.401,ASK
1445819598,1840.56,2.0,ASK
1445819598,1840.49,24.0907,ASK
1445819598,1840.08,0.368,ASK
1445819598,1840.01,0.1,ASK
1445819598,1840.0,0.1,ASK
1445819598,1840.0,0.15,ASK
1445819598,1840.0,0.0204,ASK
1445819599,1840.0,0.1,BID
1445819599,1840.0,0.0201,BID
1445819600,1840.0,0.822,BID
1445819600,1840.0,0.2,BID
1445819600,1840.0,0.08,BID
1445819600,1840.0,0.025,BID
1445819600,1840.0,2.0,BID
1445819600,1840.0,3.62,BID
1445819600,1840.0,1.047,BID
1445819600,1840.0,1.353,BID
1445819600,1840.0,0.289,BID
1445819601,1840.0,3.0,BID
1445819601,1840.0,0.2,BID
1445819601,1840.0,0.716,BID
1445819601,1840.0,0.229,BID
1445819601,1840.0,0.1,BID
1445819601,1840.0,0.2,BID
1445819601,1840.0,0.305,BID
1445819602,1840.0,2.0,BID
1445819602,1840.0,2.58,BID
1445819603,1840.0,2.0,BID
1445819603,1840.0,0.413,BID
1445819603,1840.0,2.411,BID
1445819603,1840.0,3.0,BID
1445819603,1840.0,1.0,BID
1445819604,1840.0,3.0,BID
1445819604,1840.0,0.17,BID
1445819604,1840.0,0.54,BID
1445819604,1840.0,4.0,BID
1445819604,1840.0,0.08,BID
1445819604,1840.0,2.0,BID
1445819604,1840.0,0.2,BID
1445819604,1840.0,0.5,BID
1445819604,1840.0,3.0,BID
1445819604,1840.0,0.2,BID
1445819605,1840.0,0.0377,BID
1445819605,1840.0,0.2,BID
1445819605,1840.0,0.2,BID
1445819605,1839.98,0.5922,BID
1445819605,1839.98,0.1238,BID
1445819605,1840.0,0.0722,BID
1445819605,1840.0,0.6,BID
1445819605,1840.0,0.95,BID
1445819605,1840.0,2.0,BID
1445819605,1840.0,0.407,BID
1445819605,1840.0,0.75,BID
1445819606,1840.0,2.203,BID
1445819606,1840.0,1.622,BID
1445819606,1840.0,0.54,BID
1445819606,1840.0,0.454,BID
1445819606,1840.0,0.2,BID
1445819606,1840.0,2.5,BID
1445819607,1840.0,1.0,BID
1445819607,1840.0,4.0,BID
1445819607,1840.0,0.6,BID
1445819607,1840.0,0.819,BID
1445819607,1840.0,4.6627,BID
1445819607,1840.0,0.5,BID
1445819607,1840.0,4.726,BID
1445819607,1840.0,0.56,BID
1445819607,1840.0,0.229,BID
1445819607,1840.0,0.1132,BID
1445819607,1840.0,0.001,BID
1445819610,1841.05,0.06,ASK
1445819610,1841.53,0.12,BID
1445819610,1842.68,1.88,BID
1445819610,1842.68,0.01,BID
1445819610,1842.67,15.0,BID
1445819610,1842.67,3.136,BID
1445819611,1842.1,0.05,ASK
1445819611,1841.05,0.94,ASK
1445819611,1841.0,0.168,ASK
1445819611,1840.64,0.1723,BID
1445819611,1840.64,0.492,BID
1445819611,1840.52,0.028,ASK
1445819612,1840.64,0.35,BID
1445819613,1840.64,0.15,BID
1445819613,1840.64,1.383,BID
1445819613,1840.64,0.703,BID
1445819613,1840.64,0.5433,BID
1445819613,1840.64,0.15,BID
1445819613,1840.64,1.7075,BID
1445819614,1842.67,0.0468,BID
1445819614,1842.68,0.0992,BID
1445819617,1842.06,1.0,ASK
1445819617,1841.67,0.05,ASK
1445819617,1840.8,0.01,ASK
1445819617,1840.79,0.2,ASK
1445819617,1840.66,2.112,ASK
1445819617,1840.65,1.2925,ASK
1445819617,1840.65,0.5433,ASK
1445819617,1840.65,1.744,ASK
1445819617,1840.65,0.0982,ASK
1445819617,1840.65,2.8968,ASK
1445819617,1840.65,3.001,ASK
1445819617,1840.65,1.797,ASK
1445819617,1840.64,3.3028,ASK
1445819617,1840.64,0.9,ASK
1445819617,1840.54,0.1108,ASK
1445819617,1840.53,0.01,ASK
1445819617,1840.53,0.02,ASK
1445819617,1840.52,0.172,ASK
1445819617,1840.26,0.553,ASK
1445819617,1840.11,3.649,ASK
1445819617,1840.1,0.2,ASK
1445819617,1840.05,0.2,ASK
1445819617,1840.01,0.3858,ASK
1445819617,1840.01,0.5435,ASK
1445819617,1840.01,5.115,ASK
1445819617,1840.0,0.169,ASK
1445819617,1840.0,0.1056,BID
1445819618,1840.0,0.0468,BID
1445819618,1840.0,4.0,BID
1445819618,1840.0,0.352,BID
1445819618,1840.0,4.0,BID
1445819618,1840.0,0.478,BID
1445819618,1840.0,0.13,BID
1445819618,1840.0,1.0,BID
1445819618,1840.0,0.6,BID
1445819619,1840.0,0.0276,BID
1445819619,1840.0,0.1824,BID
1445819619,1840.0,0.01,BID
1445819619,1840.0,0.1,BID
1445819620,1839.33,0.028,ASK
1445819620,1839.05,2.0,ASK
1445819620,1839.01,0.1,ASK
1445819620,1839.01,0.922,ASK
1445819621,1840.0,3.0,BID
1445819622,1839.7,0.06,ASK
1445819622,1839.06,0.1,ASK
1445819622,1839.02,0.04,ASK
1445819622,1840.0,0.484,BID
1445819622,1839.02,4.0,BID
1445819622,1839.02,2.784,BID
1445819623,1839.99,0.092,BID
1445819623,1839.99,0.128,BID
1445819623,1839.99,0.0468,BID
1445819623,1840.0,1.8252,BID
1445819623,1840.0,4.317,BID
1445819623,1840.0,0.181,BID
1445819623,1840.0,0.01,BID
1445819623,1839.99,0.1,BID
1445819623,1840.0,1.137,BID
1445819624,1839.99,0.04,BID
1445819624,1839.99,0.46,BID
1445819624,1839.99,3.941,BID
1445819624,1839.99,0.1108,BID
1445819625,1839.99,2.0,BID
1445819625,1839.99,0.1761,BID
1445819625,1839.99,0.14,BID
1445819625,1839.99,0.25,BID
1445819625,1839.99,0.5,BID
1445819625,1839.99,0.01,BID
1445819626,1839.99,0.5,BID
1445819626,1839.99,2.1066,BID
1445819626,1840.0,2.4394,BID
1445819626,1840.0,0.01,BID
1445819627,1840.0,0.13,BID
1445819627,1840.0,0.01,BID
1445819627,1840.0,0.115,BID
1445819627,1840.0,1.0,BID
1445819627,1840.0,0.1108,BID
1445819627,1840.0,0.05,BID
1445819627,1840.0,2.198,BID
1445819628,1840.0,0.2,BID
1445819629,1840.0,0.946,BID
1445819629,1840.0,0.155,BID
1445819629,1840.0,0.1087,BID
1445819629,1840.0,0.1108,BID
1445819629,1840.0,0.2,BID
1445819630,1840.0,0.01,BID
1445819630,1840.0,1.0,BID
1445819630,1840.0,0.1108,BID
1445819630,1840.0,0.8,BID
1445819630,1840.0,0.5,BID
1445819631,1840.0,0.039,BID
1445819631,1840.0,0.2,BID
1445819631,1839.34,0.0499,ASK
1445819631,1839.02,0.0501,ASK
1445819632,1840.0,0.511,BID
1445819632,1839.99,0.0013,BID
1445819632,1839.99,0.0587,BID
1445819632,1839.99,0.0521,BID
1445819632,1839.99,0.14,BID
1445819632,1839.99,0.1,BID
1445819632,1839.99,0.22,BID
1445819632,1839.99,0.1365,BID
1445819632,1840.63,0.0434,BID
1445819633,1840.63,0.0674,BID
1445819633,1840.99,0.2669,BID
1445819633,1841.0,0.4557,BID
1445819633,1840.28,0.0499,ASK
1445819633,1841.0,0.5,BID
1445819634,1840.99,0.0368,ASK
1445819634,1840.99,0.0133,ASK
1445819634,1840.99,0.2168,ASK
1445819634,1840.99,0.2669,ASK
1445819634,1840.63,0.1108,ASK
1445819634,1840.63,0.1108,ASK
1445819634,1840.28,0.0947,ASK
1445819634,1841.0,0.1758,BID
1445819634,1840.29,4.0,ASK
1445819634,1840.29,2.789,ASK
1445819636,1841.0,0.2,BID
1445819636,1840.98,0.01,BID
1445819636,1840.98,0.2,BID
1445819637,1840.98,0.3238,BID
1445819637,1841.0,2.6762,BID
1445819637,1841.0,0.5432,BID
1445819637,1841.0,0.7877,BID
1445819638,1842.68,0.5,BID
1445819639,1842.68,0.1,BID
1445819639,1842.68,0.22,BID
1445819639,1842.68,0.362,BID
1445819639,1842.68,0.1719,BID
1445819640,1842.68,0.277,BID
1445819640,1842.68,0.2,BID
1445819641,1842.68,0.19,BID
1445819641,1842.68,0.832,BID
1445819642,1842.68,0.618,BID
1445819643,1842.68,0.1681,BID
1445819643,1841.05,0.06,ASK
1445819643,1841.05,0.0468,ASK
1445819643,1841.02,0.1606,ASK
1445819643,1841.02,0.02,ASK
1445819643,1841.0,0.5086,ASK
1445819643,1840.28,0.0554,ASK
1445819643,1840.27,0.2,ASK
1445819643,1840.0,2.4896,ASK
1445819643,1842.68,3.213,BID
1445819643,1842.68,0.9003,BID
1445819644,1843.18,0.335,BID
1445819646,1843.17,0.1643,BID
1445819646,1843.17,0.01,BID
1445819646,1843.17,0.0633,BID
1445819646,1843.18,0.0367,BID
1445819646,1843.18,0.2,BID
1445819647,1843.18,0.21,BID
1445819647,1842.69,0.1203,ASK
1445819647,1842.69,0.0797,ASK
1445819649,1843.17,0.0468,BID
1445819649,1843.18,0.34,BID
1445819649,1843.17,0.1985,BID
1445819649,1843.18,3.631,BID
1445819649,1843.75,0.014,BID
1445819649,1844.46,0.2131,BID
1445819649,1844.47,1.5424,BID
1445819649,1844.46,14.16,BID
1445819649,1844.47,0.01,BID
1445819652,1844.47,0.158,BID
1445819654,1844.47,1.391,BID
1445819655,1844.47,0.5422,BID
1445819655,1844.34,0.01,ASK
1445819656,1844.47,0.5422,BID
1445819658,1844.47,0.0753,BID
1445819658,1844.64,0.06,BID
1445819658,1844.65,0.0946,ASK
1445819658,1844.48,0.0574,ASK
1445819662,1844.49,0.0205,ASK
1445819662,1844.49,0.0271,ASK
1445819662,1844.48,0.4095,ASK
1445819662,1844.48,0.5422,ASK
1445819662,1844.47,0.0007,ASK
1445819663,1844.99,0.25,BID
1445819663,1844.99,0.7,BID
1445819663,1845.01,0.0271,ASK
1445819663,1845.01,0.0204,ASK
1445819664,1845.76,1.18,BID
1445819665,1845.44,0.1,ASK
1445819666,1845.76,0.01,BID
1445819667,1845.76,0.005,BID
1445819667,1845.76,1.18,BID
1445819669,1845.76,1.18,BID
1445819670,1845.76,0.121,BID
1445819670,1845.76,0.01,BID
1445819671,1845.76,0.9021,BID
1445819674,1847.05,0.01,BID
1445819675,1845.78,4.0,ASK
1445819675,1845.77,0.4049,ASK
1445819679,1847.04,0.0204,BID
1445819679,1847.05,3.8206,BID
1445819679,1847.05,0.01,BID
1445819681,1847.05,0.003,BID
1445819682,1847.05,0.1465,BID
1445819684,1847.05,0.06,BID
1445819684,1847.05,0.0059,BID
1445819685,1847.05,0.4372,BID
1445819687,1847.15,0.106,ASK
1445819693,1847.16,0.06,ASK
1445819693,1847.15,0.046,ASK
1445819693,1847.07,0.02,ASK
1445819693,1847.06,0.0659,ASK
1445819693,1847.06,0.4431,ASK
1445819695,1847.17,0.0467,ASK
1445819695,1847.06,0.06,ASK
1445819707,1847.0,1.05,BID
1445819708,1846.56,0.606,ASK
1445819708,1846.47,0.0431,ASK
1445819708,1846.46,0.863,ASK
1445819708,1846.36,0.018,ASK
1445819708,1845.86,0.0394,ASK
1445819708,1845.85,0.788,ASK
1445819708,1845.81,8.6352,ASK
1445819710,1846.99,0.0394,BID
1445819710,1846.99,0.0431,BID
1445819710,1847.0,2.9175,BID
1445819713,1846.99,0.06,BID
1445819713,1847.0,0.03,BID
1445819719,1846.94,0.788,BID
1445819719,1847.0,0.3492,BID
1445819719,1847.0,0.5,BID
1445819719,1847.0,4.3235,BID
1445819726,1848.02,0.046,ASK
1445819740,1847.08,0.044,ASK
1445819740,1847.07,0.02,ASK
1445819740,1847.07,0.8,ASK
1445819740,1847.07,0.06,ASK
1445819740,1847.02,0.0185,ASK
1445819740,1847.01,0.37,ASK
1445819740,1847.01,0.0344,ASK
1445819740,1847.0,0.7038,ASK
1445819740,1846.47,0.144,ASK
1445819740,1845.83,2.622,ASK
1445819740,1845.43,1.5274,ASK
1445819740,1845.42,4.8038,ASK
1445819740,1844.87,0.015,ASK
1445819740,1844.4,0.7,ASK
1445819740,1844.39,0.01,ASK
1445819740,1844.13,4.6142,ASK
1445819740,1843.91,0.014,ASK
1445819740,1842.85,4.202,ASK
1445819740,1842.69,0.026,BID
1445819741,1842.69,0.018,BID
1445819741,1842.69,0.1001,BID
1445819742,1842.69,0.012,BID
1445819742,1841.96,0.01,ASK
1445819744,1842.69,0.5,BID
1445819744,1842.69,0.952,BID
1445819745,1842.69,4.0,BID
1445819747,1842.68,0.06,BID
1445819747,1842.69,14.5338,BID
1445819747,1842.69,0.2,BID
1445819747,1842.69,0.05,BID
1445819747,1842.69,0.5,BID
1445819747,1842.69,0.5,BID
1445819748,1842.69,0.406,BID
1445819748,1842.69,0.27,BID
1445819749,1842.69,0.1129,BID
1445819749,1842.69,4.5573,BID
1445819750,1842.69,0.5,BID
1445819750,1842.69,4.0,BID
1445819750,1842.69,0.04,BID
1445819751,1842.69,0.447,BID
1445819751,1842.69,0.5,BID
1445819752,1842.67,0.046,BID
1445819752,1842.69,3.954,BID
1445819753,1842.69,1.0665,BID
1445819754,1846.83,0.5,BID
1445819754,1845.22,0.046,ASK
1445819756,1846.83,0.3611,BID
1445819757,1845.25,0.069,ASK
1445819758,1846.36,0.24,BID
1445819764,1845.24,0.0461,ASK
1445819767,1845.24,0.4259,BID
1445819767,1846.33,0.075,BID
1445819767,1846.33,0.9434,BID
1445819767,1846.34,3.4567,BID
1445819780,1845.16,1.086,BID
1445819780,1845.92,0.0152,BID
1445819782,1846.0,2.5,ASK
1445819782,1846.0,1.7868,ASK
1445819783,1844.16,0.01,ASK
1445819786,1845.9,0.06,BID
1445819790,1845.89,0.01,BID
1445819790,1845.89,0.02,BID
1445819790,1845.89,0.0023,BID
1445819790,1845.9,0.2567,BID
1445819791,1845.88,0.0468,BID
1445819791,1845.97,3.7432,BID
1445819796,1845.43,0.0371,ASK
1445819796,1845.43,0.1259,ASK
1445819796,1845.42,0.337,ASK
1445819797,1846.22,2.5752,BID
1445819797,1846.3,0.8,BID
1445819797,1846.36,0.8789,BID
1445819797,1846.2,17.0,BID
1445819797,1846.2,0.857,BID
1445819797,1846.2,4.0,BID
1445819797,1846.2,16.378,BID
1445819798,1845.44,0.01,ASK
1445819801,1846.21,0.06,BID
1445819801,1846.21,0.44,BID
1445819802,1845.44,0.0669,ASK
1445819802,1845.43,0.012,ASK
1445819802,1845.43,0.0221,ASK
1445819802,1845.43,0.0371,ASK
1445819802,1845.42,1.7769,ASK
1445819802,1845.42,0.4,ASK
1445819802,1845.42,0.5,ASK
1445819806,1845.43,0.118,ASK
1445819806,1845.42,0.2699,ASK
1445819808,1845.42,1.1909,ASK
1445819808,1845.41,0.073,BID
1445819810,1844.2,0.0271,ASK
1445819810,1844.2,0.3946,ASK
1445819810,1844.19,0.0783,ASK
1445819811,1845.34,0.01,BID
1445819811,1845.41,0.05,BID
1445819811,1845.41,0.2651,BID
1445819811,1845.41,0.6,BID
1445819811,1845.41,0.05,BID
1445819814,1844.17,0.5,ASK
1445819814,1845.2,0.116,BID
1445819816,1845.2,0.0256,BID
1445819817,1845.2,0.116,ASK
1445819817,1844.2,0.384,ASK
1445819820,1845.19,0.116,BID
1445819820,1845.19,0.0249,BID
1445819822,1844.3,0.12,ASK
1445819822,1844.21,0.0208,ASK
1445819822,1844.2,0.3592,ASK
1445819827,1845.0,0.6,ASK
1445819827,1845.0,1.9,ASK
1445819828,1844.2,0.0568,ASK
1445819828,1844.14,1.6542,ASK
1445819829,1845.0,4.6102,BID
1445819834,1844.9,0.14,BID
1445819834,1844.99,0.02,BID
1445819834,1844.99,0.1745,BID
1445819834,1845.0,3.2155,BID
1445819856,1844.97,0.078,BID
1445819865,1844.51,0.043,ASK
1445819865,1844.14,0.001,ASK
1445819865,1843.43,0.043,ASK
1445819865,1843.42,0.7,ASK
1445819865,1843.42,0.1411,ASK
1445819865,1843.42,0.0131,ASK
1445819865,1843.41,5.0556,ASK
1445819865,1843.4,0.003,ASK
1445819865,1843.12,0.215,ASK
1445819865,1842.89,0.9451,ASK
1445819865,1842.88,0.542,ASK
1445819865,1842.85,4.7972,ASK
1445819865,1841.92,0.007,ASK
1445819865,1841.59,0.069,ASK
1445819865,1841.58,0.4822,ASK
1445819865,1841.57,4.4738,ASK
1445819865,1841.0,0.017,ASK
1445819865,1840.88,0.013,ASK
1445819865,1840.5,5.3126,ASK
1445819865,1840.31,3.0,ASK
1445819865,1840.29,4.1388,ASK
1445819865,1840.0,1.0154,ASK
1445819866,1839.13,21.0,ASK
1445819866,1839.13,19.0,ASK
1445819866,1839.13,1.284,ASK
1445819867,1840.0,1.0866,BID
1445819870,1840.0,1.4031,BID
1445819870,1840.0,0.02,BID
1445819870,1840.0,0.5,BID
1445819870,1840.0,0.8914,BID
1445819871,1844.98,0.06,BID
1445819871,1844.98,0.0561,BID
1445819871,1844.99,0.2439,BID
1445819872,1844.99,0.2,BID
1445819873,1844.97,0.2,BID
1445819873,1843.62,15.017,BID
1445819874,1843.63,0.09,BID
1445819874,1844.97,0.3045,BID
1445819874,1844.97,0.01,BID
1445819874,1844.98,1.2965,BID
1445819877,1844.96,0.2,BID
1445819879,1844.96,0.15,BID
1445819879,1844.96,0.899,BID
1445819879,1844.96,0.2,BID
1445819880,1844.96,0.172,BID
1445819881,1844.93,0.5,BID
1445819881,1844.93,0.042,BID
1445819881,1844.96,0.588,BID
1445819881,1844.96,0.4089,BID
1445819881,1845.0,0.115,BID
1445819882,1845.0,0.1593,BID
1445819882,1845.19,0.0407,BID
1445819884,1845.19,0.0504,BID
1445819884,1845.62,0.0373,BID
1445819884,1846.15,0.7123,BID
1445819885,1846.15,0.05,BID
1445819885,1846.15,0.0377,BID
1445819885,1846.2,0.2,BID
1445819887,1846.21,0.0669,BID
1445819887,1846.36,0.1331,BID
1445819888,1846.36,0.5,BID
1445819888,1846.36,0.434,BID
1445819889,1846.36,0.095,BID
1445819889,1846.85,0.005,BID
1445819890,1846.85,0.07,BID
1445819890,1846.85,1.577,BID
1445819890,1845.2,0.0504,ASK
1445819890,1845.08,0.0496,ASK
1445819890,1846.85,0.363,BID
1445819891,1846.85,1.0,BID
1445819892,1846.85,1.585,BID
1445819892,1846.86,0.0496,ASK
1445819893,1848.01,0.046,BID
1445819893,1848.34,0.056,BID
1445819894,1848.34,0.2,BID
1445819897,1848.34,0.2,BID
1445819901,1848.33,0.053,BID
1445819901,1848.34,0.247,BID
1445819901,1848.34,0.12,BID
1445819901,1848.05,0.053,ASK
1445819901,1848.04,0.584,ASK
1445819901,1846.96,0.02,ASK
1445819901,1846.89,0.0253,ASK
1445819901,1846.88,0.506,ASK
1445819901,1846.87,0.2389,ASK
1445819901,1846.86,1.9385,ASK
1445819901,1846.38,0.0271,ASK
1445819901,1846.37,0.5416,ASK
1445819902,1846.03,0.305,BID
1445819903,1846.03,0.2,BID
1445819903,1846.03,1.67,BID
1445819903,1846.03,0.4995,BID
1445819903,1848.34,0.3645,BID
1445819903,1848.34,0.5,BID
1445819903,1848.32,4.0,BID
1445819903,1848.32,13.66,BID
1445819904,1848.33,0.1705,BID
1445819904,1848.34,0.3295,BID
1445819906,1848.33,0.2,BID
1445819908,1848.32,0.069,BID
1445819908,1848.34,0.131,BID
1445819910,1848.34,0.343,BID
1445819910,1848.34,0.2,BID
1445819912,1848.34,0.051,BID
1445819913,1848.34,0.04,BID
1445819913,1848.34,0.2,BID
1445819914,1848.34,0.38,BID
1445819915,1848.34,0.541,BID
1445819916,1848.34,0.3298,BID
1445819917,1849.61,0.2,BID
1445819919,1848.35,0.2112,ASK
1445819919,1848.35,0.0418,ASK
1445819922,1849.61,0.2,BID
1445819923,1848.46,0.012,ASK
1445819923,1848.44,0.39,ASK
1445819923,1848.36,0.0144,ASK
1445819923,1848.35,0.288,ASK
1445819923,1848.06,0.069,ASK
1445819923,1848.04,0.06,ASK
1445819923,1848.04,0.0195,BID
1445819923,1848.04,0.0467,BID
1445819924,1848.04,0.0296,BID
1445819924,1848.04,0.1245,BID
1445819925,1848.45,0.0195,ASK
1445819925,1848.37,0.0755,ASK
1445819925,1846.1,0.1534,ASK
1445819925,1846.09,0.8016,ASK
1445819928,1849.4,0.01,ASK
1445819930,1849.59,0.0467,BID
1445819930,1849.6,0.0296,BID
1445819930,1849.6,0.0627,BID
1445819930,1849.4,0.094,ASK
1445819930,1849.36,0.0134,ASK
1445819930,1849.35,0.768,ASK
1445819932,1848.34,0.0467,BID
1445819932,1846.03,0.121,ASK
1445819932,1845.96,0.01,ASK
1445819932,1845.95,0.2,ASK
1445819932,1845.73,0.01,ASK
1445819932,1845.72,0.2,ASK
1445819932,1845.31,0.01,ASK
1445819932,1845.3,0.2,ASK
1445819932,1842.97,0.8,ASK
1445819932,1842.97,1.449,ASK
1445819933,1848.33,1.0,ASK
1445819933,1848.33,3.963,ASK
1445819933,1848.33,15.0,ASK
1445819933,1848.33,4.041,ASK
1445819933,1848.34,0.153,BID
1445819934,1845.96,0.799,ASK
1445819937,1848.33,0.03,BID
1445819937,1848.33,0.2,BID
1445819938,1848.33,0.527,BID
1445819938,1848.33,0.3,BID
1445819938,1848.33,0.8,BID
1445819939,1848.33,0.0262,BID
1445819940,1848.33,0.2485,ASK
1445819940,1848.33,0.06,ASK
1445819941,1848.33,0.4653,ASK
1445819947,1848.32,0.1847,BID
1445819947,1848.32,0.3643,BID
1445819955,1847.74,0.01,ASK
1445819957,1847.74,0.1955,ASK
1445819957,1847.7,0.06,ASK
1445819957,1846.13,0.01,ASK
1445819959,1846.13,0.085,ASK
1445819959,1846.12,0.005,ASK
1445819962,1846.14,0.0468,ASK
1445819962,1846.13,0.0421,ASK
1445819962,1846.12,1.7651,ASK
1445819963,1846.13,0.0124,ASK
1445819963,1846.12,0.0892,ASK
1445819963,1846.1,0.3984,ASK
1445819964,1846.11,0.0195,ASK
1445819964,1846.1,0.1426,ASK
1445819964,1846.08,0.2485,ASK
1445819964,1842.97,0.01,ASK
1445819971,1843.02,0.06,ASK
1445819981,1843.05,0.197,ASK
1445819981,1843.03,0.0683,ASK
1445819981,1842.38,0.2597,ASK
1445819982,1843.04,0.0041,ASK
1445819982,1842.38,0.0003,ASK
1445819982,1842.02,0.1956,ASK
1445819994,1842.02,0.9869,ASK
1445819994,1842.01,1.3358,ASK
1445819995,1843.18,0.01,BID
1445819999,1842.47,0.2,BID
1445820001,1842.01,2.0,ASK
1445820001,1842.46,0.0468,BID
1445820001,1842.46,0.02,BID
1445820001,1842.47,1.9262,BID
1445820002,1842.47,0.0668,BID
1445820002,1843.05,0.4332,BID
1445820003,1843.05,0.2,BID
1445820003,1842.03,0.026,ASK
1445820003,1842.01,1.154,ASK
1445820004,1842.49,0.0996,ASK
1445820006,1843.05,0.2,BID
1445820006,1843.05,0.2,BID
1445820007,1843.05,0.15,BID
1445820007,1843.05,0.623,BID
1445820007,1842.49,0.239,ASK
1445820007,1842.48,0.499,ASK
1445820007,1843.05,0.1,BID
1445820007,1843.05,0.5,BID
1445820007,1843.05,0.192,BID
1445820007,1843.05,0.06,BID
1445820008,1842.5,0.0119,ASK
1445820008,1842.49,0.0263,ASK
1445820008,1842.48,0.0218,ASK
1445820009,1843.05,1.301,BID
1445820009,1843.04,0.0263,BID
1445820009,1843.05,0.1737,BID
1445820010,1843.04,0.0119,BID
1445820010,1843.05,0.4881,BID
1445820011,1843.05,0.014,BID
1445820011,1843.05,2.7628,BID
1445820011,1843.19,0.0345,BID
1445820011,1844.34,0.1655,BID
1445820011,1844.34,0.4,BID
1445820012,1844.34,0.2,BID
1445820014,1844.34,0.2,BID
1445820015,1844.33,0.06,BID
1445820015,1844.34,1.657,BID
1445820015,1844.34,0.8,BID
1445820017,1844.35,0.124,BID
1445820017,1844.36,0.001,BID
1445820018,1844.36,0.025,BID
1445820018,1845.7,0.0041,BID
1445820018,1845.71,0.0683,BID
1445820018,1847.05,0.01,BID
1445820018,1845.9,0.035,ASK
1445820018,1845.9,0.0676,ASK
1445820019,1845.75,0.1372,BID
1445820019,1845.98,0.0528,BID
1445820019,1845.98,0.5,BID
1445820020,1847.04,0.19,BID
1445820022,1845.76,1.0,BID
1445820028,1845.96,0.2,BID
1445820029,1845.96,0.1,BID
1445820029,1845.96,0.5,BID
1445820030,1845.96,0.2,BID
1445820031,1845.96,0.01,BID
1445820031,1845.96,0.249,BID
1445820032,1844.47,0.02,ASK
1445820032,1844.42,0.0122,ASK
1445820032,1844.42,0.0271,ASK
1445820032,1844.38,0.06,ASK
1445820032,1844.37,0.7428,ASK
1445820032,1845.96,0.5,BID
1445820033,1845.96,0.2,BID
1445820035,1845.95,0.025,BID
1445820035,1845.94,0.06,BID
1445820035,1845.95,0.0021,BID
1445820035,1845.95,0.0122,BID
1445820035,1845.96,0.1257,BID
1445820035,1845.96,0.039,BID
1445820036,1845.96,0.5,BID
1445820038,1845.95,0.2,BID
1445820040,1845.95,0.5,BID
1445820044,1847.05,0.2,BID
1445820044,1846.95,0.01,ASK
1445820046,1846.95,0.09,BID
1445820046,1847.05,0.4514,BID
1445820046,1847.05,0.2,BID
1445820047,1847.47,0.2,BID
1445820047,1847.47,0.2,BID
1445820049,1847.47,0.2,BID
1445820053,1847.48,0.012,BID
1445820060,1847.08,0.02,ASK
1445820060,1847.08,0.0439,ASK
1445820060,1847.08,0.0361,BID
1445820063,1847.45,0.1065,BID
1445820063,1847.46,0.0697,BID
1445820063,1847.47,0.0439,BID
1445820063,1847.48,0.038,BID
1445820063,1847.74,0.1199,BID
1445820063,1847.75,0.802,BID
1445820065,1847.09,0.01,ASK
1445820075,1847.35,0.0208,BID
1445820075,1847.36,0.2092,BID
1445820083,1847.34,0.043,BID
1445820083,1847.35,0.0805,BID
1445820083,1847.36,0.0765,BID
1445820085,1847.36,0.0805,BID
1445820086,1847.36,0.2,BID
1445820086,1847.36,0.08,BID
1445820087,1847.11,0.0097,ASK
1445820087,1847.36,0.0587,BID
1445820087,1847.42,0.05,BID
1445820087,1847.74,0.0798,BID
1445820087,1847.75,0.0702,BID
1445820089,1847.75,0.2,BID
1445820092,1847.75,0.603,BID
1445820093,1847.75,0.7231,BID
1445820093,1848.31,0.2,BID
1445820093,1847.75,0.0724,ASK
1445820094,1848.31,0.0055,BID
1445820094,1848.32,0.101,BID
1445820094,1849.59,0.0134,BID
1445820094,1849.63,0.3801,BID
1445820096,1849.83,0.1,BID
1445820096,1847.76,0.001,ASK
1445820096,1849.83,0.1124,BID
1445820096,1849.83,0.451,BID
1445820097,1847.85,0.723,ASK
1445820097,1847.8,0.6035,ASK
1445820103,1849.78,0.07,BID
1445820105,1849.78,0.2,BID
1445820110,1849.63,0.09,BID
1445820111,1849.63,0.06,BID
1445820114,1849.19,0.044,BID
1445820114,1849.62,0.006,BID
1445820114,1849.62,0.0164,BID
1445820114,1849.63,0.1836,BID
1445820115,1849.63,0.2,BID
1445820118,1849.62,0.182,BID
1445820118,1849.63,0.018,BID
1445820119,1849.63,0.2,BID
1445820124,1849.63,0.1,BID
1445820124,1849.63,0.2,BID
1445820129,1849.58,0.2,BID
1445820135,1848.91,0.2,BID
1445820136,1848.91,0.5409,BID
1445820137,1848.91,0.22,BID
1445820140,1848.91,0.2,BID
1445820142,1848.91,0.01,BID
1445820142,1848.91,0.119,BID
1445820143,1848.91,0.2,BID
1445820143,1848.91,0.5409,BID
1445820144,1848.91,0.5409,BID
1445820145,1848.91,2.3514,BID
1445820145,1849.61,0.1,BID
1445820145,1849.62,1.8738,BID
1445820162,1849.57,0.133,BID
1445820162,1849.62,0.115,BID
1445820162,1849.77,0.0744,BID
1445820162,1849.82,0.0594,BID
1445820162,1849.82,0.094,BID
1445820162,1849.84,0.182,BID
1445820162,1849.99,0.5,BID
1445820162,1850.0,1.0,BID
1445820163,1850.0,1.4787,ASK
1445820165,1850.01,0.01,ASK
1445820165,1850.01,0.0366,ASK
1445820165,1850.0,1.7414,ASK
1445820166,1850.0,0.0371,ASK
1445820173,1849.59,0.06,ASK
1445820175,1849.58,0.133,ASK
1445820175,1849.42,0.01,ASK
1445820175,1849.41,0.2,ASK
1445820175,1848.94,0.133,ASK
1445820175,1848.94,0.054,ASK
1445820175,1848.93,1.47,ASK
1445820175,1848.93,2.4246,ASK
1445820175,1848.92,0.1554,ASK
1445820181,1849.6,0.06,ASK
1445820181,1849.6,0.0076,ASK
1445820185,1848.93,0.02,ASK
1445820186,1848.93,0.0263,ASK
1445820186,1848.92,0.3855,ASK
1445820186,1848.92,0.5409,ASK
1445820186,1848.83,0.0731,BID
1445820187,1848.83,0.08,BID
1445820187,1848.83,0.1149,BID
1445820189,1848.79,0.04,ASK
1445820189,1848.78,0.8,ASK
1445820189,1848.77,0.115,ASK
1445820189,1848.71,0.089,ASK
1445820189,1848.71,0.0104,ASK
1445820189,1848.7,0.9485,ASK
1445820190,1848.83,0.5573,BID
1445820190,1849.57,0.1149,BID
1445820190,1849.57,0.04,ASK
1445820190,1849.57,0.0279,ASK
1445820190,1849.58,10.0,ASK
1445820190,1849.58,4.693,ASK
1445820192,1849.57,0.01,ASK
1445820192,1849.57,0.1408,ASK
1445820193,1849.58,0.06,ASK
1445820193,1849.57,0.44,ASK
1445820193,1849.57,0.029,ASK
1445820195,1849.57,0.1408,ASK
1445820196,1849.57,3.165,ASK
1445820197,1848.85,0.0199,ASK
1445820197,1848.84,0.4801,ASK
1445820199,1849.17,0.27,BID
1445820213,1849.16,0.06,BID
1445820213,1849.17,0.14,BID
1445820216,1849.16,0.1391,BID
1445820216,1849.17,1.0097,BID
1445820216,1849.89,0.0676,BID
1445820216,1849.89,0.0731,BID
1445820216,1849.99,0.01,BID
1445820216,1850.0,0.2,BID
1445820216,1850.61,0.04,BID
1445820216,1850.62,0.8,BID
1445820216,1850.62,0.5083,BID
1445820216,1850.63,2.1522,BID
1445820218,1850.62,0.1138,BID
1445820218,1850.63,0.0862,BID
1445820222,1849.27,3.577,BID
1445820224,1850.62,0.001,BID
1445820228,1849.26,0.139,ASK
1445820228,1849.18,0.0141,ASK
1445820228,1848.91,0.027,ASK
1445820228,1848.9,0.54,ASK
1445820228,1848.88,0.1125,ASK
1445820228,1848.87,0.01,ASK
1445820228,1848.86,0.1391,ASK
1445820228,1848.84,0.0608,ASK
1445820228,1848.79,0.7,ASK
1445820228,1848.7,8.1597,ASK
1445820231,1849.29,0.5,ASK
1445820231,1849.27,0.06,ASK
1445820231,1848.91,2.2405,ASK
1445820232,1848.79,0.5,BID
1445820234,1848.79,0.01,BID
1445820235,1848.79,0.04,BID
1445820236,1848.79,0.2333,BID
1445820240,1850.61,0.0456,BID
1445820240,1850.61,0.112,BID
1445820240,1850.61,0.0424,BID
1445820240,1850.61,0.0176,BID
1445820240,1850.62,0.0624,BID
1445820242,1850.62,0.2,BID
1445820247,1850.6,0.2,BID
1445820254,1850.59,0.017,BID
1445820254,1850.6,0.34,BID
1445820254,1850.6,0.09,BID
1445820254,1850.61,0.4444,BID
1445820255,1850.0,0.0107,BID
1445820256,1850.61,0.2,BID
1445820256,1850.61,0.031,BID
1445820257,1850.61,0.5404,BID
1445820257,1850.61,0.2,BID
1445820259,1850.62,0.2708,ASK
1445820261,1850.62,0.2696,ASK
1445820261,1848.85,0.0638,ASK
1445820261,1848.84,1.6174,ASK
1445820261,1848.83,0.0624,ASK
1445820261,1848.83,0.1172,ASK
1445820261,1848.82,0.8236,ASK
1445820265,1850.61,0.01,BID
1445820270,1850.61,0.2708,BID
1445820270,1850.61,0.2596,BID
1445820270,1850.61,0.2404,BID
1445820271,1850.6,0.01,BID
1445820272,1850.59,0.0549,BID
1445820272,1850.6,1.0875,BID
1445820272,1850.6,0.1261,BID
1445820272,1850.61,0.7315,BID
1445820272,1850.61,0.63,BID
1445820273,1850.6,14.537,BID
1445820273,1850.61,0.11,BID
1445820275,1850.61,0.5,BID
1445820276,1850.61,0.148,BID
1445820277,1850.61,0.08,BID
1445820278,1850.61,0.034,BID
1445820278,1850.61,0.5,BID
1445820279,1850.61,7.1968,BID
1445820279,1850.61,0.0962,BID
1445820281,1850.61,4.6132,ASK
1445820281,1850.64,0.02,BID
1445820281,1850.61,4.6389,ASK
1445820282,1850.61,0.65,ASK
1445820283,1850.64,0.11,BID
1445820283,1850.64,0.0997,BID
1445820283,1850.92,0.2903,BID
1445820283,1850.61,0.65,ASK
1445820283,1850.92,0.01,BID
1445820286,1850.65,0.018,ASK
1445820286,1850.92,0.5,BID
1445820286,1850.92,0.5,BID
1445820286,1850.92,0.012,BID
1445820290,1850.92,0.2,BID
1445820291,1850.91,0.01,BID
1445820291,1850.91,0.1454,BID
1445820291,1851.24,0.5,BID
1445820293,1851.24,6.0,BID
1445820294,1851.24,0.5,BID
1445820294,1851.03,0.05,ASK
1445820294,1851.0,0.6885,ASK
1445820294,1851.24,0.5402,BID
1445820294,1851.24,0.125,BID
1445820294,1851.24,0.2818,BID
1445820294,1851.48,0.2,BID
1445820294,1852.21,2.0982,BID
1445820297,1852.21,0.5,BID
1445820299,1852.21,1.0,BID
1445820301,1852.21,0.5,BID
1445820301,1851.28,0.0466,ASK
1445820301,1851.27,0.06,ASK
1445820301,1851.26,0.027,ASK
1445820301,1851.25,0.0135,ASK
1445820305,1852.48,0.0318,BID
1445820305,1852.49,0.005,BID
1445820305,1852.5,0.2,BID
1445820305,1852.5,0.2,BID
1445820305,1852.96,0.03,BID
1445820305,1853.02,0.0332,BID
1445820306,1852.2,0.0042,BID
1445820306,1853.02,0.4668,BID
1445820306,1853.02,0.473,BID
1445820309,1852.19,0.0466,BID
1445820309,1852.2,0.0055,BID
1445820310,1853.01,0.0264,BID
1445820310,1853.02,0.027,BID
1445820310,1853.02,0.3966,BID
1445820310,1853.02,0.1034,BID
1445820310,1853.11,0.2,BID
1445820310,1853.23,0.01,BID
1445820310,1853.5,0.1866,BID
1445820311,1852.64,0.0179,ASK
1445820311,1852.17,3.0,ASK
1445820311,1852.17,1.0,ASK
1445820311,1852.17,3.639,ASK
1445820312,1852.18,0.0466,BID
1445820313,1852.18,0.01,BID
1445820314,1852.18,0.0034,BID
1445820314,1852.19,0.0247,BID
1445820319,1852.19,0.0174,BID
1445820323,1852.3,0.06,ASK
1445820323,1852.29,0.0154,ASK
1445820327,1852.3,0.1664,ASK
1445820327,1852.3,0.0183,ASK
1445820335,1853.46,0.0466,BID
1445820335,1853.46,0.06,BID
1445820335,1853.47,0.0696,BID
1445820337,1852.32,0.057,ASK
1445820340,1853.45,0.0754,BID
1445820340,1853.47,0.0396,BID
1445820343,1853.47,0.0572,BID
1445820343,1853.47,0.0183,BID
1445820343,1853.49,0.0281,BID
1445820343,1853.5,0.3964,BID
1445820347,1853.01,0.1118,ASK
1445820347,1853.0,2.8882,ASK
1445820347,1853.49,0.7,BID
1445820347,1853.5,4.0023,BID
1445820347,1854.01,1.0,BID
1445820347,1854.51,0.068,BID
1445820347,1854.76,0.0917,BID
1445820347,1854.77,2.0,BID
1445820347,1854.78,0.2,BID
1445820347,1854.78,0.2,BID
1445820347,1854.79,4.7045,BID
1445820347,1854.89,0.2,BID
1445820347,1854.95,0.2,BID
1445820347,1854.99,0.1186,BID
1445820347,1854.99,0.5,BID
1445820347,1855.0,3.2239,BID
1445820348,1853.0,2.0,ASK
1445820350,1853.46,0.003,BID
1445820350,1853.01,0.04,ASK
1445820350,1853.01,0.0446,ASK
1445820350,1853.01,0.0466,ASK
1445820350,1853.0,1.0138,ASK
1445820350,1853.01,0.1043,ASK
1445820350,1853.0,1.8957,ASK
1445820352,1853.01,0.1042,ASK
1445820352,1853.01,0.8,ASK
1445820352,1853.0,1.1448,ASK
1445820354,1853.02,0.009,ASK
1445820354,1853.02,0.06,ASK
1445820354,1853.01,0.0228,ASK
1445820354,1853.0,1.2372,ASK
1445820360,1853.01,0.097,ASK
1445820360,1853.01,0.0007,ASK
1445820360,1853.0,0.0454,ASK
1445820362,1853.0,0.0375,ASK
1445820362,1852.35,0.0429,ASK
1445820362,1852.34,0.7,ASK
1445820362,1852.34,0.0284,ASK
1445820362,1852.34,0.137,ASK
1445820362,1852.33,0.1739,ASK
1445820362,1852.32,0.0184,ASK
1445820362,1851.35,0.0754,ASK
1445820362,1851.28,0.004,ASK
1445820363,1851.28,0.0015,ASK
1445820363,1851.28,0.06,ASK
1445820363,1851.27,0.0042,ASK
1445820363,1851.25,0.5267,ASK
1445820363,1851.04,1.9876,ASK
1445820363,1851.04,0.6296,ASK
1445820363,1851.01,0.9445,ASK
1445820363,1851.0,0.4259,ASK
1445820369,1852.89,0.0671,BID
1445820369,1852.9,0.037,BID
1445820369,1852.98,0.0343,BID
1445820369,1852.98,4.0,BID
1445820369,1853.3,0.06,BID
1445820369,1853.43,0.0521,BID
1445820369,1853.44,0.0977,BID
1445820369,1853.44,0.9445,BID
1445820370,1853.45,0.5,ASK
1445820370,1853.45,0.02,ASK
1445820371,1853.45,0.1709,ASK
1445820373,1853.45,0.1604,ASK
1445820373,1853.45,0.287,ASK
1445820373,1853.45,0.01,ASK
1445820373,1853.45,4.0,ASK
1445820373,1853.45,0.65,ASK
1445820373,1853.45,0.6,ASK
1445820373,1853.45,0.023,ASK
1445820373,1853.45,0.2,ASK
1445820373,1853.45,0.5,ASK
1445820373,1853.45,0.01,ASK
1445820373,1853.45,2.5,ASK
1445820373,1853.45,0.6,ASK
1445820373,1853.45,0.18,ASK
1445820373,1853.45,0.18,ASK
1445820373,1853.45,6.3571,ASK
1445820373,1851.32,0.01,ASK
1445820374,1851.32,0.01,ASK
1445820378,1852.91,0.1092,ASK
1445820378,1852.9,0.3908,ASK
1445820378,1852.9,0.821,ASK
1445820378,1852.9,0.18,ASK
1445820378,1853.16,16.519,ASK
1445820379,1852.9,0.213,ASK
1445820379,1852.9,0.5796,ASK
1445820379,1851.33,0.01,ASK
1445820380,1852.89,0.0004,BID
1445820380,1853.16,0.0096,BID
1445820382,1853.16,0.037,BID
1445820382,1853.19,0.027,BID
1445820384,1852.8,0.01,BID
1445820385,1852.41,0.0467,ASK
1445820385,1852.4,0.0233,ASK
1445820385,1852.8,0.787,BID
1445820386,1852.79,0.01,BID
1445820386,1852.79,0.009,BID
1445820389,1852.41,0.0642,ASK
1445820389,1852.41,0.06,ASK
1445820389,1852.01,0.1973,ASK
1445820389,1852.0,0.6785,ASK
1445820389,1852.79,0.0452,BID
1445820389,1852.79,0.01,BID
1445820389,1852.8,0.0842,BID
1445820389,1852.01,10.304,BID
1445820392,1852.78,0.0467,BID
1445820392,1852.78,0.0553,BID
1445820393,1852.78,0.027,BID
1445820393,1852.78,0.0051,BID
1445820394,1852.79,0.01,ASK
1445820396,1852.88,0.01,ASK
1445820397,1852.89,3.0,ASK
1445820397,1852.89,11.886,ASK
1445820397,1853.17,0.035,BID
1445820397,1853.18,0.174,BID
1445820399,1853.18,0.01,BID
1445820399,1853.18,0.346,BID
1445820399,1853.18,0.101,BID
1445820400,1853.18,0.069,BID
1445820401,1853.19,0.05,ASK
1445820401,1852.89,0.05,ASK
1445820404,1853.16,0.0078,BID
1445820404,1853.19,0.06,BID
1445820404,1853.44,0.5822,BID
1445820405,1853.44,0.0678,BID
1445820405,1853.46,0.1709,BID
1445820406,1853.56,0.02,ASK
1445820412,1854.23,0.01,ASK
1445820414,1854.23,0.0066,BID
1445820415,1854.23,0.036,BID
1445820417,1853.58,0.0466,ASK
1445820417,1853.57,0.0689,ASK
1445820417,1853.57,0.0145,ASK
1445820420,1854.13,0.01,BID
1445820420,1854.73,0.02,BID
1445820420,1854.73,0.0066,BID
1445820420,1854.74,0.0689,BID
1445820420,1854.74,0.1314,BID
1445820420,1854.75,0.3391,BID
1445820421,1854.11,4.0,BID
1445820421,1854.11,4.04,BID
1445820426,1854.12,0.01,BID
1445820426,1854.12,0.01,BID
1445820429,1854.11,0.032,BID
1445820433,1854.11,0.0807,BID
1445820433,1854.12,0.0329,BID
1445820433,1854.75,2.631,BID
1445820433,1854.76,0.8,BID
1445820433,1854.79,1.72,BID
1445820443,1854.61,0.014,ASK
1445820446,1854.76,0.0619,BID
1445820446,1854.77,0.1147,BID
1445820446,1854.77,0.0178,BID
1445820446,1854.99,0.3056,BID
1445820446,1854.62,0.0619,ASK
1445820446,1854.62,0.02,ASK
1445820446,1854.61,0.006,ASK
1445820446,1854.25,0.05,BID
1445820447,1854.25,0.0101,BID
1445820447,1854.75,0.0146,BID
1445820448,1854.98,16.444,BID
1445820451,1854.99,0.0332,BID
1445820451,1854.99,0.1521,BID
1445820451,1855.0,0.3147,BID
1445820452,1855.0,0.1853,BID
1445820454,1855.0,0.37,BID
1445820455,1855.0,0.194,BID
1445820455,1855.0,0.5391,BID
1445820456,1855.0,0.5391,BID
1445820457,1854.99,0.2284,BID
1445820457,1855.0,0.3107,BID
1445820458,1855.0,0.2284,BID
1445820463,1854.99,0.0668,BID
1445820463,1854.99,0.0055,BID
1445820463,1855.0,0.5987,BID
1445820463,1855.0,0.18,BID
1445820463,1855.0,1.789,BID
1445820463,1855.0,0.38,BID
1445820464,1855.0,0.2,BID
1445820464,1855.0,0.0668,BID
1445820466,1855.0,0.182,BID
1445820466,1855.0,0.2,BID
1445820467,1855.0,0.4983,BID
1445820467,1855.0,0.0408,BID
1445820468,1855.0,0.5391,BID
1445820469,1855.0,12.9201,BID
1445820470,1855.01,0.154,ASK
1445820470,1855.01,0.5391,ASK
1445820470,1855.0,4.2974,ASK
1445820471,1855.01,0.0437,ASK
1445820476,1855.01,0.0783,ASK
1445820477,1855.02,0.4954,ASK
1445820477,1855.02,0.046,ASK
1445820482,1855.34,0.01,BID
1445820483,1855.34,0.102,BID
1445820483,1855.64,0.028,BID
1445820484,1855.64,0.01,BID
1445820486,1855.33,0.008,BID
1445820489,1855.33,0.002,BID
1445820489,1855.33,0.015,BID
1445820490,1855.33,0.0008,BID
1445820490,1855.64,0.162,BID
1445820490,1856.08,0.8802,BID
1445820490,1855.32,0.0161,BID
1445820490,1856.08,0.0639,BID
1445820497,1855.06,0.06,ASK
1445820497,1855.05,0.0368,ASK
1445820497,1855.05,0.0466,ASK
1445820497,1855.04,0.0161,ASK
1445820497,1855.04,0.02,ASK
1445820497,1855.04,0.7,ASK
1445820497,1855.04,3.517,ASK
1445820499,1855.05,0.1009,ASK
1445820499,1855.05,0.1001,ASK
1445820499,1855.04,4.4604,ASK
1445820504,1856.07,0.0368,BID
1445820504,1856.07,0.1001,BID
1445820504,1856.07,0.0015,BID
1445820504,1856.08,1.0416,BID
1445820505,1855.5,1.0,ASK
1445820508,1855.5,0.07,ASK
1445820515,1856.05,0.0957,BID
1445820515,1856.06,0.0271,BID
1445820515,1856.06,0.0912,BID
1445820515,1856.06,0.5,BID
1445820515,1856.07,0.5414,BID
1445820515,1856.08,2.7431,BID
1445820517,1856.15,0.046,ASK
1445820517,1856.1,0.454,ASK
1445820518,1856.1,0.5,ASK
1445820518,1856.1,0.65,ASK
1445820519,1856.26,0.0157,BID
1445820519,1856.1,0.65,ASK
1445820520,1856.1,0.65,ASK
1445820521,1856.1,0.65,ASK
1445820522,1856.11,0.0874,ASK
1445820522,1856.1,0.4475,ASK
1445820522,1856.09,0.1078,BID
1445820522,1856.09,0.0073,BID
1445820522,1856.26,0.0309,BID
1445820522,1856.27,0.0157,BID
1445820522,1856.4,0.06,BID
1445820522,1856.62,0.021,BID
1445820522,1856.81,0.088,BID
1445820522,1856.81,0.0704,BID
