timestamp,price,amount,side
1443742033,1536.3,0.01,ASK
1443742047,1536.32,0.51,ASK
1443742047,1536.32,0.03,ASK
1443742060,1536.02,0.001,ASK
1443742079,1536.28,0.001,ASK
1443742079,1536.01,0.001,ASK
1443742079,1535.99,0.03,ASK
1443742079,1535.92,0.0097,ASK
1443742079,1535.81,0.02,ASK
1443742079,1535.77,0.001,ASK
1443742079,1535.76,0.001,ASK
1443742079,1535.76,0.001,ASK
1443742079,1535.76,0.001,ASK
1443742079,1535.6,0.0837,ASK
1443742079,1535.59,0.001,ASK
1443742079,1535.59,0.001,ASK
1443742079,1535.59,0.001,ASK
1443742079,1535.59,0.001,ASK
1443742079,1535.45,0.001,ASK
1443742079,1535.44,0.001,ASK
1443742079,1535.43,0.001,ASK
1443742079,1535.43,0.001,ASK
1443742079,1535.41,0.001,ASK
1443742079,1535.41,0.001,ASK
1443742079,1535.4,0.001,ASK
1443742079,1535.39,0.001,ASK
1443742079,1535.39,0.001,ASK
1443742079,1535.38,0.001,ASK
1443742079,1535.38,0.001,ASK
1443742079,1535.37,0.001,ASK
1443742079,1535.37,0.001,ASK
1443742079,1535.23,0.002,ASK
1443742079,1535.15,0.001,ASK
1443742079,1535.13,0.001,ASK
1443742079,1535.13,4.4594,ASK
1443742079,1535.1,1.1668,ASK
1443742079,1535.08,0.001,ASK
1443742079,1535.07,0.001,ASK
1443742079,1535.04,0.002,ASK
1443742079,1535.04,0.001,ASK
1443742079,1535.0,0.3,ASK
1443742081,1535.0,1.122,BID
1443742083,1535.0,0.0105,BID
1443742084,1535.0,0.01,BID
1443742084,1535.0,0.6,BID
1443742085,1535.0,0.6515,BID
1443742087,1535.0,0.6515,BID
1443742087,1535.0,0.542,BID
1443742087,1535.0,0.01,BID
1443742088,1534.99,0.001,ASK
1443742088,1534.99,0.001,ASK
1443742088,1534.99,0.001,ASK
1443742088,1534.99,0.001,ASK
1443742088,1534.99,0.0065,BID
1443742088,1535.0,0.645,BID
1443742089,1535.0,0.6515,BID
1443742090,1535.0,0.362,BID
1443742090,1535.0,0.6515,BID
1443742091,1535.0,0.6515,BID
1443742091,1535.0,0.01,BID
1443742092,1535.0,0.01,BID
1443742092,1535.0,0.6515,BID
1443742094,1535.0,0.6515,BID
1443742095,1535.0,0.6515,BID
1443742096,1535.0,0.01,BID
1443742096,1535.0,0.6515,BID
1443742097,1535.0,0.6515,BID
1443742098,1535.0,0.01,BID
1443742098,1535.0,0.6515,BID
1443742099,1535.0,0.6515,BID
1443742100,1535.0,0.6515,BID
1443742101,1535.0,0.6515,BID
1443742102,1535.0,0.6515,BID
1443742103,1535.0,0.01,BID
1443742103,1535.0,0.001,BID
1443742103,1535.0,0.6515,BID
1443742104,1535.0,0.6515,BID
1443742105,1535.0,0.6515,BID
1443742106,1535.0,0.498,BID
1443742106,1535.0,0.6515,BID
1443742107,1535.0,0.01,BID
1443742107,1535.0,0.6515,BID
1443742107,1535.0,0.0105,BID
1443742108,1535.0,0.6515,BID
1443742109,1534.99,0.01,ASK
1443742109,1534.99,0.101,BID
1443742109,1535.0,0.5505,BID
1443742109,1535.0,1.32,BID
1443742110,1535.0,0.6515,BID
1443742111,1535.0,2.0,BID
1443742111,1535.0,2.0,BID
1443742111,1535.0,2.0,BID
1443742111,1535.0,2.0,BID
1443742111,1535.0,0.6515,BID
1443742112,1535.0,0.498,BID
1443742112,1535.0,0.6515,BID
1443742113,1535.0,0.6515,BID
1443742114,1535.0,0.6515,BID
1443742114,1535.0,0.043,BID
1443742115,1535.0,0.6515,BID
1443742116,1535.0,0.167,BID
1443742117,1535.0,0.6515,BID
1443742117,1535.0,0.105,BID
1443742117,1535.0,0.6515,BID
1443742118,1535.0,0.5,BID
1443742118,1535.0,0.6515,BID
1443742118,1535.0,2.58,BID
1443742119,1535.0,4.0,BID
1443742119,1535.0,0.6515,BID
1443742120,1535.0,0.105,BID
1443742120,1535.0,4.0,BID
1443742120,1535.0,0.6515,BID
1443742121,1535.0,0.6515,BID
1443742122,1535.0,0.6515,BID
1443742123,1535.0,0.035,BID
1443742124,1535.0,0.6515,BID
1443742125,1535.0,0.6515,BID
1443742126,1535.0,0.6515,BID
1443742129,1535.0,0.105,BID
1443742130,1535.0,0.2732,BID
1443742132,1535.0,0.105,BID
1443742154,1534.99,0.0105,BID
1443742154,1535.0,2.0611,BID
1443742160,1535.0,0.001,BID
1443742184,1535.0,0.0065,BID
1443742186,1534.98,0.002,ASK
1443742189,1534.93,0.002,ASK
1443742189,1534.93,0.018,ASK
1443742199,1534.98,0.2495,BID
1443742199,1534.99,0.1512,BID
1443742199,1534.99,0.0304,BID
1443742199,1534.99,0.015,BID
1443742199,1534.99,0.04,BID
1443742199,1535.0,0.6939,BID
1443742206,1535.0,0.065,BID
1443742208,1535.0,1.18,BID
1443742243,1534.98,0.001,ASK
1443742243,1534.95,0.04,ASK
1443742243,1534.94,0.05,ASK
1443742243,1534.93,1.0,ASK
1443742243,1534.91,0.04,ASK
1443742243,1534.91,0.049,ASK
1443742255,1534.99,0.04,BID
1443742264,1535.01,0.04,ASK
1443742264,1535.0,0.01,ASK
1443742265,1535.0,0.04,ASK
1443742266,1535.0,0.065,ASK
1443742268,1535.0,0.045,ASK
1443742269,1534.98,11.0,ASK
1443742269,1534.98,2.349,ASK
1443742293,1534.98,0.001,BID
1443742293,1534.98,0.039,BID
1443742293,1534.99,0.105,BID
1443742293,1534.99,0.11,BID
1443742294,1535.01,14.0,BID
1443742294,1535.01,3.5,BID
1443742295,1535.0,0.04,ASK
1443742296,1535.0,0.65,ASK
1443742297,1535.16,0.01,BID
1443742297,1535.21,0.001,BID
1443742297,1535.21,0.001,BID
1443742297,1535.21,0.001,BID
1443742297,1535.21,0.001,BID
1443742297,1535.21,0.001,BID
1443742297,1535.0,0.65,ASK
1443742298,1535.47,0.001,BID
1443742298,1535.47,0.015,ASK
1443742298,1535.01,0.635,ASK
1443742303,1535.21,0.015,ASK
1443742303,1535.7,9.0,ASK
1443742303,1535.7,8.994,ASK
1443742349,1535.03,0.001,ASK
1443742364,1535.48,0.04,ASK
1443742364,1535.47,0.001,ASK
1443742375,1535.53,0.08,ASK
1443742408,1535.47,0.001,BID
1443742408,1535.51,0.003,BID
1443742443,1535.51,0.01,BID
1443742450,1535.02,0.0498,ASK
1443742450,1535.01,0.053,ASK
1443742450,1535.01,0.1614,ASK
1443742450,1535.0,0.0558,ASK
1443742453,1535.52,0.01,BID
1443742460,1535.01,0.0065,ASK
1443742463,1535.5,0.005,ASK
1443742468,1535.01,0.0035,ASK
1443742468,1535.0,0.3765,ASK
1443742493,1535.0,0.825,ASK
1443742495,1535.01,3.0,ASK
1443742495,1535.01,14.027,ASK
1443742496,1535.0,0.811,ASK
1443742500,1535.0,0.641,ASK
1443742500,1535.0,0.01,ASK
1443742507,1535.0,0.105,ASK
1443742519,1535.32,0.0012,BID
1443742557,1535.0,0.01,ASK
1443742672,1535.33,0.001,BID
1443742689,1535.01,0.07,ASK
1443742698,1535.32,0.001,ASK
1443742700,1535.01,0.01,ASK
1443742700,1535.08,0.05,BID
1443742715,1535.02,0.01,ASK
1443742715,1535.01,0.001,ASK
1443742715,1535.01,0.009,ASK
1443742725,1535.32,0.01,BID
1443742726,1535.01,0.03,ASK
1443742727,1535.01,0.01,ASK
1443742731,1535.02,0.005,ASK
1443742742,1535.17,0.02,ASK
1443742744,1535.02,0.005,ASK
1443742744,1535.01,0.1006,ASK
1443742748,1535.01,0.321,ASK
1443742767,1535.01,0.01,ASK
1443742785,1535.01,0.318,ASK
1443742786,1535.01,0.65,ASK
1443742787,1535.01,0.65,ASK
1443742788,1535.01,0.1056,ASK
1443742788,1535.01,0.3764,ASK
1443742788,1535.0,0.2736,ASK
1443742789,1535.0,0.357,ASK
1443742789,1535.0,0.65,ASK
1443742791,1535.16,0.01,BID
1443742792,1535.0,0.315,ASK
1443742793,1535.0,0.498,ASK
1443742793,1535.0,0.001,ASK
1443742793,1535.0,0.001,ASK
1443742793,1535.0,0.001,ASK
1443742793,1535.0,0.001,ASK
1443742793,1535.0,0.001,ASK
1443742793,1535.0,0.001,ASK
1443742793,1535.0,0.001,ASK
1443742793,1535.0,0.001,ASK
1443742793,1535.0,0.001,ASK
1443742793,1534.99,0.001,ASK
1443742821,1534.99,0.01,BID
1443742832,1534.99,0.022,BID
1443742833,1534.99,0.11,BID
1443742833,1534.99,0.33,BID
1443742834,1534.99,0.32,BID
1443742897,1535.02,0.01,ASK
1443742897,1535.01,0.01,ASK
1443742930,1535.17,0.05,ASK
1443742930,1535.01,2.1,ASK
1443742930,1535.0,0.3315,ASK
1443742930,1535.0,0.6515,ASK
1443742930,1534.98,0.001,ASK
1443742930,1534.98,0.001,ASK
1443742930,1534.98,0.001,ASK
1443742930,1534.97,0.001,ASK
1443742930,1534.96,0.001,ASK
1443742930,1534.94,0.001,ASK
1443742930,1534.94,0.001,ASK
1443742930,1534.93,0.001,ASK
1443742930,1534.86,0.004,ASK
1443742930,1534.71,0.001,ASK
1443742930,1534.71,0.001,ASK
1443742930,1534.71,0.001,ASK
1443742930,1534.62,0.002,ASK
1443742930,1534.59,0.001,ASK
1443742930,1534.55,0.002,ASK
1443742930,1534.51,0.111,ASK
1443742930,1534.5,3.1624,ASK
1443742987,1535.01,0.01,BID
1443742988,1535.01,0.0617,BID
1443742988,1535.01,0.0144,BID
1443742988,1535.01,0.1283,BID
1443742990,1535.01,0.04,ASK
1443742991,1535.01,0.65,ASK
1443742992,1535.01,0.65,ASK
1443742994,1535.01,0.5556,ASK
1443743064,1535.0,0.0105,BID
1443743066,1535.0,0.0839,BID
1443743066,1535.0,0.0211,BID
1443743070,1535.0,0.092,BID
1443743077,1535.0,0.105,BID
1443743078,1535.0,0.01,BID
1443743080,1535.0,0.01,BID
1443743080,1535.0,0.105,BID
1443743081,1534.99,14.0,BID
1443743081,1534.99,7.063,BID
1443743082,1535.0,0.01,BID
1443743084,1535.0,0.01,BID
1443743084,1535.0,0.105,BID
1443743084,1535.0,0.001,BID
1443743085,1535.0,0.1809,BID
1443743085,1535.01,0.111,BID
1443743089,1535.01,0.015,ASK
1443743089,1535.0,0.01,BID
1443743098,1535.0,0.01,BID
1443743100,1535.0,0.01,BID
1443743125,1535.0,2.1,BID
1443743136,1535.0,0.0065,BID
1443743145,1535.0,0.105,BID
1443743148,1535.0,0.105,BID
1443743157,1535.0,0.105,BID
1443743164,1535.0,0.01,BID
1443743166,1535.0,0.105,BID
1443743166,1535.0,0.01,BID
1443743167,1535.0,0.2085,BID
1443743171,1535.02,0.01,BID
1443743172,1535.02,0.01,BID
1443743173,1535.02,0.01,BID
1443743175,1535.02,0.01,BID
1443743177,1535.02,0.01,BID
1443743186,1535.02,0.01,BID
1443743188,1535.02,0.01,BID
1443743196,1535.02,0.01,BID
1443743198,1535.02,0.01,BID
1443743200,1535.01,0.01,ASK
1443743207,1535.01,0.05,ASK
1443743208,1535.01,0.055,ASK
1443743208,1535.01,0.3235,ASK
1443743208,1535.01,0.2715,ASK
1443743209,1535.01,0.65,ASK
1443743210,1535.01,0.65,ASK
1443743212,1535.01,0.5285,ASK
1443743212,1535.0,0.001,ASK
1443743251,1535.0,0.01,BID
1443743277,1535.0,0.1105,BID
1443743277,1535.0,0.0325,BID
1443743278,1535.0,0.496,BID
1443743278,1535.01,0.143,BID
1443743279,1535.01,0.109,BID
1443743285,1535.02,0.01,BID
1443743323,1535.02,0.01,BID
1443743363,1535.02,1.18,BID
1443743364,1535.02,0.6515,BID
1443743365,1535.02,0.6515,BID
1443743366,1535.02,0.6515,BID
1443743367,1535.02,0.6515,BID
1443743368,1535.02,0.01,BID
1443743368,1535.02,0.01,BID
1443743368,1535.02,0.6515,BID
1443743369,1535.02,0.6515,BID
1443743370,1535.02,0.01,BID
1443743370,1535.01,0.01,ASK
1443743370,1535.02,0.6515,BID
1443743371,1535.02,0.6515,BID
1443743372,1535.02,0.6515,BID
1443743373,1535.02,0.01,BID
1443743373,1535.02,0.6515,BID
1443743374,1535.02,0.6515,BID
1443743374,1535.02,0.01,BID
1443743375,1535.02,0.6515,BID
1443743376,1535.02,0.01,BID
1443743378,1535.02,0.5,BID
1443743378,1535.02,0.01,BID
1443743424,1535.01,0.52,ASK
1443743425,1535.0,0.01,ASK
1443743425,1535.0,0.0115,ASK
1443743427,1534.99,0.018,ASK
1443743452,1534.99,0.0105,ASK
1443743452,1534.99,0.101,ASK
1443743453,1534.99,0.1085,ASK
1443743453,1534.99,0.01,ASK
1443743453,1534.99,0.2,ASK
1443743453,1534.98,0.0935,ASK
1443743454,1534.98,0.1065,ASK
1443743454,1534.95,0.0035,ASK
1443743458,1534.95,0.01,ASK
1443743460,1534.98,0.01,BID
1443743479,1534.97,0.01,BID
1443743521,1534.98,0.2,BID
1443743596,1534.98,0.0012,BID
1443743608,1534.98,0.0188,BID
1443743608,1534.99,0.01,BID
1443743608,1534.99,0.01,BID
1443743608,1535.0,0.0912,BID
1443743639,1534.73,0.03,ASK
1443743639,1534.72,0.001,ASK
1443743639,1534.7,0.001,ASK
1443743639,1534.52,0.001,ASK
1443743639,1534.51,0.111,ASK
1443743639,1534.5,0.2894,ASK
1443743644,1534.5,0.536,ASK
1443743652,1534.98,0.0011,BID
1443743655,1534.98,0.0289,BID
1443743655,1534.99,0.0115,BID
1443743658,1534.99,0.1596,ASK
1443743778,1535.01,0.0105,BID
1443743801,1534.99,0.0029,ASK
1443743801,1534.99,0.1871,ASK
1443743802,1534.99,0.0029,ASK
1443743804,1534.99,0.01,ASK
1443743804,1534.96,0.0029,ASK
1443743870,1534.54,0.03,ASK
1443743870,1534.53,0.0125,ASK
1443743870,1534.52,0.0075,ASK
1443743895,1534.52,0.18,ASK
1443743900,1534.97,0.001,BID
1443743947,1534.83,0.02,ASK
1443743953,1534.51,0.026,ASK
1443743989,1534.51,3.8664,BID
1443744067,1534.99,0.001,ASK
1443744082,1534.99,0.039,BID
1443744094,1535.0,0.0125,BID
1443744094,1535.01,0.0875,BID
1443744096,1535.01,0.01,BID
1443744097,1535.01,0.01,BID
1443744099,1535.01,0.01,BID
1443744114,1535.01,0.321,BID
1443744114,1535.01,0.321,BID
1443744114,1535.01,0.321,BID
1443744115,1535.01,0.6515,BID
1443744117,1535.01,0.01,BID
1443744137,1535.0,0.1842,ASK
1443744137,1535.0,0.0124,ASK
1443744137,1534.99,0.0134,ASK
1443744138,1534.99,0.1966,ASK
1443744139,1535.01,0.371,BID
1443744139,1535.01,0.0124,BID
1443744139,1535.01,0.1842,BID
1443744139,1535.02,0.6124,BID
1443744141,1535.02,0.2017,BID
1443744142,1535.02,0.01,BID
1443744144,1535.02,0.01,BID
1443744146,1535.02,0.01,BID
1443744148,1535.02,0.01,BID
1443744159,1535.02,2.0,BID
1443744162,1535.02,0.5,BID
1443744165,1535.02,0.106,BID
1443744165,1535.02,0.296,BID
1443744165,1535.02,0.5,BID
1443744166,1535.02,1.0659,BID
1443744173,1535.05,0.0012,ASK
1443744182,1535.05,0.1788,ASK
1443744182,1535.04,0.4341,ASK
1443744182,1535.0,0.0124,ASK
1443744182,1535.0,0.1842,ASK
1443744184,1535.0,0.01,BID
1443744184,1535.0,0.5,BID
1443744185,1535.0,0.43,BID
1443744185,1535.0,0.1339,BID
1443744191,1535.04,0.18,BID
1443744204,1535.14,0.003,BID
1443744204,1535.25,0.001,BID
1443744204,1535.26,0.001,BID
1443744204,1535.26,0.001,BID
1443744204,1535.26,0.001,BID
1443744204,1535.26,0.001,BID
1443744204,1535.26,0.001,BID
1443744204,1535.26,0.001,BID
1443744204,1535.26,0.001,BID
1443744204,1535.26,0.001,BID
1443744204,1535.26,0.001,BID
1443744204,1535.26,0.001,BID
1443744204,1535.26,0.001,BID
1443744204,1535.26,0.001,BID
1443744204,1535.26,0.001,BID
1443744204,1535.26,0.001,BID
1443744204,1535.26,0.001,BID
1443744204,1535.26,0.001,BID
1443744204,1535.26,0.001,BID
1443744204,1535.26,0.001,BID
1443744204,1535.26,0.001,BID
1443744204,1535.26,0.001,BID
1443744204,1535.26,0.001,BID
1443744204,1535.26,0.001,BID
1443744204,1535.26,0.001,BID
1443744204,1535.26,0.001,BID
1443744204,1535.26,0.001,BID
1443744204,1535.26,0.001,BID
1443744207,1535.26,0.001,BID
1443744207,1535.26,0.001,BID
1443744207,1535.26,0.001,BID
1443744207,1535.26,0.001,BID
1443744207,1535.27,0.001,BID
1443744207,1535.27,0.001,BID
1443744207,1535.27,0.001,BID
1443744207,1535.27,0.001,BID
1443744207,1535.27,0.001,BID
1443744218,1535.33,0.004,BID
1443744218,1535.45,0.002,BID
1443744218,1535.5,0.001,BID
1443744218,1535.51,0.001,BID
1443744218,1535.51,0.001,BID
1443744218,1535.52,0.001,BID
1443744218,1535.7,0.001,BID
1443744218,1535.71,0.001,BID
1443744218,1535.71,0.001,BID
1443744218,1535.71,0.001,BID
1443744218,1535.72,0.001,BID
1443744218,1535.93,0.001,BID
1443744218,1535.94,0.001,BID
1443744218,1535.94,0.001,BID
1443744218,1535.95,0.001,BID
1443744218,1535.96,0.001,BID
1443744218,1535.97,0.001,BID
1443744218,1535.98,0.001,BID
1443744218,1535.98,0.001,BID
1443744218,1535.98,0.001,BID
1443744218,1535.99,0.001,BID
1443744218,1535.99,0.0124,BID
1443744218,1535.99,0.045,BID
1443744218,1535.99,0.0176,BID
1443744231,1535.08,0.0011,ASK
1443744286,1535.09,0.001,ASK
1443744316,1535.96,0.001,BID
1443744344,1535.09,0.0029,ASK
1443744367,1535.89,0.1216,BID
1443744367,1535.9,1.8784,BID
1443744398,1535.09,0.001,ASK
1443744399,1535.1,9.0,ASK
1443744399,1535.1,1.437,ASK
1443744420,1535.86,0.08,BID
1443744456,1535.14,0.001,ASK
1443744509,1535.86,0.238,BID
1443744511,1535.15,0.0065,ASK
1443744511,1535.85,10.0,BID
1443744511,1535.85,5.969,BID
1443744513,1535.85,2.0,ASK
1443744513,1535.85,5.0,ASK
1443744513,1535.85,4.147,ASK
1443744565,1535.16,0.001,ASK
1443744735,1535.16,0.029,ASK
1443744737,1535.16,0.02,BID
1443744737,1535.16,0.599,BID
1443744737,1535.16,0.599,BID
1443744737,1535.16,0.4,BID
1443744738,1535.16,0.4,BID
1443744738,1535.16,0.3765,BID
1443744738,1535.16,0.5,BID
1443744738,1535.16,0.026,BID
1443744738,1535.16,0.109,BID
1443744739,1535.16,2.0,BID
1443744739,1535.16,0.02,BID
1443744739,1535.16,0.2,BID
1443744740,1535.16,0.01,BID
1443744741,1535.16,0.01,BID
1443744741,1535.16,0.43,BID
1443744742,1535.16,0.02,BID
1443744742,1535.16,0.5,BID
1443744742,1535.16,0.01,BID
1443744743,1535.16,0.197,BID
1443744744,1535.16,0.043,BID
1443744745,1535.16,0.0154,BID
1443744763,1535.4,0.0046,ASK
1443744763,1535.15,0.0275,ASK
1443744763,1535.14,0.5,ASK
1443744763,1535.14,0.05,ASK
1443744763,1535.08,0.0009,ASK
1443744763,1535.04,0.001,ASK
1443744763,1535.04,0.001,ASK
1443744763,1535.04,0.001,ASK
1443744763,1535.04,0.001,ASK
1443744763,1535.04,0.001,ASK
1443744763,1535.01,0.002,ASK
1443744763,1535.01,0.0942,ASK
1443744763,1535.0,0.001,ASK
1443744763,1535.0,0.001,ASK
1443744763,1535.0,0.001,ASK
1443744763,1535.0,0.001,ASK
1443744763,1535.0,1.8795,ASK
1443744763,1535.0,0.075,ASK
1443744763,1534.99,0.758,ASK
1443744767,1535.56,8.0,ASK
1443744767,1535.56,6.0,ASK
1443744767,1535.56,4.93,ASK
1443744861,1535.48,0.001,BID
1443744891,1535.48,0.01,BID
1443744892,1535.14,0.05,ASK
1443744892,1534.99,0.258,ASK
1443744931,1535.14,0.02,ASK
1443744935,1535.14,0.03,ASK
1443744935,1534.99,0.02,ASK
1443744938,1535.15,0.01,ASK
1443744938,1534.99,0.29,ASK
1443744938,1534.99,0.365,ASK
1443744940,1534.99,0.01,ASK
1443744943,1534.99,0.324,ASK
1443744943,1534.99,0.234,ASK
1443744944,1534.99,0.65,ASK
1443744945,1534.99,0.65,ASK
1443744946,1534.99,0.325,ASK
1443744946,1534.99,0.1208,ASK
1443744946,1535.03,0.02,BID
1443744946,1535.57,0.03,BID
1443744946,1535.57,0.65,ASK
1443744947,1535.57,0.65,ASK
1443744948,1535.57,0.01,ASK
1443744949,1535.57,0.308,ASK
1443744949,1535.57,0.0245,ASK
1443744950,1535.57,0.65,ASK
1443744951,1535.57,2.0,ASK
1443744951,1535.57,0.212,ASK
1443744951,1535.57,0.4,ASK
1443744951,1535.57,0.65,ASK
1443744951,1535.57,0.9585,ASK
1443744951,1535.19,0.001,ASK
1443744951,1534.99,1.6205,ASK
1443744952,1534.99,1.18,ASK
1443744952,1534.99,2.0,ASK
1443744954,1534.99,0.1704,ASK
1443744954,1534.98,0.001,ASK
1443744954,1534.98,0.001,ASK
1443744954,1534.98,0.001,ASK
1443744954,1534.98,0.001,ASK
1443744954,1534.98,0.001,ASK
1443744962,1534.95,0.001,ASK
1443744962,1534.95,0.001,ASK
1443744962,1534.95,0.001,ASK
1443744962,1534.95,0.001,ASK
1443744962,1534.95,0.001,ASK
1443744962,1534.95,0.001,ASK
1443744962,1534.95,0.001,ASK
1443744962,1534.93,0.02,ASK
1443744967,1534.9,0.001,ASK
1443744975,1534.8,0.01,BID
1443744988,1534.75,0.001,ASK
1443744988,1534.75,0.001,ASK
1443744988,1534.75,0.008,ASK
1443745002,1534.79,0.04,BID
1443745002,1534.8,0.009,BID
1443745002,1535.0,0.151,BID
1443745002,1535.5,0.0325,BID
1443745002,1535.51,0.1873,BID
1443745015,1535.5,0.0297,BID
1443745015,1535.51,0.5947,BID
1443745015,1535.51,0.001,BID
1443745015,1535.55,0.0325,BID
1443745015,1535.56,0.65,BID
1443745017,1535.57,0.341,ASK
1443745017,1535.57,0.289,ASK
1443745018,1535.57,0.01,ASK
1443745018,1535.57,0.135,ASK
1443745020,1535.07,0.05,BID
1443745022,1534.8,0.04,ASK
1443745025,1535.07,0.239,BID
1443745025,1535.55,0.0855,BID
1443745025,1535.55,0.0165,BID
1443745025,1535.56,0.65,BID
1443745025,1535.56,0.65,BID
1443745025,1535.58,0.001,BID
1443745025,1535.65,0.001,BID
1443745025,1535.66,0.33,BID
1443745025,1535.74,7.0181,BID
1443745025,1535.75,0.001,BID
1443745025,1535.75,0.001,BID
1443745025,1535.8,1.0069,BID
1443745027,1534.82,3.0,BID
1443745027,1534.82,11.556,BID
1443745071,1535.04,0.01,BID
1443745074,1534.83,0.009,ASK
1443745074,1534.83,0.01,ASK
1443745079,1535.04,0.33,BID
1443745080,1535.04,0.16,BID
1443745082,1535.05,0.02,ASK
1443745083,1535.05,0.01,ASK
1443745083,1535.05,0.3,ASK
1443745083,1535.05,0.03,ASK
1443745086,1535.05,0.1041,ASK
1443745088,1535.05,0.0259,ASK
1443745088,1535.03,0.001,ASK
1443745154,1534.95,0.0131,BID
1443745154,1535.03,0.4042,BID
1443745188,1534.87,0.02,ASK
1443745201,1534.95,0.0065,ASK
1443745201,1534.87,0.02,ASK
1443745201,1534.73,0.001,ASK
1443745201,1534.67,0.002,ASK
1443745201,1534.65,0.001,ASK
1443745201,1534.59,0.001,ASK
1443745201,1534.58,0.001,ASK
1443745201,1534.57,0.001,ASK
1443745201,1534.57,0.001,ASK
1443745201,1534.51,0.001,ASK
1443745201,1534.51,0.001,ASK
1443745201,1534.51,0.001,ASK
1443745201,1534.51,0.017,ASK
1443745201,1534.51,0.014,ASK
1443745201,1534.5,0.001,ASK
1443745201,1534.47,0.001,ASK
1443745201,1534.45,0.001,ASK
1443745201,1534.44,0.001,ASK
1443745201,1534.41,0.019,ASK
1443745201,1534.39,0.2289,ASK
1443745201,1534.36,0.002,ASK
1443745201,1534.32,0.0076,ASK
1443745208,1534.32,0.0084,ASK
1443745208,1534.32,0.3216,ASK
1443745220,1535.02,0.008,BID
1443745249,1535.02,0.03,BID
1443745285,1535.02,0.02,ASK
1443745307,1535.02,0.0065,ASK
1443745308,1535.03,0.01,BID
1443745313,1535.02,0.35,ASK
1443745314,1535.02,0.65,ASK
1443745315,1535.02,0.65,ASK
1443745316,1535.02,0.65,ASK
1443745317,1535.02,0.65,ASK
1443745318,1535.02,0.65,ASK
1443745319,1535.02,0.65,ASK
1443745320,1535.02,0.65,ASK
1443745321,1535.02,0.65,ASK
1443745322,1535.02,0.65,ASK
1443745322,1535.03,0.01,BID
1443745323,1535.02,0.02,ASK
1443745323,1535.02,0.65,ASK
1443745324,1535.02,0.65,ASK
1443745325,1535.02,0.65,ASK
1443745325,1535.02,0.001,ASK
1443745326,1535.02,0.65,ASK
1443745327,1535.02,0.65,ASK
1443745328,1535.02,0.65,ASK
1443745328,1535.02,0.3216,ASK
1443745329,1535.02,0.65,ASK
1443745330,1535.03,0.001,BID
1443745330,1535.02,0.65,ASK
1443745331,1535.02,0.65,ASK
1443745332,1535.02,0.65,ASK
1443745333,1535.02,0.65,ASK
1443745334,1535.02,0.2519,ASK
1443745334,1535.02,0.001,ASK
1443745334,1535.01,0.001,ASK
1443745334,1535.01,0.001,ASK
1443745340,1535.01,0.226,BID
1443745365,1535.01,0.0029,BID
1443745406,1535.01,0.1662,BID
1443745406,1535.01,0.0538,BID
1443745428,1535.01,0.22,BID
1443745438,1535.01,0.01,BID
1443745457,1535.0,0.001,ASK
1443745460,1534.96,0.01,ASK
1443745469,1535.0,2.2803,BID
1443745470,1534.97,0.5,BID
1443745470,1535.0,0.1515,BID
1443745470,1535.0,0.4,BID
1443745485,1534.99,0.001,BID
1443745530,1534.99,0.009,BID
1443745534,1535.0,0.628,ASK
1443745537,1535.0,0.58,ASK
1443745538,1535.0,0.108,ASK
1443745538,1535.0,0.6294,ASK
1443745546,1534.99,0.0011,BID
1443745576,1534.75,0.04,ASK
1443745576,1534.74,0.001,ASK
1443745576,1534.74,0.001,ASK
1443745580,1534.72,0.01,BID
1443745582,1534.72,0.01,BID
1443745592,1534.72,0.018,BID
1443745601,1534.74,0.01,BID
1443745602,1534.73,0.01,ASK
1443745603,1534.73,0.01,ASK
1443745604,1534.74,0.01,BID
1443745605,1534.74,0.0065,BID
1443745610,1534.74,0.0135,BID
1443745610,1534.74,0.01,BID
1443745610,1534.74,0.01,BID
1443745610,1534.75,0.0265,BID
1443745611,1534.72,0.3812,ASK
1443745612,1534.73,5.0,BID
1443745612,1534.73,4.176,BID
1443745612,1534.72,0.4399,ASK
1443745613,1534.71,0.01,BID
1443745614,1534.71,0.01,BID
1443745616,1534.71,0.01,BID
1443745619,1534.68,0.001,ASK
1443745619,1534.68,0.001,ASK
1443745619,1534.68,0.001,ASK
1443745619,1534.68,0.001,ASK
1443745619,1534.68,0.001,ASK
1443745619,1534.68,0.001,ASK
1443745620,1534.67,0.004,BID
1443745620,1534.71,0.006,BID
1443745624,1534.71,0.1741,BID
1443745624,1534.71,0.65,BID
1443745624,1534.71,0.04,BID
1443745632,1534.75,0.01,BID
1443745634,1534.75,0.01,BID
1443745637,1534.75,0.01,BID
1443745655,1534.75,0.001,BID
1443745659,1534.72,0.38,ASK
1443745660,1534.72,0.2716,ASK
1443745660,1534.71,0.3784,BID
1443745660,1534.75,0.4725,BID
1443745661,1534.75,0.01,ASK
1443745661,1534.75,0.65,ASK
1443745661,1534.75,0.9817,ASK
1443745664,1534.73,0.0012,BID
1443745667,1534.69,0.01,ASK
1443745722,1534.72,0.0038,BID
1443745731,1534.69,0.03,ASK
1443745731,1534.68,0.001,ASK
1443745731,1534.68,0.001,ASK
1443745731,1534.68,0.04,ASK
1443745731,1534.66,0.29,ASK
1443745732,1534.66,0.03,ASK
1443745733,1534.66,0.01,ASK
1443745733,1534.6,0.015,ASK
1443745733,1534.56,0.001,ASK
1443745733,1534.5,0.014,ASK
1443745735,1534.51,0.001,BID
1443745745,1534.5,0.01,ASK
1443745754,1534.5,0.04,ASK
1443745755,1534.5,0.65,ASK
1443745756,1534.5,0.6026,ASK
1443745757,1534.49,0.01,BID
1443745760,1534.49,0.0374,BID
1443745760,1534.49,0.3226,BID
1443745760,1534.49,0.3274,BID
1443745775,1534.67,0.001,BID
1443745778,1534.65,0.01,BID
1443745780,1534.57,0.001,ASK
1443745780,1534.5,0.009,ASK
1443745784,1534.68,0.0043,BID
1443745842,1534.68,0.0257,BID
1443745842,1534.7,0.04,BID
1443745842,1534.73,0.1101,BID
1443745844,1534.73,0.019,ASK
1443745845,1534.73,0.4552,ASK
1443745854,1534.69,0.0257,ASK
1443745854,1534.66,0.04,ASK
1443745854,1534.65,0.005,ASK
1443745854,1534.57,0.001,ASK
1443745854,1534.57,0.001,ASK
1443745857,1534.54,0.001,BID
1443745858,1534.52,13.383,BID
1443745861,1534.68,0.0257,BID
1443745861,1534.71,0.0188,BID
1443745861,1534.72,0.4742,BID
1443745864,1534.72,0.0194,ASK
1443745865,1534.72,0.0149,ASK
1443745868,1534.55,0.0194,BID
1443745868,1534.81,0.04,BID
1443745868,1534.82,0.2706,BID
1443745880,1534.82,0.0594,BID
1443745883,1534.88,0.002,BID
1443745883,1534.99,0.0195,BID
1443745883,1534.99,0.6103,BID
1443745899,1534.99,0.0397,BID
1443745969,1534.73,0.221,ASK
1443745986,1534.75,0.04,ASK
1443745986,1534.74,0.0215,ASK
1443745986,1534.73,0.0465,ASK
1443746008,1534.95,0.08,ASK
1443746008,1534.74,0.0191,ASK
1443746008,1534.73,0.0089,ASK
1443746018,1534.74,0.0191,ASK
1443746018,1534.73,0.0109,ASK
1443746259,1534.93,0.001,BID
1443746319,1534.93,0.001,BID
1443746500,1534.93,0.038,BID
1443746500,1534.94,0.08,BID
1443746500,1535.08,0.002,BID
1443746500,1535.25,0.001,BID
1443746500,1535.26,0.001,BID
1443746500,1535.32,0.0165,BID
1443746500,1535.33,0.33,BID
1443746500,1535.39,0.002,BID
1443746500,1535.44,0.001,BID
1443746500,1535.45,0.001,BID
1443746500,1535.45,0.001,BID
1443746500,1535.46,0.0018,BID
1443746500,1535.56,0.001,BID
1443746500,1535.57,0.001,BID
1443746500,1535.57,0.001,BID
1443746500,1535.57,0.001,BID
1443746500,1535.57,0.001,BID
1443746500,1535.57,0.001,BID
1443746500,1535.57,0.001,BID
1443746500,1535.58,0.001,BID
1443746500,1535.58,0.001,BID
1443746500,1535.59,0.001,BID
1443746500,1535.59,0.001,BID
1443746500,1535.59,0.001,BID
1443746500,1535.59,0.001,BID
1443746500,1535.59,0.001,BID
1443746500,1535.63,0.001,BID
1443746500,1535.65,0.0165,BID
1443746500,1535.66,0.33,BID
1443746500,1535.68,0.001,BID
1443746500,1535.68,0.001,BID
1443746500,1535.68,0.001,BID
1443746500,1535.68,0.001,BID
1443746500,1535.68,0.001,BID
1443746500,1535.68,0.001,BID
1443746500,1535.68,0.001,BID
1443746500,1535.68,0.001,BID
1443746500,1535.73,0.001,BID
1443746500,1535.74,0.001,BID
1443746500,1535.74,0.001,BID
1443746500,1535.78,0.001,BID
1443746500,1535.79,0.0267,BID
1443746500,1535.8,0.8726,BID
1443746500,1535.85,0.2519,BID
1443746504,1535.84,13.808,BID
1443746505,1534.68,12.0,BID
1443746505,1534.68,1.984,BID
1443746552,1534.67,0.002,ASK
1443746585,1534.67,1.1253,BID
1443746698,1534.59,0.001,ASK
1443746698,1534.59,0.001,ASK
1443746698,1534.59,0.001,ASK
1443746698,1534.59,0.001,ASK
1443746698,1534.59,0.001,ASK
1443746698,1534.58,0.001,ASK
1443746698,1534.58,0.001,ASK
1443746698,1534.51,0.0321,ASK
1443746698,1534.5,0.0286,ASK
1443746722,1534.5,0.6141,ASK
1443746771,1534.5,0.001,BID
1443746873,1534.5,0.1871,BID
1443746907,1534.67,0.001,BID
1443746910,1534.5,1.1192,ASK
1443746943,1534.5,2.8803,BID
1443746943,1534.67,3.8717,BID
1443747112,1534.67,1.748,ASK
1443747125,1534.67,0.626,BID
1443747169,1534.67,2.0,BID
1443747226,1534.67,0.4199,BID
1443747319,1534.67,0.01,BID
1443747364,1534.67,0.196,BID
1443747364,1535.9,0.001,BID
1443747364,1535.95,0.001,BID
1443747364,1535.95,0.001,BID
1443747364,1535.95,0.001,BID
1443747364,1535.95,0.001,BID
1443747364,1535.95,0.001,BID
1443747364,1535.95,0.001,BID
1443747364,1535.97,0.002,BID
1443747364,1535.98,0.001,BID
1443747364,1535.98,0.001,BID
1443747364,1535.98,0.001,BID
1443747364,1535.98,0.001,BID
1443747364,1535.98,0.001,BID
1443747364,1535.99,0.33,BID
1443747364,1536.0,0.3,BID
1443747364,1536.0,0.8388,BID
1443747364,1536.0,0.001,BID
1443747364,1536.0,0.001,BID
1443747364,1536.0,0.001,BID
1443747364,1536.0,0.001,BID
1443747364,1536.0,0.001,BID
1443747364,1536.0,0.001,BID
1443747364,1536.0,0.001,BID
1443747364,1536.0,0.001,BID
1443747364,1536.0,0.001,BID
1443747364,1536.0,0.001,BID
1443747364,1536.0,0.001,BID
1443747364,1536.0,0.001,BID
1443747364,1536.0,0.001,BID
1443747364,1536.01,0.001,BID
1443747364,1536.01,0.001,BID
1443747364,1536.01,0.001,BID
1443747364,1536.01,0.004,BID
1443747364,1536.04,0.001,BID
1443747364,1536.04,0.001,BID
1443747364,1536.04,0.001,BID
1443747364,1536.04,0.001,BID
1443747364,1536.04,0.001,BID
1443747364,1536.14,0.012,BID
1443747364,1536.16,0.016,BID
1443747364,1536.19,0.001,BID
1443747364,1536.28,0.012,BID
1443747364,1536.33,0.33,BID
1443747364,1536.38,0.03,BID
1443747364,1536.39,0.001,BID
1443747364,1536.4,0.016,BID
1443747364,1536.42,0.014,BID
1443747364,1536.44,0.014,BID
1443747364,1536.46,0.049,BID
1443747364,1536.55,0.018,BID
1443747364,1536.56,0.001,BID
1443747364,1536.56,0.018,BID
1443747364,1536.59,0.001,BID
1443747364,1536.59,0.001,BID
1443747364,1536.59,0.001,BID
1443747364,1536.59,0.001,BID
1443747364,1536.59,0.001,BID
1443747364,1536.61,0.016,BID
1443747364,1536.62,0.0498,BID
1443747364,1536.63,0.111,BID
1443747364,1536.64,12.9419,BID
1443747364,1536.65,0.507,BID
1443747369,1534.45,0.001,ASK
1443747399,1534.45,3.3592,BID
1443747606,1536.5,1.302,BID
1443747612,1536.5,0.65,BID
1443747648,1534.45,0.8408,ASK
1443747688,1534.43,0.02,ASK
1443747689,1534.43,4.0,BID
1443747692,1534.36,0.0165,ASK
1443747692,1534.35,0.1535,ASK
1443747699,1534.43,0.001,BID
1443747800,1534.43,1.053,BID
1443747800,1536.4,4.0,BID
1443747800,1536.5,3.0308,BID
1443747800,1536.65,7.1094,BID
1443747800,1536.66,0.7238,BID
1443747800,1536.66,0.5993,BID
1443747800,1536.66,0.001,BID
1443747800,1536.66,0.001,BID
1443747800,1536.66,0.001,BID
1443747800,1536.66,0.001,BID
1443747800,1536.66,0.001,BID
1443747800,1536.66,0.001,BID
1443747800,1536.66,0.001,BID
1443747800,1536.66,0.001,BID
1443747800,1536.66,0.001,BID
1443747800,1536.66,0.001,BID
1443747800,1536.66,0.001,BID
1443747800,1536.66,0.33,BID
1443747800,1536.67,0.001,BID
1443747800,1536.67,0.001,BID
1443747800,1536.67,3.962,BID
1443747826,1536.67,0.4973,BID
1443747838,1534.35,0.1765,ASK
1443747839,1534.35,0.0062,BID
1443747842,1534.35,0.5194,BID
1443747941,1536.4,0.1953,BID
1443747964,1536.4,0.3241,BID
1443747971,1536.4,0.04,ASK
1443748162,1536.67,1.4668,BID
1443748181,1536.67,3.0,ASK
1443748248,1536.67,3.9936,ASK
1443748248,1536.67,1.0064,ASK
1443748271,1536.67,1.0936,ASK
1443748273,1536.67,0.8454,BID
1443748324,1536.4,3.8665,ASK
1443748550,1534.44,0.1657,ASK
1443748695,1534.43,0.034,ASK
1443748695,1534.34,0.0165,ASK
1443748695,1534.33,0.33,ASK
1443748695,1534.28,0.002,ASK
1443748695,1534.27,0.001,ASK
1443748695,1534.27,0.001,ASK
1443748695,1534.27,0.001,ASK
1443748695,1534.27,0.001,ASK
1443748695,1534.27,0.001,ASK
1443748695,1534.26,0.001,ASK
1443748695,1534.26,0.001,ASK
1443748695,1534.26,0.001,ASK
1443748695,1534.26,0.001,ASK
1443748695,1534.26,0.001,ASK
1443748695,1534.26,0.001,ASK
1443748695,1534.26,0.001,ASK
1443748695,1534.26,0.001,ASK
1443748695,1534.26,0.001,ASK
1443748695,1534.26,0.001,ASK
1443748695,1534.26,0.001,ASK
1443748695,1534.26,0.001,ASK
1443748695,1534.26,0.001,ASK
1443748695,1534.26,0.001,ASK
1443748695,1534.26,0.001,ASK
1443748695,1534.26,0.001,ASK
1443748695,1534.26,0.001,ASK
1443748695,1534.26,0.001,ASK
1443748695,1534.26,0.001,ASK
1443748695,1534.26,0.001,ASK
1443748695,1534.26,0.001,ASK
1443748695,1534.26,0.001,ASK
1443748695,1534.26,0.001,ASK
1443748695,1534.26,0.001,ASK
1443748695,1534.26,0.001,ASK
1443748695,1534.26,0.001,ASK
1443748695,1534.26,0.001,ASK
1443748695,1534.26,0.001,ASK
1443748695,1534.26,0.001,ASK
1443748695,1534.26,0.001,ASK
1443748695,1534.26,0.001,ASK
1443748695,1534.26,0.017,ASK
1443748695,1534.26,0.3245,ASK
1443748698,1534.27,5.0,ASK
1443748698,1534.27,9.809,ASK
1443748965,1534.44,0.2872,BID
1443748965,1536.0,5.0,BID
1443748965,1536.39,0.1657,BID
1443748965,1536.4,1.1335,BID
1443748965,1536.67,0.061,BID
1443748965,1536.68,0.001,BID
1443748965,1536.68,0.001,BID
1443748965,1536.68,0.001,BID
1443748965,1536.7,0.001,BID
1443748965,1536.7,0.001,BID
1443748965,1536.7,0.014,BID
1443748965,1536.71,0.001,BID
1443748965,1536.71,0.001,BID
1443748965,1536.72,0.001,BID
1443748965,1536.72,0.001,BID
1443748965,1536.75,0.001,BID
1443748965,1536.75,0.001,BID
1443748965,1536.75,0.001,BID
1443748965,1536.75,0.001,BID
1443748965,1536.75,0.001,BID
1443748965,1536.75,0.001,BID
1443748965,1536.75,0.001,BID
1443748965,1536.75,0.001,BID
1443748965,1536.75,0.001,BID
1443748965,1536.75,0.001,BID
1443748965,1536.75,0.001,BID
1443748965,1536.75,0.001,BID
1443748965,1536.75,0.001,BID
1443748965,1536.75,0.001,BID
1443748965,1536.75,0.001,BID
1443748965,1536.75,0.001,BID
1443748965,1536.75,0.001,BID
1443748965,1536.76,0.001,BID
1443748965,1536.76,0.001,BID
1443748965,1536.76,0.001,BID
1443748965,1536.76,0.001,BID
1443748965,1536.76,0.001,BID
1443748965,1536.76,0.001,BID
1443748965,1536.76,0.001,BID
1443748965,1536.76,0.001,BID
1443748965,1536.77,0.001,BID
1443748965,1536.77,0.001,BID
1443748965,1536.77,0.001,BID
1443748965,1536.77,0.001,BID
1443748965,1536.77,0.001,BID
1443748965,1536.77,0.001,BID
1443748965,1536.78,0.001,BID
1443748965,1536.81,0.001,BID
1443748965,1536.82,0.1,BID
1443748965,1536.83,0.001,BID
1443748965,1536.83,0.001,BID
1443748965,1536.83,0.001,BID
1443748965,1536.83,0.001,BID
1443748965,1536.99,0.001,BID
1443748965,1536.99,0.001,BID
1443748965,1536.99,0.001,BID
1443748965,1536.99,0.001,BID
1443748965,1536.99,0.001,BID
1443748965,1536.99,0.1876,BID
1443748967,1534.27,10.0,BID
1443748967,1534.27,3.184,BID
1443749074,1536.99,0.1424,BID
1443749074,1537.0,0.053,BID
1443749104,1536.99,10.9304,ASK
1443749104,1534.44,0.521,ASK
1443749105,1534.26,0.913,BID
1443749110,1534.26,0.327,BID
1443749115,1534.26,0.677,BID
1443749125,1534.26,0.0065,BID
1443749127,1534.26,0.2291,BID
1443749162,1534.26,0.337,ASK
1443749162,1534.26,0.2291,ASK
1443749172,1534.26,0.1698,ASK
1443749187,1534.26,0.001,ASK
1443749206,1534.26,0.5661,ASK
1443749219,1534.26,0.3396,ASK
1443749225,1534.26,0.0765,ASK
1443749225,1534.26,0.0933,ASK
1443749231,1534.26,0.1132,ASK
1443749249,1534.26,0.5661,ASK
1443749262,1534.26,0.2163,ASK
1443749262,1534.26,0.3498,ASK
1443749267,1534.26,0.5661,ASK
1443749292,1534.5,3.2584,ASK
1443749292,1534.27,0.1659,ASK
1443749292,1534.26,1.1423,ASK
1443749292,1534.26,0.8334,ASK
1443749312,1534.53,0.5,ASK
1443749312,1534.26,2.0418,ASK
1443749350,1537.0,0.247,BID
1443749350,1537.0,1.51,BID
1443749350,1537.03,0.001,BID
1443749350,1537.04,0.001,BID
1443749350,1537.04,0.3245,BID
1443749350,1537.05,0.001,BID
1443749350,1537.05,0.001,BID
1443749350,1537.05,0.001,BID
1443749350,1537.05,0.0837,BID
1443749350,1537.07,0.001,BID
1443749350,1537.07,0.001,BID
1443749350,1537.09,0.001,BID
1443749350,1537.09,0.001,BID
1443749350,1537.1,0.001,BID
1443749350,1537.1,0.001,BID
1443749350,1537.1,0.001,BID
1443749350,1537.1,0.001,BID
1443749350,1537.19,0.0718,BID
1443749350,1537.23,0.008,BID
1443749350,1537.24,0.001,BID
1443749350,1537.25,0.0232,BID
1443749350,1537.31,0.001,BID
1443749350,1537.32,0.001,BID
1443749350,1537.33,0.33,BID
1443749350,1537.35,0.001,BID
1443749350,1537.39,0.001,BID
1443749350,1537.41,0.001,BID
1443749350,1537.42,0.001,BID
1443749350,1537.5,0.001,BID
1443749350,1537.5,0.001,BID
1443749350,1537.5,0.001,BID
1443749350,1537.5,0.001,BID
1443749350,1537.5,0.001,BID
1443749350,1537.53,2.16,BID
1443749350,1537.54,2.3768,BID
1443749497,1534.3,5.0,ASK
1443749497,1534.3,1.3187,ASK
1443749508,1536.97,0.5,BID
1443749510,1536.97,1.417,ASK
1443749512,1536.97,0.323,ASK
1443749517,1536.97,0.177,ASK
1443749587,1537.53,0.1659,BID
1443749587,1537.54,0.3371,BID
1443749592,1537.54,0.882,BID
1443749600,1537.54,0.127,BID
1443749606,1537.54,1.5,BID
1443749611,1537.54,1.5,BID
1443749615,1537.54,0.804,BID
1443749618,1537.54,0.804,BID
1443749635,1537.54,1.5,BID
1443749639,1537.54,0.43,BID
1443749664,1537.54,1.5,BID
1443749809,1536.97,1.1618,ASK
1443749817,1536.97,0.259,BID
1443749875,1534.54,2.085,ASK
1443749875,1534.46,4.715,ASK
1443750008,1536.95,0.533,BID
1443750011,1536.95,0.375,ASK
1443750013,1536.95,1.5,ASK
1443750016,1536.95,1.5,ASK
1443750028,1536.95,0.321,ASK
1443750091,1537.5,2.211,BID
1443750102,1536.95,0.0001,ASK
1443750139,1534.46,4.5714,ASK
1443750276,1535.0,3.7535,ASK
1443750353,1537.4,4.715,BID
1443750353,1537.4,4.5714,BID
1443750353,1537.5,3.089,BID
1443750353,1537.5,0.21,BID
1443750364,1535.0,0.3694,ASK
1443750436,1535.0,0.4198,BID
1443750523,1535.0,0.346,BID
1443750527,1535.0,0.83,BID
1443750563,1535.0,0.3448,BID
1443750647,1537.0,0.4175,BID
1443750647,1537.5,1.6825,BID
1443750778,1536.97,0.5,BID
1443750853,1536.97,4.0544,ASK
1443750872,1536.8,0.1234,BID
1443750873,1537.4,1.5,ASK
1443750876,1537.4,0.895,ASK
1443750879,1537.4,0.0002,ASK
1443750925,1536.97,2.147,BID
1443750985,1535.02,2.0,ASK
1443750985,1535.02,0.851,ASK
1443751089,1535.02,3.174,ASK
1443751121,1535.02,0.001,ASK
1443751151,1536.94,0.5,BID
1443751154,1536.94,1.5,ASK
1443751156,1536.94,1.5,ASK
1443751163,1536.94,0.151,ASK
1443751165,1536.94,0.059,ASK
1443751167,1536.99,10.0,ASK
1443751167,1536.99,8.634,ASK
1443751168,1536.94,0.239,ASK
1443751191,1535.02,0.1001,ASK
1443751192,1535.02,1.1747,ASK
1443751192,1535.02,1.5518,ASK
1443751201,1536.94,4.25,BID
1443751214,1535.02,0.06,ASK
1443751252,1535.1,0.091,ASK
1443751295,1536.94,1.537,BID
1443751295,1536.94,0.6747,BID
1443751295,1536.94,2.8866,BID
1443751482,1536.94,0.3063,ASK
1443751483,1537.0,5.701,BID
1443751483,1537.0,5.0,BID
1443751485,1537.0,2.0822,ASK
1443751511,1537.5,1.6,BID
1443751517,1537.0,0.0306,ASK
1443751557,1537.5,3.5075,BID
1443751557,1537.54,4.297,BID
1443751675,1537.54,4.232,BID
1443751691,1537.0,18.4009,ASK
1443751691,1537.0,26.0107,ASK
1443751724,1537.0,2.8901,BID
1443751729,1536.94,3.0537,ASK
1443751948,1536.9,5.8565,BID
1443751959,1536.89,4.2,BID
1443751991,1535.2,2.3119,ASK
1443751992,1535.2,0.5,BID
1443751994,1535.2,0.619,BID
1443752005,1535.2,0.0007,BID
1443752005,1536.89,0.603,BID
1443752005,1536.9,7.3964,BID
1443752005,1536.94,3.0499,BID
1443752005,1537.0,5.0,BID
1443752005,1537.54,48.995,BID
1443752051,1535.11,0.6359,ASK
1443752104,1535.11,1.2625,ASK
1443752172,1537.5,0.45,BID
1443752187,1535.14,0.001,ASK
1443752260,1535.2,0.001,ASK
1443752260,1535.14,0.499,ASK
1443752262,1535.14,0.922,BID
1443752269,1535.14,0.0009,BID
1443752269,1535.14,0.5601,BID
1443752272,1535.14,0.492,BID
1443752274,1535.14,3.8049,BID
1443752400,1535.5,0.0074,BID
1443752467,1535.5,0.4117,ASK
1443752468,1535.5,0.363,BID
1443752470,1535.49,10.951,BID
1443752471,1535.5,1.5,BID
1443752474,1535.5,0.808,BID
1443752493,1535.21,3.2918,ASK
1443752507,1535.5,0.13,BID
1443752518,1535.5,0.001,BID
1443752582,1535.5,0.6846,BID
1443752627,1535.52,0.448,ASK
1443752627,1535.5,7.5055,ASK
1443752627,1535.5,0.1,ASK
1443752631,1535.5,0.366,BID
1443752637,1535.5,0.77,BID
1443752639,1535.5,0.6751,BID
1443752692,1536.38,0.15,BID
1443752709,1535.21,0.368,ASK
1443752711,1536.38,4.1386,BID
1443752738,1536.38,0.547,ASK
1443752748,1536.38,0.0008,ASK
1443752816,1536.0,1.0061,ASK
1443752819,1536.0,1.4731,ASK
1443752824,1536.0,0.5759,ASK
1443752829,1536.0,0.57,ASK
1443752863,1536.9,0.651,BID
1443752865,1536.9,2.6408,BID
1443752865,1536.9,1.8156,BID
1443752865,1537.0,5.0,BID
1443752865,1537.0,1.91,BID
1443752945,1536.87,0.004,BID
1443753005,1536.01,0.4798,ASK
1443753023,1536.01,0.319,ASK
1443753151,1536.87,0.496,BID
1443753151,1536.87,0.7988,BID
1443753151,1536.9,1.828,BID
1443753164,1536.02,0.1661,ASK
1443753164,1536.02,0.001,ASK
1443753164,1536.01,4.3123,ASK
1443753164,1536.01,0.171,ASK
1443753164,1536.0,55.9253,ASK
1443753189,1536.84,0.5,BID
1443753189,1536.9,6.788,BID
1443753204,1536.87,4.3123,BID
1443753204,1536.9,5.384,BID
1443753204,1536.99,40.0,BID
1443753204,1537.0,5.0,BID
1443753204,1537.0,5.0,BID
1443753204,1537.5,5.0,BID
1443753204,1537.5,0.365,BID
1443753243,1536.84,0.432,BID
1443753244,1536.84,0.397,ASK
1443753246,1536.84,0.4723,ASK
1443753274,1536.02,1.238,BID
1443753307,1536.02,0.0006,BID
1443753323,1536.84,0.3,ASK
1443753325,1536.82,0.0994,ASK
1443753445,1536.81,0.001,BID
1443753445,1536.82,0.2006,BID
1443753445,1536.91,0.171,BID
1443753445,1537.49,0.1661,BID
1443753445,1537.5,0.3669,BID
1443753487,1537.5,0.8455,BID
1443753506,1536.01,0.0257,ASK
1443753606,1536.01,0.1662,ASK
1443753606,1536.0,0.2685,ASK
1443753609,1536.0,0.742,ASK
1443753617,1536.0,0.28,ASK
1443753619,1536.0,0.4669,ASK
1443753660,1536.0,0.6669,ASK
1443753743,1536.1,0.0816,ASK
1443753787,1537.47,0.0257,BID
1443753787,1537.48,0.0491,BID
1443753787,1537.49,0.1662,BID
1443753787,1537.5,3.4226,BID
1443753787,1537.5,0.7965,BID
1443753787,1537.54,4.3899,BID
1443753820,1536.11,0.2496,ASK
1443753859,1536.1,0.9184,ASK
1443753859,1536.0,2.0816,ASK
1443753905,1536.1,1.0,ASK
1443753906,1536.1,0.5,BID
1443753908,1536.1,0.9863,BID
1443753917,1536.9,10.58,BID
1443753917,1537.0,0.3088,BID
1443753917,1537.54,19.7145,BID
1443753918,1537.0,0.001,ASK
1443753925,1536.86,0.2496,BID
1443753925,1536.87,0.3734,BID
1443753926,1537.0,7.267,ASK
1443753927,1537.0,0.31,ASK
1443753929,1537.01,0.5115,ASK
1443753929,1537.0,0.0605,ASK
1443753931,1537.0,0.49,ASK
1443753932,1537.0,0.279,ASK
1443753959,1537.0,4.6328,ASK
1443754008,1537.0,0.413,BID
1443754010,1537.0,0.372,BID
1443754011,1536.99,3.0,BID
1443754011,1536.99,5.387,BID
1443754026,1536.02,1.0,ASK
1443754027,1536.02,0.5,BID
1443754029,1536.02,0.668,BID
1443754031,1536.02,0.01,BID
1443754032,1536.02,0.529,BID
1443754035,1536.02,0.7,BID
1443754037,1536.02,0.364,BID
1443754039,1536.02,0.48,BID
1443754039,1536.02,0.545,BID
1443754042,1536.02,0.59,BID
1443754056,1536.02,5.1188,BID
1443754061,1536.01,0.6032,ASK
1443754063,1536.02,0.4431,BID
1443754063,1536.02,0.723,BID
1443754095,1536.02,0.0221,ASK
1443754098,1536.03,0.001,ASK
1443754108,1536.03,0.001,ASK
1443754226,1537.0,0.001,ASK
1443754226,1537.0,0.001,ASK
1443754226,1536.05,0.662,ASK
1443754258,1536.99,1.1882,BID
1443754258,1537.0,3.6898,BID
1443754328,1537.0,8.0496,BID
1443754444,1537.0,0.2783,ASK
1443754485,1536.07,1.0,ASK
1443754485,1536.07,0.001,BID
1443754490,1536.07,0.001,BID
1443754504,1536.07,0.258,BID
1443754517,1536.08,1.0,ASK
1443754536,1536.09,1.0,ASK
1443754536,1536.08,0.266,ASK
1443754536,1536.07,1.8279,ASK
1443754536,1537.0,0.7117,BID
1443754536,1537.0,0.167,BID
1443754536,1537.5,1.5327,BID
1443754539,1536.07,0.03,ASK
1443754545,1537.48,0.504,BID
1443754577,1537.0,0.508,ASK
1443754607,1537.48,0.0075,BID
1443754607,1537.49,1.266,BID
1443754607,1537.5,3.5861,BID
1443754607,1537.5,10.0,BID
1443754607,1537.54,5.1404,BID
1443754608,1537.54,13.0,BID
1443754612,1537.0,0.142,ASK
1443754629,1536.99,0.069,BID
1443754632,1536.99,0.48,ASK
1443754634,1536.99,0.398,ASK
1443754638,1536.99,0.748,ASK
1443754640,1536.99,0.534,ASK
1443754643,1536.99,0.538,ASK
1443754705,1537.46,0.001,BID
1443754722,1537.46,0.299,BID
1443754722,1537.5,13.0,BID
1443754723,1537.5,0.3,ASK
1443754725,1537.5,0.44,ASK
1443754731,1537.5,0.1,ASK
1443754739,1537.5,0.02,ASK
1443754766,1537.5,0.03,ASK
1443754774,1537.5,0.06,ASK
1443754787,1537.51,0.08,ASK
1443754802,1537.52,0.325,ASK
1443754806,1537.52,0.16,ASK
1443754812,1537.52,0.46,ASK
1443754825,1537.52,0.321,ASK
1443754825,1537.51,3.447,ASK
1443754832,1537.51,0.14,ASK
1443754845,1537.51,0.5,ASK
1443754852,1537.51,0.09,ASK
1443754891,1537.51,0.03,ASK
1443754905,1537.53,1.266,BID
1443754911,1537.54,1.266,BID
1443754917,1537.53,0.37,ASK
1443754921,1537.53,1.266,ASK
1443754927,1537.54,1.266,BID
1443754939,1537.53,1.266,ASK
1443754945,1537.54,1.266,BID
1443754947,1537.53,0.13,ASK
1443754956,1537.53,1.266,ASK
1443754962,1537.54,1.266,BID
1443754974,1537.53,0.187,ASK
1443754994,1537.53,0.363,BID
1443755014,1537.53,0.0566,BID
1443755103,1537.53,0.6594,BID
1443755103,1537.54,10.1338,BID
1443755129,1537.52,1.266,ASK
1443755129,1537.51,0.3345,ASK
1443755134,1537.53,1.1992,BID
1443755137,1537.51,1.3166,ASK
1443755163,1537.51,0.1782,ASK
1443755168,1537.51,20.3238,ASK
1443755192,1537.51,1.6,ASK
1443755229,1537.51,0.01,ASK
1443755230,1537.51,0.01,ASK
1443755239,1537.51,0.0019,ASK
1443755252,1537.03,0.017,ASK
1443755254,1537.02,0.001,ASK
1443755254,1536.99,0.499,ASK
1443755254,1536.99,2.622,ASK
1443755257,1537.0,0.0432,ASK
1443755257,1537.0,0.0718,ASK
1443755258,1536.99,0.115,ASK
1443755260,1537.03,0.086,BID
1443755260,1537.48,0.001,BID
1443755260,1537.49,0.0165,BID
1443755260,1537.49,0.0192,BID
1443755260,1537.5,0.6481,BID
1443755260,1537.5,0.0668,BID
1443755260,1537.52,1.2724,BID
1443755263,1537.52,0.2,ASK
1443755264,1537.52,2.455,ASK
1443755264,1537.52,0.65,ASK
1443755265,1537.52,0.65,ASK
1443755265,1537.53,0.017,BID
1443755266,1537.53,0.65,ASK
1443755269,1537.53,0.2,ASK
1443755270,1537.53,0.399,ASK
1443755270,1537.52,0.251,ASK
1443755271,1537.52,3.0,ASK
1443755272,1537.52,0.05,ASK
1443755276,1537.53,0.111,ASK
1443755276,1537.52,2.39,ASK
1443755276,1537.52,0.01,ASK
1443755277,1537.52,0.111,ASK
1443755283,1537.52,0.127,ASK
1443755283,1537.52,0.39,ASK
1443755284,1537.54,0.0211,BID
1443755284,1537.61,0.001,BID
1443755284,1537.63,0.001,BID
1443755284,1537.63,0.001,BID
1443755284,1537.65,0.007,BID
1443755284,1537.7,0.001,BID
1443755284,1537.81,0.001,BID
1443755284,1537.82,0.001,BID
1443755284,1537.83,0.001,BID
1443755284,1537.83,0.001,BID
1443755284,1537.83,0.001,BID
1443755284,1537.84,0.001,BID
1443755284,1537.84,0.001,BID
1443755284,1537.84,0.001,BID
1443755284,1537.84,0.001,BID
1443755284,1537.84,0.001,BID
1443755284,1537.84,0.001,BID
1443755284,1537.85,0.001,BID
1443755284,1537.85,0.001,BID
1443755284,1537.86,0.001,BID
1443755284,1537.88,0.001,BID
1443755284,1537.93,0.001,BID
1443755284,1537.94,0.001,BID
1443755284,1537.94,0.001,BID
1443755284,1537.94,0.001,BID
1443755284,1537.96,0.002,BID
1443755284,1537.97,0.027,BID
1443755284,1537.98,0.1687,BID
1443755284,1537.52,0.2333,ASK
1443755285,1537.52,0.39,ASK
1443755285,1537.55,0.021,ASK
1443755286,1537.56,1.0,BID
1443755286,1537.56,4.261,BID
1443755286,1537.55,0.0001,ASK
1443755286,1537.52,0.0209,ASK
1443755286,1537.53,0.5115,ASK
1443755286,1537.52,2.4725,ASK
1443755287,1537.53,7.0,ASK
1443755287,1537.53,4.0,ASK
1443755287,1537.53,2.864,ASK
1443755287,1537.53,0.0461,ASK
1443755287,1537.52,4.3539,ASK
1443755288,1537.52,0.0211,ASK
1443755288,1537.52,0.49,ASK
1443755288,1537.52,0.1,ASK
1443755289,1537.52,0.108,ASK
1443755292,1537.52,1.511,ASK
1443755292,1537.52,1.511,ASK
1443755293,1537.52,0.1643,ASK
1443755293,1537.52,0.2687,ASK
1443755293,1537.52,1.75,ASK
1443755293,1537.52,0.433,ASK
1443755295,1537.52,0.765,ASK
1443755295,1537.52,1.0564,ASK
1443755296,1537.95,8.0,ASK
1443755296,1537.95,11.0,ASK
1443755296,1537.95,4.531,ASK
1443755297,1537.52,0.825,ASK
1443755299,1537.6,0.5,ASK
1443755299,1537.6,4.0,ASK
1443755299,1537.6,1.0,ASK
1443755300,1537.96,0.001,BID
1443755302,1537.61,0.013,ASK
1443755304,1537.61,0.0042,ASK
1443755304,1537.6,0.0358,ASK
1443755306,1537.6,0.27,ASK
1443755307,1537.6,0.779,ASK
1443755308,1537.6,0.57,ASK
1443755310,1537.61,0.0159,ASK
1443755310,1537.6,0.0011,ASK
1443755314,1537.6,0.09,ASK
1443755318,1537.6,0.108,ASK
1443755319,1537.6,2.248,ASK
1443755321,1537.6,0.122,ASK
1443755321,1537.6,0.02,ASK
1443755323,1537.6,0.045,ASK
1443755324,1537.6,0.108,ASK
1443755325,1537.6,0.6249,ASK
1443755325,1537.6,0.01,ASK
1443755326,1537.6,0.108,ASK
1443755327,1537.6,0.5,ASK
1443755327,1537.6,0.122,ASK
1443755327,1537.6,0.139,ASK
1443755329,1537.6,0.053,ASK
1443755333,1537.6,0.063,ASK
1443755336,1537.6,1.0,ASK
1443755339,1537.6,0.9317,ASK
1443755339,1537.52,0.0683,ASK
1443755341,1537.52,1.0,ASK
1443755343,1537.52,3.269,ASK
1443755344,1537.5,0.108,ASK
1443755345,1537.5,0.5414,ASK
1443755345,1537.26,0.001,ASK
1443755345,1537.04,0.086,ASK
1443755345,1536.99,2.455,ASK
1443755347,1536.51,2.58,BID
1443755348,1536.41,0.108,BID
1443755348,1536.51,0.1273,BID
1443755352,1536.55,0.001,ASK
1443755356,1536.1,0.108,ASK
1443755362,1536.1,0.5,ASK
1443755363,1536.1,0.029,ASK
1443755367,1536.11,0.5,ASK
1443755370,1536.13,0.002,ASK
1443755370,1536.11,0.498,ASK
1443755390,1536.13,0.074,ASK
1443755392,1536.98,0.002,BID
1443755392,1537.0,0.001,BID
1443755392,1537.0,0.0633,BID
1443755392,1537.01,0.0077,BID
1443755409,1536.17,0.001,ASK
1443755409,1536.17,0.0171,ASK
1443755409,1536.16,0.4819,ASK
1443755419,1536.2,0.0134,ASK
1443755419,1536.2,0.0086,ASK
1443755443,1536.22,0.0243,ASK
1443755445,1536.21,0.5616,ASK
1443755449,1536.21,0.4384,ASK
1443755459,1536.19,0.117,ASK
1443755461,1536.19,0.122,ASK
1443755464,1536.19,0.761,ASK
1443755464,1536.16,0.122,ASK
1443755467,1536.16,0.396,ASK
1443755470,1536.16,0.0001,ASK
1443755470,1536.15,0.002,ASK
1443755470,1536.14,0.1664,ASK
1443755470,1536.14,0.8315,ASK
1443755471,1536.14,0.01,ASK
1443755476,1536.14,1.3185,ASK
1443755478,1536.17,0.5,ASK
1443755478,1536.13,0.426,ASK
1443755480,1536.13,0.5,ASK
1443755481,1536.11,0.002,ASK
1443755481,1536.11,0.3653,ASK
1443755482,1536.11,0.257,ASK
1443755483,1536.11,12.3257,ASK
1443755483,1536.1,0.257,ASK
1443755484,1536.14,0.5,ASK
1443755484,1536.1,4.8132,ASK
1443755486,1536.1,0.01,ASK
1443755487,1536.1,1.68,ASK
1443755489,1536.1,0.2563,ASK
1443755491,1536.09,0.16,ASK
1443755511,1536.92,0.1664,BID
1443755511,1536.93,0.01,BID
1443755511,1536.94,0.001,BID
1443755511,1536.96,0.002,BID
1443755511,1536.98,0.071,BID
1443755511,1536.99,1.2583,BID
1443755511,1536.99,0.0329,BID
1443755511,1537.0,0.6588,BID
1443755511,1537.05,0.001,BID
1443755511,1537.07,0.001,BID
1443755512,1537.53,7.0165,ASK
1443755512,1537.53,0.002,ASK
1443755513,1537.53,2.58,ASK
1443755513,1537.53,0.3833,ASK
1443755514,1537.53,2.0,ASK
1443755516,1537.53,0.4429,ASK
1443755516,1537.53,2.0,ASK
1443755522,1537.53,0.852,ASK
1443755522,1537.53,3.3209,ASK
1443755531,1536.19,0.761,BID
1443755531,1536.16,0.001,ASK
1443755531,1536.14,0.002,ASK
1443755531,1536.12,0.002,ASK
1443755531,1536.11,0.022,ASK
1443755532,1536.19,0.239,BID
1443755534,1536.21,0.0206,ASK
1443755534,1536.2,0.0344,ASK
1443755537,1536.21,0.0112,ASK
1443755537,1536.2,0.0138,ASK
1443755544,1536.31,0.001,ASK
1443755581,1536.28,0.001,BID
1443755590,1536.21,0.1954,ASK
1443755591,1536.21,0.3732,ASK
1443755592,1536.28,0.073,BID
1443755592,1536.99,0.0793,BID
1443755592,1536.99,0.0418,BID
1443755592,1537.0,2.5608,BID
1443755592,1537.03,0.001,BID
1443755592,1537.31,0.001,BID
1443755592,1537.36,0.001,BID
1443755592,1537.48,0.001,BID
1443755592,1537.49,3.0522,BID
1443755593,1537.49,5.6938,BID
1443755594,1536.29,0.073,ASK
1443755594,1536.22,0.0216,ASK
1443755594,1536.21,0.104,ASK
1443755622,1536.35,0.001,ASK
1443755622,1536.23,0.002,ASK
1443755622,1536.22,0.017,ASK
1443755627,1536.23,0.0526,ASK
1443755627,1536.22,0.0799,ASK
1443755627,1536.22,0.8675,ASK
1443755637,1536.23,1.0,ASK
1443755643,1536.23,0.2666,ASK
1443755645,1536.25,1.0,ASK
1443755645,1536.25,9.438,ASK
1443755649,1536.24,0.01,ASK
1443755664,1536.36,0.001,ASK
1443755664,1536.24,0.009,ASK
1443755668,1536.24,0.6492,ASK
1443755670,1536.24,0.3318,ASK
1443755672,1536.23,1.0,ASK
1443755673,1536.22,0.019,ASK
1443755674,1536.22,0.1059,ASK
1443755676,1536.22,0.04,ASK
1443755679,1536.22,1.0,ASK
1443755695,1536.24,0.59,ASK
1443755699,1536.26,4.0,ASK
1443755699,1536.26,4.331,ASK
1443755705,1536.35,0.001,ASK
1443755705,1536.25,0.459,ASK
1443755708,1536.25,0.541,ASK
1443755708,1536.24,0.41,ASK
1443755708,1536.23,1.0,ASK
1443755708,1536.22,0.3342,ASK
1443755713,1536.22,0.072,ASK
1443755713,1536.22,0.309,ASK
1443755720,1536.22,0.516,ASK
1443755720,1536.22,1.9803,ASK
1443755720,1536.22,0.029,ASK
1443755721,1536.22,0.1,ASK
1443755722,1536.22,0.245,ASK
1443755723,1536.22,0.049,ASK
1443755724,1536.22,0.05,ASK
1443755725,1536.22,0.011,ASK
1443755725,1536.22,0.134,ASK
1443755728,1536.25,0.036,BID
1443755729,1536.25,0.01,ASK
1443755730,1536.26,0.034,ASK
1443755731,1536.26,0.002,ASK
1443755734,1536.23,1.0,ASK
1443755735,1536.21,0.3274,ASK
1443755735,1536.21,0.2826,ASK
1443755735,1536.22,0.1,BID
1443755738,1536.21,0.3032,ASK
1443755740,1536.21,2.8682,ASK
1443755741,1536.22,0.009,BID
1443755741,1536.24,0.01,BID
1443755741,1536.25,0.062,BID
1443755742,1536.25,0.01,ASK
1443755743,1536.35,0.001,ASK
1443755743,1536.25,0.009,ASK
1443755743,1536.21,0.691,ASK
1443755743,1536.21,0.019,ASK
1443755745,1536.21,1.2222,ASK
1443755747,1536.1,0.001,ASK
1443755747,1536.09,0.0768,ASK
1443755748,1536.09,0.0832,ASK
1443755748,1536.07,0.1768,ASK
1443755748,1536.07,0.01,ASK
1443755749,1536.21,0.03,BID
1443755749,1536.21,0.07,ASK
1443755749,1536.07,0.49,ASK
1443755750,1536.22,0.03,ASK
1443755750,1536.07,0.496,ASK
1443755751,1536.07,2.1992,ASK
1443755751,1536.07,0.001,ASK
1443755751,1536.06,0.171,ASK
1443755751,1536.06,0.013,ASK
1443755751,1536.05,0.001,ASK
1443755751,1536.03,0.001,ASK
1443755751,1536.0,0.8,ASK
1443755751,1536.0,0.1535,ASK
1443755751,1536.0,0.0465,ASK
1443755752,1536.0,2.2002,ASK
1443755753,1536.0,0.869,ASK
1443755754,1536.07,2.543,BID
1443755754,1536.07,0.2804,BID
1443755754,1536.0,0.2,ASK
1443755754,1536.25,0.1548,BID
1443755754,1537.1,0.001,BID
1443755754,1537.35,0.001,BID
1443755754,1537.35,0.001,BID
1443755754,1537.35,0.001,BID
1443755754,1537.36,0.001,BID
1443755754,1537.42,0.1038,BID
1443755754,1537.43,0.0295,BID
1443755754,1537.43,1.7069,BID
1443755754,1536.0,0.03,ASK
1443755754,1536.01,33.871,BID
1443755755,1536.0,20.0,ASK
1443755756,1536.08,0.4,ASK
1443755757,1536.08,0.251,ASK
1443755757,1536.0,0.198,ASK
1443755757,1537.43,2.0,BID
1443755757,1536.0,0.2,ASK
1443755758,1536.08,0.0125,BID
1443755759,1536.01,0.251,ASK
1443755759,1536.01,0.055,ASK
1443755760,1536.01,0.1588,ASK
1443755760,1536.0,0.4922,ASK
1443755761,1536.0,0.4648,ASK
1443755762,1536.08,2.0,BID
1443755762,1536.08,0.4648,ASK
1443755763,1536.09,0.066,ASK
1443755764,1536.09,0.585,ASK
1443755764,1536.08,1.2287,ASK
1443755764,1536.0,12.7341,ASK
1443755766,1536.22,0.194,ASK
1443755766,1536.22,0.176,ASK
1443755766,1536.0,0.204,ASK
1443755767,1536.07,1.2666,BID
1443755768,1536.1,0.185,ASK
1443755771,1536.1,0.091,ASK
1443755774,1536.1,0.27,ASK
1443755777,1537.41,0.121,BID
1443755778,1536.1,0.6,ASK
1443755780,1536.1,0.4794,ASK
1443755780,1536.1,0.1606,ASK
1443755783,1536.26,0.001,ASK
1443755783,1536.11,1.6364,ASK
1443755783,1536.1,0.8616,ASK
1443755788,1536.1,0.397,ASK
1443755789,1536.1,0.0008,ASK
1443755789,1536.08,0.0092,ASK
1443755792,1536.08,1.2574,ASK
1443755792,1536.01,0.0096,ASK
1443755796,1536.02,1.18,ASK
1443755796,1536.02,0.1379,ASK
1443755796,1536.01,0.6121,ASK
1443755798,1536.01,0.066,ASK
1443755804,1536.2,0.001,ASK
1443755804,1536.01,0.066,ASK
1443755807,1536.01,0.01,ASK
1443755808,1537.1,1.048,BID
1443755809,1536.01,0.75,ASK
1443755811,1536.02,4.0,ASK
1443755811,1536.02,12.916,ASK
1443755816,1536.01,0.029,ASK
1443755823,1536.01,1.0,ASK
1443755824,1537.07,12.9558,BID
1443755824,1537.08,0.2698,BID
1443755824,1537.08,0.01,BID
1443755824,1537.08,0.0711,BID
1443755824,1537.09,7.0226,BID
1443755824,1537.09,1.2666,BID
1443755824,1537.1,4.4272,BID
1443755825,1536.01,0.08,ASK
1443755826,1537.05,3.0,BID
1443755826,1537.05,37.301,BID
1443755827,1537.07,6.284,ASK
1443755833,1537.08,0.171,BID
1443755836,1536.11,0.071,ASK
1443755836,1536.1,0.013,ASK
1443755837,1536.11,0.071,ASK
1443755837,1536.1,0.029,ASK
1443755837,1537.09,0.0464,BID
1443755838,1536.1,0.54,ASK
1443755839,1536.1,0.54,ASK
1443755841,1536.11,0.0419,ASK
1443755841,1536.1,0.298,ASK
1443755841,1536.06,0.3514,ASK
1443755841,1536.05,0.1476,ASK
1443755842,1536.05,0.298,ASK
1443755842,1536.05,0.0419,ASK
1443755842,1536.05,0.1,ASK
1443755844,1536.06,0.1423,ASK
1443755844,1536.05,0.001,ASK
1443755844,1536.01,0.4087,ASK
1443755845,1536.06,0.1423,ASK
1443755845,1536.06,0.142,ASK
1443755847,1536.06,0.052,ASK
1443755848,1536.06,0.398,ASK
1443755849,1536.06,0.12,ASK
1443755851,1536.06,0.4131,ASK
1443755851,1536.06,0.4589,ASK
1443755852,1536.06,1.0,ASK
1443755852,1536.06,0.43,ASK
1443755854,1536.06,0.04,ASK
1443755855,1536.06,0.15,ASK
1443755855,1536.06,0.033,ASK
1443755856,1536.06,0.017,ASK
1443755857,1536.06,0.63,ASK
1443755860,1536.07,1.0,ASK
1443755862,1536.07,0.013,ASK
1443755863,1536.08,0.001,ASK
1443755863,1536.07,0.033,ASK
1443755863,1536.06,0.012,ASK
1443755863,1536.06,0.046,ASK
1443755866,1536.08,0.61,ASK
1443755867,1536.08,0.39,ASK
1443755867,1536.06,2.854,ASK
1443755867,1536.06,0.012,ASK
1443755868,1536.06,0.027,ASK
1443755870,1536.06,0.59,ASK
1443755870,1536.06,0.75,ASK
1443755870,1536.06,0.6,ASK
1443755871,1536.07,4.0,ASK
1443755871,1536.07,6.0,ASK
1443755871,1536.07,9.055,ASK
1443755872,1536.06,1.0,ASK
1443755873,1536.06,0.078,ASK
1443755875,1536.06,0.018,ASK
1443755879,1536.08,1.0,ASK
1443755885,1536.09,0.134,ASK
1443755886,1536.09,0.22,ASK
1443755888,1536.09,0.01,ASK
1443755891,1536.09,1.0,ASK
1443755896,1536.09,1.0,ASK
1443755899,1536.1,0.03,ASK
1443755900,1536.1,0.33,ASK
1443755902,1536.1,0.017,ASK
1443755903,1536.1,0.01,ASK
1443755904,1536.1,0.01,ASK
1443755905,1536.97,5.0,ASK
1443755905,1536.97,2.329,ASK
1443755907,1536.1,0.01,ASK
1443755907,1536.1,0.032,ASK
1443755909,1536.1,0.017,ASK
1443755911,1536.1,0.017,ASK
1443755911,1536.1,0.059,ASK
1443755913,1536.1,0.3,ASK
1443755913,1536.1,0.3,ASK
1443755916,1536.11,0.33,ASK
1443755917,1536.11,0.134,ASK
1443755919,1536.11,0.943,ASK
1443755919,1536.11,0.103,ASK
1443755921,1536.11,0.3444,ASK
1443755923,1536.1,0.288,ASK
1443755923,1536.1,0.106,ASK
1443755924,1536.1,0.943,ASK
1443755925,1536.1,0.248,ASK
1443755927,1536.1,0.099,ASK
1443755929,1536.1,0.01,ASK
1443755930,1536.1,0.25,ASK
1443755931,1536.1,0.01,ASK
1443755931,1536.1,0.569,ASK
1443755934,1536.11,0.5,ASK
1443755934,1536.1,0.001,ASK
1443755934,1536.07,0.499,ASK
1443755934,1536.07,0.5,ASK
1443755937,1536.07,0.001,ASK
1443755937,1536.06,0.191,ASK
1443755938,1536.06,0.01,ASK
1443755939,1536.06,0.799,ASK
1443755939,1536.06,0.171,ASK
1443755939,1536.06,0.202,ASK
1443755940,1536.06,0.066,ASK
1443755941,1536.06,1.0,ASK
1443755942,1536.09,0.1,ASK
1443755944,1536.06,0.1,ASK
1443755945,1536.06,0.1,ASK
1443755945,1536.06,0.01,ASK
1443755946,1536.06,2.7268,ASK
1443755946,1536.05,0.001,ASK
1443755946,1536.01,0.2082,ASK
1443755946,1536.01,0.082,ASK
1443755947,1536.09,0.094,ASK
1443755949,1536.01,1.0,ASK
1443755950,1536.01,0.1,ASK
1443755951,1536.01,0.325,ASK
1443755952,1536.01,0.029,ASK
1443755952,1536.01,0.2174,ASK
1443755952,1536.01,0.019,ASK
1443755953,1536.02,12.0,ASK
1443755953,1536.02,3.211,ASK
1443755953,1536.01,0.101,ASK
1443755955,1536.02,0.56,ASK
1443755957,1536.02,0.325,ASK
1443755960,1536.02,0.11,ASK
1443755960,1536.02,0.005,ASK
1443755960,1536.01,0.11,ASK
1443755961,1536.86,5.606,ASK
1443755962,1536.02,0.6,ASK
1443755963,1536.02,0.05,ASK
1443755964,1536.1,0.238,ASK
1443755966,1536.1,0.6,ASK
1443755967,1536.1,0.582,ASK
1443755967,1536.02,0.35,ASK
1443755967,1536.01,0.25,ASK
1443755969,1536.01,0.191,ASK
1443755971,1536.01,0.047,ASK
1443755972,1536.01,0.104,ASK
1443755974,1536.01,0.04,ASK
1443755974,1536.01,0.05,ASK
1443755975,1536.02,1.0,ASK
1443755975,1536.02,2.604,ASK
1443755978,1536.01,1.109,ASK
1443755982,1536.01,0.09,ASK
1443755983,1536.01,0.064,ASK
1443755985,1536.01,0.1,ASK
1443755987,1536.01,0.604,ASK
1443755989,1536.01,1.2,ASK
1443755991,1536.01,0.244,ASK
1443755991,1536.01,0.16,ASK
1443755992,1536.01,0.05,ASK
1443755995,1536.01,0.55,ASK
1443755999,1536.01,0.388,ASK
1443756000,1536.01,0.236,ASK
1443756003,1536.01,0.016,ASK
1443756006,1536.1,0.136,ASK
1443756007,1536.1,0.4,ASK
1443756007,1536.1,0.4,ASK
1443756007,1536.1,0.89,ASK
1443756009,1536.1,2.359,ASK
1443756009,1536.1,0.001,ASK
1443756010,1536.01,0.062,ASK
1443756010,1536.01,0.018,ASK
1443756011,1536.09,0.0377,BID
1443756011,1536.1,0.717,BID
1443756012,1536.1,0.0377,BID
1443756012,1536.11,0.0377,ASK
1443756013,1536.11,0.102,ASK
1443756014,1536.11,0.26,ASK
1443756015,1536.11,0.2136,ASK
1443756015,1536.0,0.2864,ASK
1443756018,1536.02,0.855,ASK
1443756020,1536.02,0.75,ASK
1443756020,1536.02,2.737,ASK
1443756021,1536.02,0.06,ASK
1443756023,1536.02,0.355,ASK
1443756027,1536.02,0.496,ASK
1443756028,1536.02,0.355,ASK
1443756028,1536.02,0.135,ASK
1443756031,1536.02,0.084,ASK
1443756031,1536.02,0.26,ASK
1443756032,1536.76,14.005,ASK
1443756033,1536.02,0.334,ASK
1443756034,1536.02,0.03,ASK
1443756034,1536.02,0.1,ASK
1443756035,1536.02,0.26,ASK
1443756037,1536.02,0.11,ASK
1443756037,1536.02,0.042,ASK
1443756039,1536.02,0.078,ASK
1443756041,1536.02,0.75,ASK
1443756041,1536.02,0.022,ASK
1443756042,1536.02,0.577,ASK
1443756042,1536.01,0.429,ASK
1443756043,1536.01,0.02,ASK
1443756044,1536.01,0.41,ASK
1443756045,1536.01,0.06,ASK
1443756045,1536.01,0.044,ASK
1443756048,1536.01,0.071,ASK
1443756049,1536.01,0.01,ASK
1443756049,1536.01,1.096,ASK
1443756050,1536.01,3.29,ASK
1443756052,1536.01,0.33,ASK
1443756053,1536.01,0.409,ASK
1443756054,1536.01,0.089,ASK
1443756055,1536.01,0.099,ASK
1443756056,1536.01,0.045,ASK
1443756057,1536.01,0.12,ASK
1443756058,1536.01,0.104,ASK
1443756059,1536.01,0.339,ASK
1443756059,1536.01,1.068,ASK
1443756061,1536.01,5.233,ASK
1443756061,1536.01,1.0,ASK
1443756063,1536.01,0.28,ASK
1443756063,1536.01,0.509,ASK
1443756063,1536.01,0.019,ASK
1443756066,1536.01,0.012,ASK
1443756066,1536.01,0.521,ASK
1443756066,1536.01,0.23,ASK
1443756067,1536.01,0.04,ASK
1443756068,1536.01,0.491,ASK
1443756069,1536.01,0.108,ASK
1443756071,1536.01,0.1,ASK
1443756072,1536.01,0.104,ASK
1443756076,1536.01,0.105,ASK
1443756078,1536.01,0.015,ASK
1443756079,1536.01,0.012,ASK
1443756080,1536.01,0.2,ASK
1443756080,1536.01,0.105,ASK
1443756081,1536.01,0.08,ASK
1443756081,1536.01,0.078,ASK
1443756083,1536.02,0.1,ASK
1443756084,1536.39,0.0102,BID
1443756084,1536.4,0.2039,BID
1443756085,1536.77,0.2055,ASK
1443756085,1536.02,0.1715,ASK
1443756086,1536.02,0.01,ASK
1443756089,1536.02,0.54,ASK
1443756091,1536.02,0.318,ASK
1443756091,1536.02,0.107,ASK
1443756092,1536.03,9.0,ASK
1443756092,1536.03,3.518,ASK
1443756092,1536.02,0.621,ASK
1443756093,1536.02,4.4573,ASK
1443756094,1536.02,0.01,ASK
1443756096,1536.02,0.4,ASK
1443756098,1536.02,0.11,ASK
1443756099,1536.02,0.6,ASK
1443756101,1536.02,0.03,ASK
1443756102,1536.03,17.805,ASK
1443756102,1536.02,0.7,ASK
1443756103,1536.02,0.03,ASK
1443756104,1536.02,0.01,ASK
1443756105,1536.02,0.084,ASK
1443756106,1536.02,0.01,ASK
1443756106,1536.02,5.0,ASK
1443756108,1536.02,0.056,ASK
1443756110,1536.02,0.0027,ASK
1443756110,1536.02,0.668,ASK
1443756110,1536.02,0.7,ASK
1443756112,1536.02,0.02,ASK
1443756113,1536.02,0.4745,ASK
1443756113,1536.01,0.0195,ASK
1443756113,1536.01,0.408,ASK
1443756113,1536.01,0.011,ASK
1443756116,1536.01,0.08,ASK
1443756116,1536.01,0.03,ASK
1443756118,1536.02,0.352,ASK
1443756120,1536.02,0.335,ASK
1443756120,1536.02,0.099,ASK
1443756121,1536.02,0.098,ASK
1443756121,1536.02,0.116,ASK
1443756121,1536.01,0.184,ASK
1443756122,1536.01,0.01,ASK
1443756123,1536.01,0.106,ASK
1443756125,1536.01,0.6,ASK
1443756125,1536.01,0.4,ASK
1443756126,1536.01,0.301,ASK
1443756126,1536.01,0.04,ASK
1443756127,1536.01,0.301,ASK
1443756128,1536.01,0.097,ASK
1443756129,1536.01,0.114,ASK
1443756130,1536.01,0.09,ASK
1443756130,1536.01,0.01,ASK
1443756132,1536.01,0.047,ASK
1443756135,1536.01,0.021,ASK
1443756135,1536.01,0.052,ASK
1443756137,1536.01,0.09,ASK
1443756138,1536.01,0.795,ASK
1443756139,1536.01,0.795,ASK
1443756140,1536.01,0.13,ASK
1443756142,1536.01,0.03,ASK
1443756143,1536.01,0.086,ASK
1443756144,1536.01,0.07,ASK
1443756145,1536.01,5.0,ASK
1443756146,1536.01,24.7332,ASK
1443756149,1536.02,0.178,ASK
1443756149,1536.02,0.188,ASK
1443756152,1536.02,5.0,ASK
1443756153,1536.02,0.019,ASK
1443756155,1536.02,5.0,ASK
1443756156,1536.02,0.105,ASK
1443756159,1536.02,1.0,ASK
1443756163,1536.02,0.023,ASK
1443756166,1536.02,0.013,ASK
1443756166,1536.02,1.0,ASK
1443756169,1536.02,1.0,ASK
1443756170,1536.02,0.012,ASK
1443756170,1536.02,1.692,ASK
1443756170,1536.01,3.153,ASK
1443756171,1536.36,0.004,BID
1443756172,1536.01,0.02,ASK
1443756172,1536.01,0.078,ASK
1443756173,1536.01,0.01,ASK
1443756175,1536.01,5.0,ASK
1443756176,1536.01,0.04,ASK
1443756176,1536.01,0.272,ASK
1443756177,1536.01,0.115,ASK
1443756179,1536.01,0.995,ASK
1443756179,1536.01,0.2,ASK
1443756181,1536.01,0.01,ASK
1443756182,1536.01,0.018,ASK
1443756183,1536.01,0.057,ASK
1443756184,1536.01,0.01,ASK
1443756186,1536.01,0.052,ASK
1443756186,1536.01,0.019,ASK
1443756189,1536.01,0.02,ASK
1443756190,1536.01,0.1,ASK
1443756192,1536.01,0.01,ASK
1443756193,1536.01,0.3,ASK
1443756195,1536.01,0.618,ASK
1443756195,1536.01,0.492,ASK
1443756196,1536.01,0.197,ASK
1443756198,1536.01,0.207,ASK
1443756199,1536.0,0.742,ASK
1443756200,1536.0,0.097,ASK
1443756201,1536.0,0.1,ASK
1443756202,1536.01,1.0,ASK
1443756203,1536.01,0.177,ASK
1443756205,1536.01,0.028,ASK
1443756206,1536.01,0.164,ASK
1443756207,1536.01,0.164,ASK
1443756209,1536.01,0.029,ASK
1443756209,1536.01,0.013,ASK
1443756210,1536.01,1.2345,ASK
1443756212,1536.04,0.011,ASK
1443756212,1536.01,0.011,ASK
1443756214,1536.01,0.01,ASK
1443756216,1536.01,0.022,ASK
1443756216,1536.01,0.017,ASK
1443756217,1536.01,0.2,ASK
1443756219,1536.01,1.0,ASK
1443756219,1536.01,0.01,ASK
1443756220,1536.37,0.171,BID
1443756220,1536.39,0.025,BID
1443756220,1536.4,0.5,BID
1443756220,1536.49,0.025,BID
1443756220,1536.5,0.5,BID
1443756220,1536.52,0.003,BID
1443756220,1536.78,0.0634,BID
1443756220,1536.79,1.2674,BID
1443756220,1536.83,0.002,BID
1443756220,1536.9,0.001,BID
1443756220,1536.9,0.001,BID
1443756220,1536.9,0.001,BID
1443756220,1536.91,0.001,BID
1443756220,1536.91,0.001,BID
1443756220,1536.91,0.001,BID
1443756220,1536.94,0.001,BID
1443756220,1536.95,0.001,BID
1443756220,1536.98,0.001,BID
1443756220,1536.99,7.0273,BID
1443756220,1536.99,0.11,BID
1443756220,1537.0,1.3179,BID
1443756220,1537.05,0.001,BID
1443756220,1537.05,0.001,BID
1443756220,1537.08,0.001,BID
1443756220,1537.1,0.001,BID
1443756220,1537.2,0.001,BID
1443756220,1537.26,0.001,BID
1443756220,1537.45,0.004,BID
1443756220,1537.47,0.002,BID
1443756220,1537.5,0.002,BID
1443756220,1537.53,7.718,BID
1443756220,1536.04,0.19,ASK
1443756222,1536.01,0.238,ASK
1443756223,1536.06,0.002,ASK
1443756223,1536.02,0.998,ASK
1443756223,1536.02,0.663,ASK
1443756227,1536.04,0.002,ASK
1443756227,1536.04,0.026,ASK
1443756229,1536.04,1.0,ASK
1443756232,1536.04,0.01,ASK
1443756235,1536.04,0.232,ASK
1443756235,1536.02,5.0,ASK
1443756238,1536.02,0.232,ASK
1443756240,1536.02,0.1387,ASK
1443756240,1536.02,0.8613,ASK
1443756244,1536.02,5.0,ASK
1443756245,1536.02,0.029,ASK
1443756247,1536.02,0.6,ASK
1443756251,1536.02,0.011,ASK
1443756254,1536.03,0.11,ASK
1443756254,1536.02,0.18,ASK
1443756254,1536.02,5.0,ASK
1443756261,1536.02,0.384,ASK
1443756266,1536.02,1.0,ASK
1443756270,1536.26,0.001,ASK
1443756270,1536.02,0.009,ASK
1443756274,1536.02,0.047,ASK
1443756274,1536.02,1.0,ASK
1443756275,1536.02,0.027,ASK
1443756277,1536.02,0.68,ASK
1443756277,1536.02,1.0,ASK
1443756278,1536.02,0.072,ASK
1443756280,1536.02,1.0,ASK
1443756280,1536.02,0.05,ASK
1443756281,1536.02,0.01,ASK
1443756282,1536.02,5.0,ASK
1443756283,1536.02,0.225,ASK
1443756285,1536.02,1.0,ASK
1443756285,1536.02,0.144,ASK
1443756286,1536.23,0.001,ASK
1443756286,1536.02,4.999,ASK
1443756287,1536.02,0.0617,ASK
1443756287,1536.0,0.1633,ASK
1443756288,1536.0,0.0617,ASK
1443756289,1536.0,0.061,ASK
1443756290,1536.0,0.09,ASK
1443756292,1536.02,0.01,ASK
1443756294,1536.02,0.035,ASK
1443756294,1536.02,5.0,ASK
1443756296,1536.05,0.01,ASK
1443756300,1536.02,0.1,ASK
1443756301,1536.02,5.0,ASK
1443756306,1536.02,0.82,ASK
1443756307,1536.02,0.652,ASK
1443756308,1536.03,0.405,ASK
1443756309,1536.03,0.097,ASK
1443756309,1536.04,7.0,ASK
1443756309,1536.04,10.715,ASK
1443756310,1536.03,0.189,ASK
1443756311,1536.03,0.0061,ASK
1443756311,1536.04,17.409,ASK
1443756314,1536.03,0.15,ASK
1443756315,1536.89,0.001,BID
1443756317,1536.03,0.11,ASK
1443756317,1536.03,1.0,ASK
1443756319,1536.03,0.096,ASK
1443756321,1536.03,0.073,ASK
1443756323,1536.03,0.1,ASK
1443756323,1536.03,0.01,ASK
1443756323,1536.03,0.877,ASK
1443756325,1536.03,0.6,ASK
1443756325,1536.03,0.01,ASK
1443756327,1536.21,0.001,ASK
1443756327,1536.03,0.475,ASK
1443756328,1536.03,0.8019,ASK
1443756328,1536.02,0.1981,ASK
1443756328,1536.49,0.001,BID
1443756329,1536.02,1.886,ASK
1443756329,1536.02,0.01,ASK
1443756331,1536.01,0.2,ASK
1443756332,1536.01,0.026,ASK
1443756333,1536.01,0.618,ASK
1443756334,1536.01,0.01,ASK
1443756334,1536.01,0.013,ASK
1443756336,1536.01,0.1,ASK
1443756336,1536.01,3.684,ASK
1443756338,1536.01,0.026,ASK
1443756339,1536.01,0.01,ASK
1443756341,1536.01,0.157,ASK
1443756342,1536.01,1.226,ASK
1443756343,1536.39,0.015,BID
1443756343,1536.39,0.01,BID
1443756343,1536.4,0.3,BID
1443756343,1536.49,0.0213,BID
1443756343,1536.5,0.3029,BID
1443756344,1536.01,0.044,ASK
1443756344,1536.01,0.079,ASK
1443756346,1536.01,0.03,ASK
1443756347,1536.17,0.001,ASK
1443756347,1536.01,0.009,ASK
1443756347,1536.01,0.01,ASK
1443756349,1536.01,0.054,ASK
1443756349,1536.01,0.019,ASK
1443756351,1536.01,0.01,ASK
1443756351,1536.01,0.01,ASK
1443756352,1536.01,0.055,ASK
1443756353,1536.45,0.025,BID
1443756353,1536.45,0.015,BID
1443756353,1536.46,0.06,BID
1443756354,1536.01,0.07,ASK
1443756354,1536.01,1.0,ASK
1443756356,1536.01,0.01,ASK
1443756357,1536.01,0.056,ASK
1443756357,1536.01,0.056,ASK
1443756360,1536.01,0.01,ASK
1443756360,1536.01,0.275,ASK
1443756361,1536.01,0.01,ASK
1443756364,1536.01,0.01,ASK
1443756364,1536.01,0.538,ASK
1443756364,1536.01,0.538,ASK
1443756367,1536.01,2.894,ASK
1443756368,1536.01,0.024,ASK
1443756369,1536.02,13.225,ASK
1443756371,1536.01,0.138,ASK
1443756371,1536.01,0.756,ASK
1443756373,1536.01,0.0121,ASK
1443756374,1536.01,1.0,ASK
1443756378,1536.01,0.027,ASK
1443756381,1536.01,0.01,ASK
1443756383,1536.01,5.0,ASK
1443756385,1536.01,1.0,ASK
1443756389,1536.17,0.001,ASK
1443756389,1536.01,0.02,ASK
1443756389,1536.01,0.01,ASK
1443756391,1536.01,0.1,ASK
1443756391,1536.01,0.01,ASK
1443756393,1536.01,0.025,ASK
1443756394,1536.01,0.484,ASK
1443756394,1536.01,0.01,ASK
1443756397,1536.01,0.01,ASK
1443756398,1536.01,0.08,ASK
1443756399,1536.01,0.081,ASK
1443756399,1536.01,0.09,ASK
1443756399,1536.01,0.02,ASK
1443756401,1536.01,0.6,ASK
1443756402,1536.01,0.011,ASK
1443756403,1536.01,0.134,ASK
1443756404,1536.01,0.17,ASK
1443756406,1536.01,0.085,ASK
1443756408,1536.15,0.001,ASK
1443756408,1536.01,0.185,ASK
1443756408,1536.01,0.199,ASK
1443756410,1536.01,5.0,ASK
1443756410,1536.01,0.01,ASK
1443756411,1536.01,0.01,ASK
1443756411,1536.01,0.03,ASK
1443756413,1536.01,0.59,ASK
1443756415,1536.01,5.0,ASK
1443756416,1536.01,0.053,ASK
1443756417,1536.01,0.01,ASK
1443756417,1536.01,0.01,ASK
1443756418,1536.01,0.349,ASK
1443756419,1536.01,1.672,ASK
1443756419,1536.01,0.014,ASK
1443756421,1536.01,0.6,ASK
1443756421,1536.01,0.01,ASK
1443756423,1536.01,0.6,ASK
1443756424,1536.01,0.603,ASK
1443756425,1536.01,0.6,ASK
1443756426,1536.01,0.1,ASK
1443756426,1536.01,0.018,ASK
1443756428,1536.01,0.969,ASK
1443756430,1536.01,0.101,ASK
1443756430,1536.01,0.101,ASK
1443756431,1536.01,0.091,ASK
1443756432,1536.01,0.018,ASK
1443756433,1536.28,15.568,ASK
1443756433,1536.01,0.01,ASK
1443756435,1536.01,0.077,ASK
1443756435,1536.01,0.035,ASK
1443756435,1536.01,1.132,ASK
1443756437,1536.01,0.335,ASK
1443756439,1536.01,0.014,ASK
1443756439,1536.01,1.0,ASK
1443756441,1536.01,0.012,ASK
1443756441,1536.01,1.0,ASK
1443756442,1536.01,0.01,ASK
1443756444,1536.01,0.09,ASK
1443756444,1536.01,0.01,ASK
1443756445,1536.01,0.011,ASK
1443756447,1536.01,0.238,ASK
1443756447,1536.01,0.238,ASK
1443756449,1536.01,0.01,ASK
1443756450,1536.01,4.4389,ASK
1443756451,1536.01,0.3,ASK
1443756452,1536.01,0.55,ASK
1443756453,1536.28,11.0,ASK
1443756453,1536.28,2.967,ASK
1443756453,1536.01,0.1,ASK
1443756454,1536.01,4.5227,ASK
1443756455,1536.01,0.831,ASK
1443756457,1536.01,0.1,ASK
1443756458,1536.01,0.01,ASK
1443756458,1536.01,0.247,ASK
1443756460,1536.0,0.169,ASK
1443756460,1536.01,0.027,ASK
1443756461,1536.01,0.144,ASK
1443756464,1536.01,0.607,ASK
1443756464,1536.01,1.477,ASK
1443756466,1536.01,0.6,ASK
1443756466,1536.01,0.91,ASK
1443756467,1536.01,0.235,ASK
1443756469,1536.01,0.043,ASK
1443756469,1536.01,0.01,ASK
1443756471,1536.01,0.107,ASK
1443756473,1536.01,0.11,ASK
1443756474,1536.01,0.932,ASK
1443756475,1536.01,0.78,ASK
1443756477,1536.01,0.5,ASK
1443756477,1536.01,0.012,ASK
1443756478,1536.01,0.197,ASK
1443756479,1536.01,0.011,ASK
1443756481,1536.01,0.292,ASK
1443756483,1536.01,0.132,ASK
1443756483,1536.01,0.028,ASK
1443756484,1536.01,0.429,ASK
1443756486,1536.01,0.908,ASK
1443756486,1536.01,0.908,ASK
1443756488,1536.01,0.09,ASK
1443756490,1536.01,0.369,ASK
1443756491,1536.01,0.282,ASK
1443756493,1536.01,0.02,ASK
1443756494,1536.01,0.183,ASK
1443756496,1536.01,0.437,ASK
1443756496,1536.0,0.203,ASK
1443756496,1536.0,0.041,ASK
1443756498,1536.0,0.184,ASK
1443756499,1536.0,0.011,ASK
1443756499,1536.0,0.011,ASK
1443756502,1536.0,0.052,ASK
1443756503,1536.0,0.02,ASK
1443756503,1536.0,0.044,ASK
1443756505,1536.0,0.069,ASK
1443756507,1536.0,0.037,ASK
1443756507,1536.0,0.978,ASK
1443756508,1536.0,0.061,ASK
1443756510,1536.0,0.669,ASK
1443756511,1536.0,0.031,ASK
1443756512,1536.0,1.0,ASK
1443756514,1536.0,0.65,ASK
1443756515,1536.0,0.65,ASK
1443756515,1536.0,0.318,ASK
1443756515,1536.0,0.017,ASK
1443756517,1536.0,0.1,ASK
1443756517,1536.0,0.131,ASK
1443756518,1536.0,0.1882,ASK
1443756518,1536.0,0.1,ASK
1443756520,1536.0,0.79,ASK
1443756520,1536.0,2.117,ASK
1443756522,1536.0,0.7,ASK
1443756522,1536.0,0.01,ASK
1443756522,1536.01,0.1872,BID
1443756522,1536.28,0.01,BID
1443756522,1536.29,0.025,BID
1443756522,1536.29,0.171,BID
1443756522,1536.3,0.5,BID
1443756522,1536.33,0.03,BID
1443756522,1536.34,0.6,BID
1443756522,1536.35,0.03,BID
1443756523,1536.35,0.219,ASK
1443756525,1536.35,0.01,ASK
1443756525,1536.35,0.01,ASK
1443756525,1536.36,0.6,BID
1443756525,1536.39,0.035,BID
1443756525,1536.4,0.7,BID
1443756525,1536.44,0.36,BID
1443756525,1536.45,1.268,BID
1443756525,1536.46,0.74,BID
1443756525,1536.5,0.1971,BID
1443756525,1536.73,0.001,BID
1443756525,1536.73,0.001,BID
1443756525,1536.73,0.001,BID
1443756525,1536.9,0.001,BID
1443756525,1537.15,0.001,BID
1443756525,1537.17,0.001,BID
1443756525,1537.17,0.001,BID
1443756525,1537.21,0.001,BID
1443756525,1537.21,0.11,BID
1443756525,1537.22,2.359,BID
1443756526,1536.36,1.0,BID
1443756526,1536.36,6.0,BID
1443756526,1536.36,14.08,BID
1443756526,1536.36,5.0,BID
1443756526,1536.36,15.0,BID
1443756526,1536.36,0.823,BID
1443756527,1536.37,0.011,ASK
1443756528,1536.37,0.122,ASK
1443756529,1536.37,0.215,ASK
1443756531,1536.37,0.252,ASK
1443756531,1536.37,0.6,ASK
1443756531,1536.36,0.0204,ASK
1443756531,1536.35,0.1946,ASK
1443756532,1536.38,0.0426,ASK
1443756532,1536.35,0.0164,ASK
1443756533,1536.35,0.065,ASK
1443756535,1536.35,0.131,ASK
1443756540,1536.35,0.0008,ASK
1443756540,1536.2,0.008,ASK
1443756540,1536.05,0.0632,ASK
1443756543,1536.05,0.0002,ASK
1443756543,1536.04,0.3168,ASK
1443756545,1536.72,4.0,ASK
1443756545,1536.72,1.475,ASK
1443756545,1536.05,0.0632,ASK
1443756545,1536.04,0.0288,ASK
1443756548,1536.05,0.0461,ASK
1443756548,1536.04,0.8759,ASK
1443756552,1536.04,0.046,ASK
1443756556,1536.04,0.0009,ASK
1443756556,1536.03,0.0091,ASK
1443756557,1536.03,0.01,ASK
1443756560,1536.03,0.09,ASK
1443756561,1536.03,0.0009,ASK
1443756561,1536.02,0.09,ASK
1443756562,1536.02,0.01,ASK
1443756563,1536.02,0.0872,ASK
1443756563,1536.02,0.0008,ASK
1443756564,1536.02,0.44,ASK
1443756565,1536.02,0.01,ASK
1443756567,1536.02,0.412,ASK
1443756567,1536.02,0.089,ASK
1443756569,1536.12,0.001,ASK
1443756569,1536.02,0.009,ASK
1443756570,1536.02,0.01,ASK
1443756571,1536.02,0.035,ASK
1443756572,1536.02,0.09,ASK
1443756574,1536.02,0.068,ASK
1443756574,1536.02,0.01,ASK
1443756575,1536.02,0.692,ASK
1443756577,1536.02,0.027,ASK
1443756578,1536.02,0.061,ASK
1443756578,1536.02,1.0,ASK
1443756581,1536.02,0.01,ASK
1443756582,1536.02,0.413,ASK
1443756585,1536.02,1.022,ASK
1443756587,1536.02,0.7,ASK
1443756588,1536.02,0.1712,ASK
1443756588,1536.0,0.0228,ASK
1443756589,1536.12,0.001,ASK
1443756589,1536.0,0.1702,ASK
1443756590,1536.0,0.171,ASK
1443756591,1536.0,0.01,ASK
1443756592,1536.0,1.672,ASK
1443756594,1536.0,0.05,ASK
1443756594,1536.0,0.05,ASK
1443756596,1536.0,0.168,ASK
1443756596,1536.0,0.019,ASK
1443756599,1536.0,0.03,ASK
1443756604,1536.0,0.153,ASK
1443756606,1536.0,0.03,ASK
1443756609,1536.0,0.433,ASK
1443756609,1536.0,0.433,ASK
1443756612,1536.0,0.083,ASK
1443756615,1536.0,3.904,ASK
1443756616,1536.0,0.354,ASK
1443756618,1536.72,0.01,BID
1443756618,1536.73,0.001,BID
1443756618,1537.12,0.001,BID
1443756618,1537.12,0.001,BID
1443756618,1537.12,0.0836,BID
1443756618,1537.12,0.0855,BID
1443756618,1537.12,0.0666,BID
1443756618,1537.13,4.305,BID
1443756619,1536.0,0.053,ASK
1443756619,1536.0,0.49,ASK
1443756621,1536.01,0.0445,ASK
1443756621,1536.01,0.0855,ASK
1443756621,1536.01,0.0666,ASK
1443756621,1536.0,0.5334,ASK
1443756623,1536.01,0.079,ASK
1443756624,1536.01,0.02,ASK
1443756625,1536.01,0.043,ASK
1443756626,1536.01,0.022,ASK
1443756628,1536.01,1.0,ASK
1443756628,1536.08,0.001,ASK
1443756628,1536.01,0.103,ASK
1443756629,1536.01,0.104,ASK
1443756630,1536.01,0.9899,ASK
1443756630,1536.0,0.2821,ASK
1443756631,1536.0,0.035,ASK
1443756633,1536.0,0.044,ASK
1443756636,1536.0,0.066,ASK
1443756637,1536.0,0.01,ASK
1443756638,1536.0,0.192,ASK
1443756640,1536.0,0.1,ASK
1443756640,1536.0,0.687,ASK
1443756641,1536.0,0.03,ASK
1443756646,1536.01,0.05,ASK
1443756646,1536.01,0.844,ASK
1443756646,1536.01,0.01,ASK
1443756647,1536.01,0.03,ASK
1443756649,1536.05,0.001,ASK
1443756649,1536.01,0.069,ASK
1443756649,1537.04,5.0,ASK
1443756649,1537.04,8.0,ASK
1443756649,1537.04,5.248,ASK
1443756651,1536.01,0.937,ASK
1443756651,1536.01,0.63,ASK
1443756652,1536.01,0.046,ASK
1443756653,1536.01,0.03,ASK
1443756654,1536.01,0.045,ASK
1443756654,1536.01,0.061,ASK
1443756656,1536.01,0.1384,ASK
1443756658,1536.01,0.01,ASK
1443756661,1536.01,0.01,ASK
1443756663,1536.01,0.089,ASK
1443756665,1536.01,0.053,ASK
1443756665,1536.01,0.0601,ASK
1443756666,1536.01,0.46,ASK
1443756667,1536.01,0.069,ASK
1443756670,1536.01,0.01,ASK
1443756673,1536.01,0.182,ASK
1443756677,1536.01,0.058,ASK
1443756679,1536.01,0.123,ASK
1443756681,1536.01,0.2936,ASK
1443756681,1536.0,0.123,ASK
1443756682,1536.0,0.012,ASK
1443756682,1536.0,0.4166,ASK
1443756685,1536.0,1.0,ASK
1443756686,1536.0,0.554,ASK
1443756690,1536.02,0.001,ASK
1443756690,1536.0,0.009,ASK
1443756693,1536.0,0.576,ASK
1443756697,1536.0,0.01,ASK
1443756699,1536.0,0.01,ASK
1443756701,1536.04,4.0,ASK
1443756701,1536.04,4.0,ASK
1443756701,1536.04,2.396,ASK
1443756708,1536.0,0.318,ASK
1443756712,1536.01,0.001,ASK
1443756712,1536.0,0.079,ASK
1443756715,1536.0,0.01,ASK
1443756715,1536.0,1.417,ASK
1443756717,1536.0,0.129,ASK
1443756717,1536.0,0.357,ASK
1443756718,1536.0,0.04,ASK
1443756723,1536.02,0.031,ASK
1443756727,1536.02,0.01,ASK
1443756727,1536.02,0.062,ASK
1443756730,1536.02,38.197,ASK
1443756731,1536.02,12.2597,BID
1443756732,1536.0,1.0,ASK
1443756732,1536.02,2.0,BID
1443756732,1536.0,0.234,ASK
1443756733,1536.01,0.0298,BID
1443756733,1536.01,0.0336,BID
1443756733,1536.02,0.5876,BID
1443756734,1536.02,0.651,BID
1443756734,1536.02,12.8487,BID
1443756736,1536.01,0.0109,ASK
1443756736,1536.01,0.0336,ASK
1443756736,1536.01,0.0298,ASK
1443756736,1536.0,0.5157,ASK
1443756737,1536.0,0.0237,ASK
1443756737,1536.0,0.1083,ASK
1443756737,1536.0,0.0109,ASK
1443756739,1536.0,0.752,ASK
1443756740,1536.0,0.65,ASK
1443756741,1536.01,0.0743,BID
1443756741,1536.01,0.0698,BID
1443756741,1536.01,0.0634,BID
1443756741,1536.02,16.068,BID
1443756742,1536.02,0.0743,BID
1443756742,1536.02,6.51,BID
1443756743,1536.0,1.884,ASK
1443756744,1536.0,4.22,ASK
1443756744,1536.0,0.6411,ASK
1443756746,1536.0,0.017,ASK
1443756750,1536.0,0.01,ASK
1443756750,1536.01,0.001,BID
1443756754,1536.0,13.4485,ASK
1443756755,1536.0,0.0743,ASK
1443756757,1536.0,0.068,ASK
1443756757,1536.0,0.07,ASK
1443756759,1536.0,0.04,ASK
1443756760,1536.0,0.01,ASK
1443756763,1536.0,0.554,ASK
1443756763,1536.0,0.097,ASK
1443756766,1536.0,1.0,ASK
1443756767,1536.0,2.49,ASK
1443756769,1536.0,0.315,ASK
1443756770,1536.0,0.157,ASK
1443756771,1536.0,0.09,ASK
1443756772,1536.0,0.1065,ASK
1443756774,1536.0,0.215,ASK
1443756776,1536.0,0.208,ASK
1443756777,1536.0,1.0,ASK
1443756780,1536.0,0.1513,ASK
1443756781,1536.0,0.043,ASK
1443756781,1536.0,0.626,ASK
1443756784,1536.0,0.012,ASK
1443756785,1536.0,0.083,ASK
1443756785,1536.0,0.01,ASK
1443756789,1536.0,0.01,ASK
1443756790,1536.0,0.03,ASK
1443756794,1536.0,0.01,ASK
1443756795,1536.0,0.607,ASK
1443756796,1536.0,1.0,ASK
1443756799,1536.0,0.01,ASK
1443756800,1536.01,0.423,BID
1443756801,1536.01,0.651,BID
1443756802,1536.01,0.1934,BID
1443756802,1536.01,0.11,BID
1443756802,1536.02,0.3476,BID
1443756803,1536.02,0.3034,BID
1443756803,1536.0,0.01,ASK
1443756807,1536.0,0.018,ASK
1443756808,1536.0,0.198,ASK
1443756809,1536.01,0.65,ASK
1443756809,1536.02,0.001,BID
1443756810,1536.01,0.2,ASK
1443756810,1536.01,0.067,ASK
1443756813,1536.01,0.107,ASK
1443756814,1536.01,0.2444,ASK
1443756814,1536.01,0.1827,ASK
1443756814,1536.01,0.0139,ASK
1443756814,1536.0,0.093,ASK
1443756814,1536.0,0.5341,ASK
1443756817,1536.0,0.052,ASK
1443756817,1536.0,0.323,ASK
1443756818,1536.0,0.4213,ASK
1443756819,1536.0,0.066,ASK
1443756821,1536.0,1.088,ASK
1443756822,1536.0,1.0,ASK
1443756823,1536.01,0.11,BID
1443756824,1536.01,0.0727,BID
1443756824,1536.01,0.0139,BID
1443756824,1536.02,0.11,BID
1443756825,1536.0,0.08,ASK
1443756825,1536.02,0.1966,BID
1443756825,1536.0,0.01,ASK
1443756827,1536.0,5.0,ASK
1443756828,1536.0,0.3932,ASK
1443756828,1536.0,0.01,ASK
1443756829,1536.02,1.18,BID
1443756830,1536.02,0.651,BID
1443756831,1536.0,0.097,ASK
1443756831,1536.0,0.02,ASK
1443756831,1536.02,0.651,BID
1443756832,1536.02,1.18,BID
1443756832,1536.02,0.651,BID
1443756833,1536.02,0.651,BID
1443756833,1536.02,1.7228,BID
1443756834,1536.02,0.651,BID
1443756835,1536.02,1.202,BID
1443756835,1536.01,0.063,ASK
1443756835,1536.02,0.651,BID
1443756835,1536.01,0.01,ASK
1443756836,1536.02,0.651,BID
1443756837,1536.02,0.0033,BID
1443756837,1536.02,0.6477,BID
1443756838,1536.01,0.0135,ASK
1443756838,1536.01,0.0665,ASK
1443756838,1536.02,0.6207,BID
1443756838,1536.03,0.0303,ASK
1443756838,1536.01,0.0297,ASK
1443756838,1536.01,0.0139,ASK
1443756838,1536.0,0.1091,ASK
1443756839,1536.0,0.1236,ASK
1443756841,1536.0,0.123,ASK
1443756841,1536.0,0.294,ASK
1443756845,1536.0,0.94,ASK
1443756846,1536.0,0.03,ASK
1443756849,1536.0,0.054,ASK
1443756850,1536.0,0.096,ASK
1443756852,1536.0,0.01,ASK
1443756855,1536.0,1.0,ASK
1443756855,1536.0,3.435,ASK
1443756858,1536.0,0.927,ASK
1443756864,1536.0,0.01,ASK
1443756864,1536.0,0.19,ASK
1443756868,1536.0,0.054,ASK
1443756870,1536.0,0.033,ASK
1443756877,1536.0,0.081,ASK
1443756879,1536.0,0.091,ASK
1443756881,1536.0,0.0714,ASK
1443756881,1536.0,0.3,ASK
1443756881,1535.99,0.001,ASK
1443756881,1535.98,0.001,ASK
1443756881,1535.95,0.001,ASK
1443756881,1535.94,0.001,ASK
1443756881,1535.91,0.001,ASK
1443756881,1535.91,0.001,ASK
1443756881,1535.91,0.001,ASK
1443756881,1535.9,0.001,ASK
1443756881,1535.9,0.001,ASK
1443756881,1535.9,0.001,ASK
1443756881,1535.9,0.001,ASK
1443756881,1535.85,0.002,ASK
1443756881,1535.73,0.001,ASK
1443756881,1535.73,0.001,ASK
1443756881,1535.73,0.001,ASK
1443756881,1535.73,0.001,ASK
1443756881,1535.72,0.1546,ASK
1443756882,1535.72,0.1242,ASK
1443756882,1535.54,0.002,ASK
1443756882,1535.51,0.001,ASK
1443756882,1535.51,0.001,ASK
1443756882,1535.51,0.001,ASK
1443756883,1535.29,1.0,ASK
1443756883,1535.29,7.852,ASK
1443756885,1535.5,0.2418,BID
1443756889,1535.51,0.013,ASK
1443756893,1535.63,0.001,ASK
1443756893,1535.51,0.228,ASK
1443756895,1535.51,0.0008,ASK
1443756895,1535.28,0.0372,ASK
1443756898,1535.28,0.037,ASK
1443756902,1535.28,0.6,ASK
1443756906,1535.28,0.06,ASK
1443756911,1535.28,0.534,ASK
1443756914,1535.28,0.0008,ASK
1443756914,1535.11,0.5242,ASK
1443756916,1535.11,0.024,ASK
1443756920,1535.11,0.115,ASK
1443756922,1535.11,0.125,ASK
1443756925,1535.11,0.076,ASK
1443756927,1535.11,0.02,ASK
1443756930,1535.11,0.097,ASK
1443756933,1535.29,0.001,ASK
1443756933,1535.11,0.309,ASK
1443756940,1535.12,0.02,ASK
1443756944,1535.12,0.48,ASK
1443756944,1535.12,0.14,ASK
1443756949,1535.12,0.0266,ASK
1443756949,1535.12,0.0184,ASK
1443756952,1535.27,0.001,ASK
1443756952,1535.12,0.0006,ASK
1443756952,1535.12,0.1684,ASK
1443756956,1535.12,0.3126,ASK
1443756956,1535.12,0.0174,ASK
1443756960,1535.12,0.0006,ASK
1443756960,1535.12,0.169,ASK
1443756960,1535.12,0.3294,ASK
1443756964,1535.12,0.0006,ASK
1443756964,1535.11,0.9994,ASK
1443756968,1535.12,0.4,ASK
1443756971,1536.22,7.0336,BID
1443756971,1536.23,0.0255,BID
1443756971,1536.23,0.025,BID
1443756971,1536.24,1.269,BID
1443756971,1536.27,0.001,BID
1443756971,1536.29,0.001,BID
1443756971,1536.51,0.001,BID
1443756971,1536.51,0.001,BID
1443756971,1536.51,0.001,BID
1443756971,1536.63,0.001,BID
1443756971,1536.66,0.003,BID
1443756971,1536.97,0.1712,BID
1443756971,1536.97,0.002,BID
1443756971,1536.99,0.001,BID
1443756971,1537.0,0.3,BID
1443756971,1537.0,0.099,ASK
1443756972,1537.0,0.1461,ASK
1443756974,1537.0,0.015,ASK
1443756974,1537.0,0.2,ASK
1443756975,1537.0,0.65,ASK
1443756976,1537.0,0.65,ASK
1443756976,1537.0,0.01,ASK
1443756977,1537.0,0.2,ASK
1443756977,1537.01,0.001,BID
1443756977,1537.01,0.2,ASK
1443756977,1537.01,0.65,ASK
1443756978,1537.01,0.4174,ASK
1443756978,1537.0,0.2326,ASK
1443756978,1537.0,0.01,ASK
1443756979,1537.0,0.01,ASK
1443756979,1537.0,0.65,ASK
1443756980,1537.0,0.417,ASK
1443756982,1537.0,0.65,ASK
1443756982,1537.0,0.417,ASK
1443756983,1537.0,0.104,ASK
1443756983,1537.0,0.2,ASK
1443756983,1537.0,0.65,ASK
1443756984,1537.0,0.65,ASK
1443756984,1537.0,0.01,ASK
1443756985,1537.0,0.65,ASK
1443756986,1537.0,0.042,ASK
1443756988,1537.0,1.0,ASK
1443756989,1537.0,0.001,ASK
1443756989,1537.0,0.03,ASK
1443756989,1537.0,0.1272,ASK
1443756991,1537.0,0.012,ASK
1443756997,1537.0,3.3308,ASK
1443756998,1536.95,0.01,ASK
1443756998,1536.94,0.2,ASK
1443757001,1536.01,0.015,ASK
1443757001,1536.0,0.083,ASK
1443757005,1536.01,0.0108,ASK
1443757005,1536.0,0.2062,ASK
1443757007,1536.0,0.0108,ASK
1443757007,1535.18,0.001,ASK
1443757007,1535.16,0.0482,ASK
1443757014,1535.58,0.001,ASK
1443757014,1535.17,0.019,ASK
1443757017,1535.18,0.01,ASK
1443757019,1535.18,0.01,ASK
1443757024,1536.53,0.5105,BID
1443757024,1536.58,0.001,BID
1443757024,1536.98,0.0308,BID
1443757024,1536.99,1.2684,BID
1443757024,1536.99,12.9675,BID
1443757024,1537.0,25.2218,BID
1443757029,1536.99,0.0582,BID
1443757029,1536.99,0.015,BID
1443757029,1537.0,0.0268,BID
1443757031,1535.23,0.09,ASK
1443757033,1535.24,0.0211,ASK
1443757033,1535.23,0.1234,ASK
1443757033,1535.23,0.0055,ASK
1443757036,1535.25,0.03,ASK
1443757039,1535.28,0.01,ASK
1443757044,1535.26,0.124,ASK
1443757048,1535.3,0.0326,ASK
1443757048,1535.29,0.4174,ASK
1443757052,1535.59,0.001,ASK
1443757052,1535.3,0.009,ASK
1443757054,1535.3,0.01,ASK
1443757059,1535.31,0.14,ASK
1443757063,1535.32,0.01,ASK
1443757063,1535.32,0.019,ASK
1443757063,1535.31,0.028,ASK
1443757072,1535.66,0.001,ASK
1443757072,1535.33,0.01,ASK
1443757072,1535.33,0.003,ASK
1443757074,1536.47,1.0,ASK
1443757074,1536.47,13.409,ASK
1443757075,1535.34,0.0195,ASK
1443757075,1535.33,0.016,ASK
1443757075,1535.33,0.3565,ASK
1443757078,1535.33,0.014,ASK
1443757082,1535.34,1.0,ASK
1443757085,1535.34,0.01,ASK
1443757088,1535.35,0.473,ASK
1443757089,1536.44,0.457,BID
1443757089,1535.35,0.027,ASK
1443757089,1535.34,0.2249,ASK
1443757092,1535.34,0.5,ASK
1443757095,1535.67,0.001,ASK
1443757095,1535.36,0.009,ASK
1443757098,1536.58,0.09,BID
1443757098,1536.59,0.001,BID
1443757099,1536.59,0.009,ASK
1443757099,1535.36,0.001,ASK
1443757099,1535.35,0.001,ASK
1443757102,1535.36,0.024,ASK
1443757105,1535.35,0.499,ASK
1443757105,1535.35,0.013,ASK
1443757109,1535.36,0.5,ASK
1443757109,1535.25,1.0,ASK
1443757109,1535.13,6.6495,ASK
1443757109,1535.12,0.001,ASK
1443757109,1535.11,10.1659,ASK
1443757112,1535.39,0.313,ASK
1443757115,1535.12,0.01,ASK
1443757118,1535.15,0.193,ASK
1443757121,1535.15,0.026,ASK
1443757124,1535.16,0.011,ASK
1443757127,1535.16,0.12,ASK
1443757130,1535.16,0.017,ASK
1443757134,1535.39,0.001,ASK
1443757134,1535.16,0.352,ASK
1443757134,1535.16,0.011,ASK
1443757134,1535.16,0.016,ASK
1443757138,1535.16,0.104,ASK
1443757138,1535.16,0.017,ASK
1443757138,1535.16,0.296,ASK
1443757141,1535.16,0.083,ASK
1443757141,1535.13,0.416,ASK
1443757141,1535.12,0.001,ASK
1443757145,1535.13,0.5,ASK
1443757145,1535.12,0.5,ASK
1443757149,1535.13,0.1,ASK
1443757150,1536.31,0.0109,BID
1443757151,1536.31,0.001,ASK
1443757152,1536.31,0.024,ASK
1443757152,1535.24,0.001,ASK
1443757152,1535.14,0.0109,ASK
1443757152,1535.13,0.1461,ASK
1443757157,1535.31,0.088,BID
1443757161,1535.32,0.012,ASK
1443757167,1535.33,0.254,ASK
1443757168,1536.25,2.0,ASK
1443757168,1536.25,11.965,ASK
1443757170,1536.26,0.0109,BID
1443757170,1536.37,0.124,BID
1443757170,1536.37,0.0984,BID
1443757170,1536.37,0.0873,BID
1443757170,1536.38,4.7709,BID
1443757172,1535.35,0.0256,ASK
1443757172,1535.34,0.025,ASK
1443757172,1535.33,0.0774,ASK
1443757177,1535.38,0.011,ASK
1443757181,1535.37,0.077,ASK
1443757187,1535.37,0.025,ASK
1443757187,1535.36,0.052,ASK
1443757191,1535.37,0.0224,ASK
1443757191,1535.36,0.0466,ASK
1443757193,1535.66,0.001,ASK
1443757193,1535.36,0.25,ASK
1443757196,1535.37,0.0101,ASK
1443757196,1535.36,0.0209,ASK
1443757200,1535.37,0.0114,ASK
1443757200,1535.36,0.1305,ASK
1443757200,1535.36,0.051,ASK
1443757200,1535.36,0.0351,ASK
1443757204,1535.36,0.01,ASK
1443757207,1535.36,0.0019,ASK
1443757207,1535.36,0.0411,ASK
1443757209,1535.36,0.2299,ASK
1443757209,1535.36,0.2161,ASK
1443757211,1535.36,0.0009,ASK
1443757211,1535.36,0.053,ASK
1443757211,1535.33,0.3921,ASK
1443757212,1535.34,0.016,ASK
1443757214,1535.34,0.053,ASK
1443757215,1535.34,0.377,ASK
1443757215,1535.33,0.369,ASK
1443757217,1535.34,0.01,ASK
1443757220,1535.34,0.06,ASK
1443757220,1535.34,0.43,ASK
1443757220,1535.33,0.07,ASK
1443757224,1535.34,0.49,ASK
1443757225,1535.34,0.01,ASK
1443757225,1535.33,0.15,ASK
1443757228,1535.33,0.153,ASK
1443757228,1535.33,0.01,ASK
1443757228,1536.27,0.024,BID
1443757228,1536.27,0.0141,BID
1443757228,1536.28,0.3921,BID
1443757228,1536.28,0.369,BID
1443757228,1536.28,0.0814,BID
1443757228,1536.28,0.07,BID
1443757228,1536.28,0.15,BID
1443757228,1536.29,2.2676,BID
1443757228,1536.29,0.01,BID
1443757228,1536.31,0.001,BID
1443757228,1536.36,0.1666,BID
1443757228,1536.39,0.001,BID
1443757228,1536.4,1.0,BID
1443757228,1536.66,0.001,BID
1443757228,1536.66,0.001,BID
1443757228,1536.67,0.001,BID
1443757228,1536.68,0.002,BID
1443757228,1536.98,2.246,BID
1443757228,1536.98,0.11,BID
1443757228,1536.99,5.0,BID
1443757228,1537.0,1.106,BID
1443757229,1535.34,0.098,ASK
1443757231,1535.35,0.025,ASK
1443757231,1535.34,0.402,ASK
1443757231,1535.34,0.0521,ASK
1443757231,1535.34,0.0209,ASK
1443757233,1536.0,0.5,ASK
1443757234,1536.0,0.025,ASK
1443757236,1536.0,3.057,ASK
1443757237,1536.0,0.058,ASK
1443757238,1536.0,3.06,ASK
1443757241,1535.5,0.084,BID
1443757244,1535.51,0.016,ASK
1443757247,1535.96,0.0109,BID
1443757247,1535.96,0.011,BID
1443757247,1535.97,0.219,BID
1443757247,1535.99,0.01,BID
1443757247,1535.99,0.0771,BID
1443757247,1536.0,5.4733,BID
1443757249,1535.52,7.53,BID
1443757251,1535.52,0.063,ASK
1443757252,1536.0,0.001,BID
1443757254,1535.51,0.03,ASK
1443757257,1535.51,0.038,ASK
1443757257,1535.39,0.01,ASK
1443757260,1535.4,0.025,ASK
1443757264,1535.4,0.0245,ASK
1443757264,1535.39,0.0735,ASK
1443757270,1535.99,0.025,BID
1443757270,1535.99,0.0245,BID
1443757270,1536.0,5.4657,BID
1443757270,1537.0,6.9968,BID
1443757279,1535.98,0.063,ASK
1443757282,1535.44,0.0326,ASK
1443757282,1535.44,0.0304,ASK
1443757286,1535.45,0.025,ASK
1443757289,1535.45,0.025,ASK
1443757289,1535.44,0.4696,ASK
1443757289,1535.44,0.0044,ASK
1443757290,1535.95,13.169,ASK
1443757291,1535.96,0.063,BID
1443757291,1535.97,0.063,BID
1443757293,1535.97,0.01,ASK
1443757294,1535.97,0.276,ASK
1443757294,1535.46,0.01,ASK
1443757296,1535.98,0.09,ASK
1443757297,1535.44,0.0256,ASK
1443757297,1535.38,0.0414,ASK
1443757301,1535.48,0.511,BID
1443757303,1535.49,0.026,ASK
1443757311,1535.49,0.01,ASK
1443757316,1535.69,0.001,ASK
1443757316,1535.49,0.474,ASK
1443757320,1535.49,0.001,ASK
1443757320,1535.4,0.999,ASK
1443757324,1535.41,0.018,ASK
1443757328,1535.41,0.032,ASK
1443757330,1535.41,0.45,ASK
1443757330,1535.41,0.018,ASK
1443757333,1535.7,0.001,ASK
1443757333,1535.41,0.009,ASK
1443757338,1535.4,4.001,ASK
1443757339,1535.32,0.023,ASK
1443757339,1535.4,0.477,BID
1443757340,1535.4,5.0863,BID
1443757341,1535.4,0.6513,BID
1443757341,1535.4,1.31,BID
1443757342,1535.4,0.6513,BID
1443757342,1535.4,2.58,BID
1443757342,1535.32,0.015,ASK
1443757343,1535.4,0.6513,BID
1443757344,1535.4,0.963,BID
1443757344,1535.39,0.02,BID
1443757344,1535.39,0.0126,BID
1443757344,1535.39,0.05,BID
1443757344,1535.4,0.5687,BID
1443757345,1535.39,4.283,BID
1443757345,1535.32,0.038,ASK
1443757345,1535.32,0.962,ASK
1443757346,1535.4,0.6513,BID
1443757346,1535.4,0.02,BID
1443757347,1535.4,0.8762,BID
1443757348,1535.42,0.307,ASK
1443757351,1535.41,0.307,ASK
1443757354,1535.41,0.209,ASK
1443757358,1535.41,0.01,ASK
1443757361,1535.41,0.1253,ASK
1443757361,1535.41,0.6507,ASK
1443757364,1535.41,0.0006,ASK
1443757364,1535.33,0.0154,ASK
1443757364,1535.32,0.3078,ASK
1443757364,1535.31,0.001,ASK
1443757364,1535.22,0.008,ASK
1443757364,1535.19,0.001,ASK
1443757364,1535.13,0.2353,ASK
1443757364,1535.11,0.2069,ASK
1443757367,1535.12,0.5,ASK
1443757367,1535.11,0.5,ASK
1443757371,1535.12,0.021,ASK
1443757375,1535.12,0.479,ASK
1443757379,1535.13,0.01,ASK
1443757379,1535.12,0.008,ASK
1443757381,1535.13,1.0,ASK
1443757388,1535.14,0.479,ASK
1443757390,1535.14,0.001,ASK
1443757390,1535.14,0.999,ASK
1443757393,1535.15,1.0,ASK
1443757396,1535.17,0.5,ASK
1443757400,1535.16,0.5,ASK
1443757400,1535.14,0.5,ASK
1443757404,1535.16,1.0,ASK
1443757411,1535.16,0.019,ASK
1443757414,1535.16,1.0,ASK
1443757419,1535.16,0.083,ASK
1443757419,1535.32,0.5038,BID
1443757419,1535.16,0.5767,ASK
1443757419,1535.15,1.0,ASK
1443757419,1535.12,0.111,ASK
1443757419,1535.11,5.1523,ASK
1443757420,1535.12,3.0,BID
1443757420,1535.12,13.395,BID
1443757424,1535.11,0.076,ASK
1443757425,1535.11,0.65,ASK
1443757426,1535.11,0.65,ASK
1443757427,1535.11,0.033,ASK
1443757427,1535.11,0.65,ASK
1443757428,1535.11,0.65,ASK
1443757429,1535.11,0.65,ASK
1443757430,1535.11,0.65,ASK
1443757431,1535.11,0.65,ASK
1443757431,1535.11,1.0,ASK
1443757431,1535.15,0.01,BID
1443757435,1535.11,0.922,ASK
1443757435,1535.15,0.0002,BID
1443757435,1535.16,0.2042,BID
1443757435,1535.16,0.01,ASK
1443757438,1535.11,1.0,ASK
1443757442,1535.11,1.0,ASK
1443757443,1535.11,0.6491,ASK
1443757445,1535.11,0.895,ASK
1443757449,1535.11,1.0,ASK
1443757452,1535.11,1.0,ASK
1443757457,1535.11,1.0,ASK
1443757466,1535.11,1.0,ASK
1443757466,1535.11,0.2511,ASK
1443757473,1535.11,0.065,ASK
1443757480,1535.11,0.984,ASK
1443757485,1535.11,1.0,ASK
1443757488,1535.11,0.288,ASK
1443757489,1535.29,8.0,ASK
1443757489,1535.29,3.0,ASK
1443757489,1535.29,1.617,ASK
1443757491,1535.11,0.463,ASK
1443757494,1535.11,0.02,ASK
1443757497,1535.11,1.0,ASK
1443757502,1535.11,0.601,ASK
1443757507,1535.12,0.042,ASK
1443757511,1535.11,0.068,ASK
1443757518,1535.3,0.0535,BID
1443757519,1535.31,0.0535,BID
1443757520,1535.31,0.063,BID
1443757521,1535.31,0.6513,BID
1443757522,1535.31,0.502,BID
1443757522,1535.31,0.1493,BID
1443757523,1535.31,0.0277,BID
1443757523,1535.32,0.6236,BID
1443757524,1535.32,0.554,BID
1443757534,1535.3,0.597,ASK
1443757535,1535.3,0.0009,ASK
1443757539,1535.16,1.21,BID
1443757539,1535.29,0.597,BID
1443757539,1535.3,0.063,ASK
1443757543,1535.3,0.63,ASK
1443757545,1535.29,0.63,BID
1443757545,1535.32,3.3186,BID
1443757545,1535.5,9.076,BID
1443757546,1535.33,0.014,ASK
1443757549,1535.33,0.31,ASK
1443757550,1535.33,0.3273,ASK
1443757553,1535.18,0.016,ASK
1443757556,1535.18,0.016,ASK
1443757562,1535.18,0.0006,ASK
1443757562,1535.18,0.016,ASK
1443757562,1535.18,0.0154,ASK
1443757563,1535.19,0.01,ASK
1443757565,1535.19,0.0551,ASK
1443757565,1535.18,0.9449,ASK
1443757566,1535.18,0.0551,ASK
1443757569,1535.19,0.0179,ASK
1443757569,1535.18,0.0371,ASK
1443757570,1535.18,0.2328,ASK
1443757570,1535.18,0.017,ASK
1443757570,1535.18,0.0156,ASK
1443757570,1535.17,0.0371,ASK
1443757570,1535.31,0.016,BID
1443757570,1535.31,0.016,BID
1443757570,1535.31,0.0154,BID
1443757570,1535.32,0.0526,BID
1443757579,1535.18,0.013,ASK
1443757595,1535.31,0.017,BID
1443757595,1535.31,0.0156,BID
1443757595,1535.32,0.2574,BID
1443757595,1535.32,0.6373,BID
1443757595,1535.48,0.069,BID
1443757595,1535.49,0.111,BID
1443757595,1535.49,0.4027,BID
1443757600,1535.18,0.0177,ASK
1443757600,1535.18,0.0123,ASK
1443757614,1535.18,0.0007,ASK
1443757614,1535.18,0.0177,ASK
1443757614,1535.18,0.0116,ASK
1443757619,1535.18,0.0007,ASK
1443757619,1535.18,0.0093,ASK
1443757622,1535.18,0.0084,ASK
1443757622,1535.18,0.0123,ASK
1443757622,1535.18,0.0093,ASK
1443757623,1535.18,0.0007,ASK
1443757623,1535.17,0.6143,ASK
1443757623,1535.11,1.855,ASK
1443757627,1535.12,0.021,ASK
1443757629,1535.12,0.0097,ASK
1443757629,1535.12,0.0113,ASK
1443757632,1535.11,0.01,ASK
1443757635,1535.11,0.472,ASK
1443757637,1535.12,0.01,ASK
1443757640,1535.12,0.1,ASK
1443757646,1535.12,0.001,ASK
1443757646,1535.11,0.009,ASK
1443757647,1535.48,0.013,BID
1443757647,1535.48,0.0304,BID
1443757647,1535.49,0.8672,BID
1443757647,1535.49,0.0179,BID
1443757648,1535.12,0.01,ASK
1443757649,1535.49,0.01,BID
1443757649,1535.5,11.4846,BID
1443757651,1535.12,0.0179,ASK
1443757651,1535.11,0.9821,ASK
1443757653,1535.49,0.125,BID
1443757653,1535.49,0.0179,BID
1443757653,1535.5,5.4405,BID
1443757655,1535.14,0.017,ASK
1443757657,1535.12,0.0179,ASK
1443757657,1535.11,0.1821,ASK
1443757657,1535.12,0.053,ASK
1443757660,1535.12,0.01,ASK
1443757663,1535.13,0.161,ASK
1443757667,1535.14,0.01,ASK
1443757669,1535.49,0.017,BID
1443757669,1535.49,0.053,BID
1443757669,1535.49,0.0179,BID
1443757669,1535.49,0.101,BID
1443757669,1535.5,26.773,BID
1443757670,1535.14,0.0535,ASK
1443757670,1535.13,0.0095,ASK
1443757674,1535.14,0.0569,ASK
1443757674,1535.13,0.9431,ASK
1443757677,1535.13,0.01,ASK
1443757683,1535.13,0.1466,ASK
1443757683,1535.13,0.1004,ASK
1443757683,1535.13,0.0001,ASK
1443757683,1535.12,0.01,ASK
1443757683,1535.12,2.0,ASK
1443757683,1535.12,0.2391,ASK
1443757683,1535.12,0.0487,ASK
1443757685,1535.11,0.247,ASK
1443757689,1535.11,1.0,ASK
1443757689,1535.11,0.005,ASK
1443757690,1535.11,0.65,ASK
1443757691,1535.11,0.01,ASK
1443757694,1535.11,0.621,ASK
1443757695,1535.11,0.354,ASK
1443757699,1535.12,0.101,BID
1443757700,1535.12,0.6514,BID
1443757701,1535.11,1.0,ASK
1443757701,1535.12,0.6514,BID
1443757702,1535.12,0.6514,BID
1443757703,1535.12,0.6514,BID
1443757704,1535.12,0.0687,BID
1443757705,1535.13,0.5827,ASK
1443757705,1535.11,2.0833,ASK
1443757706,1535.13,0.6514,ASK
1443757706,1535.11,0.3486,ASK
1443757706,1535.11,0.65,ASK
1443757710,1535.11,1.0,ASK
1443757712,1535.11,1.0,ASK
1443757715,1535.11,0.01,ASK
1443757718,1535.11,0.325,ASK
1443757721,1535.11,0.1,ASK
1443757727,1535.11,0.01,ASK
1443757730,1535.11,2.0,ASK
1443757731,1535.11,0.0095,ASK
1443757731,1535.1,0.2445,ASK
1443757732,1535.1,0.35,ASK
1443757733,1535.1,0.35,ASK
1443757740,1535.1,0.002,ASK
1443757742,1535.1,1.0,ASK
1443757744,1535.1,1.0,ASK
1443757747,1535.1,1.0,ASK
1443757749,1535.1,3.0732,ASK
1443757754,1535.1,0.01,ASK
1443757757,1535.1,0.838,ASK
1443757758,1535.48,0.0635,BID
1443757761,1535.48,0.01,ASK
1443757763,1535.48,0.3824,ASK
1443757763,1535.1,0.0096,ASK
1443757765,1535.1,0.349,ASK
1443757768,1535.1,0.01,ASK
1443757771,1535.1,0.01,ASK
1443757774,1535.1,0.06,ASK
1443757784,1535.1,0.249,ASK
1443757789,1535.1,1.1,ASK
1443757792,1535.1,0.0038,ASK
1443757797,1535.1,0.01,ASK
1443757798,1535.1,2.1,ASK
1443757799,1535.1,1.0,ASK
1443757801,1535.1,0.05,ASK
1443757803,1535.1,0.01,ASK
1443757805,1535.1,0.015,ASK
1443757808,1535.1,0.302,ASK
1443757811,1535.1,0.21,ASK
1443757812,1535.1,1.0,ASK
1443757817,1535.1,0.014,ASK
1443757819,1535.1,0.01,ASK
1443757820,1535.1,6.5289,ASK
1443757820,1535.1,1.0,ASK
1443757820,1535.07,0.001,ASK
1443757820,1535.06,0.001,ASK
1443757820,1535.0,0.3,ASK
1443757820,1535.0,1.9547,ASK
1443757822,1534.85,0.012,ASK
1443757827,1534.81,0.01,ASK
1443757831,1534.8,0.001,ASK
1443757831,1534.8,0.001,ASK
1443757831,1534.8,0.001,ASK
1443757831,1534.8,0.001,ASK
1443757831,1534.8,0.001,ASK
1443757831,1534.8,0.001,ASK
1443757831,1534.8,0.001,ASK
1443757831,1534.8,0.001,ASK
1443757831,1534.74,0.001,ASK
1443757831,1534.72,0.001,ASK
1443757834,1534.71,0.001,ASK
1443757834,1534.71,0.001,ASK
1443757834,1534.7,0.005,ASK
1443757834,1534.65,0.001,ASK
1443757834,1534.61,0.001,ASK
1443757834,1534.46,0.001,ASK
1443757835,1534.97,5.0,ASK
1443757835,1534.97,8.079,ASK
1443757839,1534.43,0.012,ASK
1443757839,1534.4,0.001,ASK
1443757841,1534.98,0.001,BID
1443757846,1534.4,0.11,ASK
1443757852,1534.4,0.408,ASK
1443757854,1534.98,0.001,BID
1443757856,1534.4,0.5424,ASK
1443757856,1534.4,0.2116,ASK
1443757859,1534.41,0.01,ASK
1443757859,1534.4,0.0007,ASK
1443757859,1534.39,0.002,ASK
1443757859,1534.33,0.0323,ASK
1443757862,1534.33,0.01,ASK
1443757865,1534.33,0.0002,ASK
1443757865,1534.26,0.3578,ASK
1443757867,1534.98,0.001,BID
1443757869,1534.26,1.0,ASK
1443757872,1534.29,0.015,ASK
1443757884,1534.25,0.001,ASK
1443757884,1534.25,0.001,ASK
1443757884,1534.25,0.038,ASK
1443757887,1534.25,1.0,ASK
1443757891,1534.28,0.5,ASK
1443757891,1534.25,0.344,ASK
1443757895,1534.97,0.01,BID
1443757895,1534.98,0.0605,BID
1443757895,1534.99,1.2295,BID
1443757903,1534.93,0.005,BID
1443757904,1534.25,0.0252,ASK
1443757929,1534.25,0.08,ASK
1443757931,1534.25,1.45,ASK
1443757932,1534.25,0.01,ASK
1443757934,1534.25,1.5053,ASK
1443757936,1534.2,0.001,ASK
1443757936,1534.13,0.001,ASK
1443757936,1534.13,0.001,ASK
1443757936,1534.07,0.007,ASK
1443757940,1534.13,0.001,ASK
1443757942,1534.07,0.009,ASK
1443757942,1534.07,0.001,ASK
1443757942,1534.07,0.35,ASK
1443757950,1534.92,0.01,BID
1443757950,1534.93,0.0148,BID
1443757950,1534.94,0.397,BID
1443757950,1534.98,0.1112,BID
