timestamp,price,amount,side
1445382985,1754.34,0.0801,BID
1445382990,1754.52,0.0332,BID
1445382990,1754.53,0.5,BID
1445382990,1754.54,0.0538,BID
1445382992,1754.54,1.18,BID
1445382992,1754.54,0.627,BID
1445382993,1754.54,0.5699,BID
1445382994,1754.54,0.5699,BID
1445382995,1754.54,0.5699,BID
1445382996,1754.54,0.5699,BID
1445382997,1754.54,0.5579,BID
1445382997,1754.54,0.5699,BID
1445382998,1754.54,0.5699,BID
1445382999,1754.54,0.5699,BID
1445383011,1754.54,0.05,BID
1445383026,1754.53,0.0332,ASK
1445383026,1754.53,0.0233,ASK
1445383026,1754.37,0.0285,ASK
1445383026,1754.36,0.415,ASK
1445383047,1754.39,0.0104,ASK
1445383047,1754.38,0.2077,ASK
1445383047,1754.38,0.0861,ASK
1445383047,1754.37,0.0247,ASK
1445383047,1754.36,0.0285,ASK
1445383047,1754.35,0.1426,ASK
1445383048,1754.39,0.0147,ASK
1445383048,1754.36,0.01,ASK
1445383058,1754.4,0.0698,ASK
1445383058,1754.4,0.1927,ASK
1445383061,1754.39,0.0591,BID
1445383062,1754.39,0.0643,BID
1445383062,1754.39,0.1391,BID
1445383062,1754.4,0.1234,BID
1445383063,1754.4,0.1141,BID
1445383068,1754.51,0.1657,BID
1445383068,1754.52,0.0332,BID
1445383072,1754.52,0.5,ASK
1445383073,1754.52,0.65,ASK
1445383074,1754.52,0.65,ASK
1445383075,1754.53,0.393,ASK
1445383075,1754.52,0.257,ASK
1445383076,1754.52,0.0103,ASK
1445383077,1754.52,0.393,ASK
1445383079,1754.52,0.65,ASK
1445383080,1754.53,0.6,ASK
1445383080,1754.52,0.05,ASK
1445383081,1754.52,0.65,ASK
1445383082,1754.52,0.65,ASK
1445383083,1754.52,0.65,ASK
1445383084,1754.52,0.65,ASK
1445383085,1754.53,0.5,ASK
1445383085,1754.52,0.15,ASK
1445383086,1754.52,0.65,ASK
1445383089,1754.53,0.1231,BID
1445383089,1754.54,2.4623,BID
1445383094,1754.55,0.0332,ASK
1445383094,1754.54,0.8278,ASK
1445383184,1754.58,0.0151,ASK
1445383196,1754.57,0.0499,ASK
1445383196,1754.56,0.09,ASK
1445383196,1754.55,0.0595,ASK
1445383196,1754.54,0.1408,ASK
1445383218,1754.54,0.91,ASK
1445383219,1754.54,0.4422,ASK
1445383219,1754.54,0.1231,ASK
1445383219,1754.54,0.0847,ASK
1445383220,1754.55,0.0332,BID
1445383220,1754.55,0.062,ASK
1445383220,1754.55,0.0764,ASK
1445383220,1754.55,0.0254,ASK
1445383220,1754.54,0.4862,ASK
1445383221,1754.54,0.65,ASK
1445383222,1754.54,0.65,ASK
1445383223,1754.56,0.0499,BID
1445383223,1754.57,0.65,ASK
1445383240,1754.57,0.271,ASK
1445383241,1754.57,0.65,ASK
1445383242,1754.57,0.65,ASK
1445383243,1754.57,0.65,ASK
1445383244,1754.57,0.65,ASK
1445383245,1754.57,0.65,ASK
1445383246,1754.57,0.65,ASK
1445383247,1754.57,0.65,ASK
1445383248,1754.57,0.65,ASK
1445383249,1754.57,0.65,ASK
1445383250,1754.57,0.65,ASK
1445383251,1754.57,0.65,ASK
1445383252,1754.57,0.65,ASK
1445383253,1754.57,0.65,ASK
1445383255,1754.57,0.5791,ASK
1445383255,1754.57,0.0499,ASK
1445383261,1754.55,0.1354,ASK
1445383261,1754.54,1.0446,ASK
1445383262,1754.54,0.65,ASK
1445383263,1754.55,0.0112,ASK
1445383263,1754.54,0.6388,ASK
1445383264,1754.55,0.0254,ASK
1445383264,1754.54,0.3748,ASK
1445383264,1754.53,0.2498,ASK
1445383264,1754.53,0.2583,ASK
1445383264,1754.52,2.3217,ASK
1445383264,1754.52,1.18,ASK
1445383266,1754.52,2.0,ASK
1445383266,1754.53,0.025,BID
1445383266,1754.53,0.0112,BID
1445383267,1754.52,0.65,ASK
1445383268,1754.52,0.65,ASK
1445383269,1754.52,0.204,ASK
1445383269,1754.52,0.204,ASK
1445383269,1754.52,0.204,ASK
1445383269,1754.52,0.204,ASK
1445383269,1754.52,0.204,ASK
1445383269,1754.52,0.204,ASK
1445383269,1754.52,0.204,ASK
1445383269,1754.52,0.65,ASK
1445383273,1754.52,0.4,ASK
1445383273,1754.52,0.4,ASK
1445383276,1754.52,8.5368,ASK
1445383276,1754.52,0.5,ASK
1445383279,1754.52,0.9485,ASK
1445383288,1754.52,0.5,ASK
1445383289,1754.52,1.5736,ASK
1445383289,1754.52,0.0755,ASK
1445383289,1754.51,1.3509,ASK
1445383290,1754.51,0.1592,ASK
1445383290,1754.41,0.0758,ASK
1445383290,1754.4,0.0893,ASK
1445383290,1754.35,0.1757,ASK
1445383299,1754.35,0.2517,ASK
1445383311,1754.32,0.4638,ASK
1445383324,1754.28,0.196,ASK
1445383325,1754.28,0.0003,ASK
1445383360,1753.28,0.0332,ASK
1445383360,1753.23,0.4111,ASK
1445383459,1753.23,0.094,BID
1445383492,1754.02,0.0332,BID
1445383492,1754.03,0.03,BID
1445383492,1754.04,0.0148,BID
1445383500,1754.04,0.091,BID
1445383513,1754.03,0.0247,BID
1445383513,1754.04,0.4942,BID
1445383513,1754.05,0.0196,BID
1445383513,1754.06,0.0525,BID
1445383514,1754.06,0.3405,BID
1445383516,1754.06,0.1775,ASK
1445383516,1754.05,0.366,ASK
1445383516,1754.05,0.188,ASK
1445383516,1753.26,0.0264,ASK
1445383520,1754.05,0.1775,BID
1445383532,1754.22,0.05,BID
1445383532,1754.23,0.138,BID
1445383532,1754.23,0.181,BID
1445383532,1754.23,0.188,BID
1445383532,1754.23,0.493,BID
1445383535,1754.29,0.01,BID
1445383535,1754.5,0.02,BID
1445383536,1754.5,0.005,BID
1445383536,1754.52,0.151,BID
1445383536,1754.52,0.01,BID
1445383539,1754.52,0.068,BID
1445383540,1754.52,0.771,BID
1445383543,1754.75,0.0017,BID
1445383543,1754.77,0.1153,BID
1445383543,1754.77,0.002,BID
1445383543,1754.78,0.033,BID
1445383543,1754.78,0.0616,BID
1445383543,1754.79,0.0781,BID
1445383543,1754.81,0.4933,BID
1445383549,1754.81,0.5067,BID
1445383549,1755.0,0.6733,BID
1445383552,1755.0,0.3267,BID
1445383552,1755.0,0.8533,BID
1445383553,1755.0,0.069,BID
1445383554,1755.0,0.5698,BID
1445383555,1755.0,0.5079,BID
1445383574,1755.03,0.0332,ASK
1445383574,1755.02,0.06,ASK
1445383574,1755.01,0.0619,ASK
1445383574,1755.01,0.4747,ASK
1445383635,1755.01,0.0332,ASK
1445383635,1754.45,0.0398,ASK
1445383635,1754.44,0.6,ASK
1445383635,1754.44,0.0565,ASK
1445383635,1754.44,0.0815,ASK
1445383635,1754.44,0.0191,ASK
1445383635,1754.43,0.2894,ASK
1445383635,1754.43,0.39,ASK
1445383635,1754.43,0.37,ASK
1445383636,1754.43,0.6,ASK
1445383636,1754.43,0.8,ASK
1445383636,1754.43,0.4,ASK
1445383637,1754.43,0.7,ASK
1445383637,1754.43,0.2,ASK
1445383637,1754.43,0.6,ASK
1445383639,1754.43,0.65,ASK
1445383640,1754.43,0.785,ASK
1445383640,1754.43,0.63,ASK
1445383642,1754.35,0.1971,ASK
1445383642,1754.34,1.8869,ASK
1445383643,1754.34,0.65,ASK
1445383644,1754.34,1.18,ASK
1445383645,1754.35,0.1971,ASK
1445383645,1754.34,0.65,ASK
1445383647,1754.34,0.05,ASK
1445383648,1754.34,0.197,ASK
1445383648,1754.34,0.4822,ASK
1445383648,1754.34,0.11,ASK
1445383649,1754.34,0.11,ASK
1445383649,1754.34,0.01,ASK
1445383650,1754.34,0.5,ASK
1445383650,1754.34,0.306,ASK
1445383651,1754.34,0.6,ASK
1445383652,1754.34,0.4,ASK
1445383652,1754.34,0.8,ASK
1445383652,1754.34,0.197,ASK
1445383653,1754.34,0.2,ASK
1445383653,1754.34,0.2,ASK
1445383654,1754.34,0.2,ASK
1445383654,1754.34,0.64,ASK
1445383654,1754.34,0.01,ASK
1445383655,1754.34,0.197,ASK
1445383656,1754.34,0.01,ASK
1445383656,1754.34,0.197,ASK
1445383660,1754.35,0.3029,BID
1445383660,1754.41,0.065,BID
1445383660,1754.42,0.2021,BID
1445383661,1754.34,1.18,ASK
1445383663,1754.36,0.3029,ASK
1445383663,1754.35,0.0961,ASK
1445383663,1754.35,0.001,ASK
1445383664,1754.36,4.0,ASK
1445383664,1754.36,2.0,ASK
1445383664,1754.36,3.861,ASK
1445383665,1754.35,0.0708,ASK
1445383665,1754.35,0.0292,ASK
1445383665,1754.34,0.3,ASK
1445383667,1754.35,0.0172,BID
1445383667,1754.34,0.79,ASK
1445383667,1754.34,0.4,ASK
1445383667,1754.34,6.3797,ASK
1445383670,1754.34,1.18,ASK
1445383670,1754.34,0.11,ASK
1445383674,1754.34,0.4,ASK
1445383680,1754.34,0.16,ASK
1445383681,1754.34,0.8,ASK
1445383682,1754.35,0.2857,BID
1445383682,1754.36,0.4,ASK
1445383698,1754.36,0.4,ASK
1445383698,1754.36,0.3073,ASK
1445383698,1754.36,0.2857,ASK
1445383699,1754.34,0.993,ASK
1445383703,1754.34,0.1049,ASK
1445383704,1754.34,0.32,ASK
1445383706,1754.34,0.0139,ASK
1445383707,1754.24,0.0292,ASK
1445383707,1754.23,0.05,ASK
1445383707,1754.23,0.0148,ASK
1445383716,1754.23,0.066,ASK
1445383721,1754.23,0.23,ASK
1445383722,1754.23,0.2223,ASK
1445383722,1754.23,0.001,ASK
1445383724,1754.22,0.101,BID
1445383734,1754.21,0.001,BID
1445383752,1754.2,0.05,BID
1445383752,1754.21,0.042,BID
1445383753,1754.19,0.0114,BID
1445383777,1753.39,0.0096,ASK
1445383777,1753.38,0.06,ASK
1445383780,1753.37,0.119,BID
1445383780,1753.37,0.0001,BID
1445383784,1754.18,0.078,BID
1445383784,1754.18,0.0002,BID
1445383784,1754.19,0.038,BID
1445383784,1754.19,0.0398,ASK
1445383787,1754.17,0.0202,BID
1445383787,1754.21,0.0499,BID
1445383787,1754.39,0.011,BID
1445383787,1754.4,0.187,BID
1445383798,1754.4,0.0326,BID
1445383798,1754.41,0.0549,BID
1445383798,1754.42,0.0315,BID
1445383807,1754.33,1.696,BID
1445383808,1754.33,0.57,BID
1445383809,1754.32,0.5,BID
1445383809,1754.33,0.07,BID
1445383812,1754.42,0.4164,BID
1445383812,1754.42,0.65,BID
1445383812,1755.41,0.1136,BID
1445383814,1755.41,0.4864,BID
1445383814,1755.42,0.6936,BID
1445383880,1754.87,0.06,ASK
1445383880,1754.86,0.28,ASK
1445383885,1754.86,0.22,ASK
1445383893,1754.87,0.1,ASK
1445383897,1754.87,0.1139,ASK
1445383904,1755.49,0.01,BID
1445383904,1755.5,0.06,BID
1445383904,1755.52,0.28,BID
1445383904,1755.54,0.6839,BID
1445383941,1755.49,0.0332,BID
1445383941,1755.5,0.0127,BID
1445383941,1755.51,0.22,BID
1445383941,1755.52,0.0961,BID
1445383944,1755.52,0.0153,ASK
1445383944,1755.52,3.0,ASK
1445383945,1755.52,0.69,ASK
1445383945,1755.52,0.65,ASK
1445383945,1755.52,0.4,ASK
1445383945,1755.52,0.6,ASK
1445383945,1755.54,1.18,BID
1445383945,1755.52,0.4,ASK
1445383946,1755.52,0.01,ASK
1445383946,1755.52,0.089,ASK
1445383946,1755.52,0.65,ASK
1445383947,1755.52,0.4408,ASK
1445383948,1755.53,0.1236,ASK
1445383949,1755.53,0.3764,ASK
1445383949,1755.52,0.1236,ASK
1445383950,1755.52,0.3764,ASK
1445383950,1755.52,0.1757,ASK
1445383951,1755.52,0.08,ASK
1445383952,1755.52,0.17,ASK
1445383953,1755.52,0.17,ASK
1445383954,1755.52,0.09,ASK
1445383955,1755.52,0.09,ASK
1445383964,1755.52,0.652,ASK
1445383967,1755.52,0.2766,ASK
1445383968,1755.52,1.0,ASK
1445383969,1755.52,1.0,ASK
1445383970,1755.52,0.5382,ASK
1445383977,1755.52,0.01,ASK
1445383983,1755.53,0.5791,BID
1445383983,1755.53,0.5,BID
1445383983,1755.54,0.9209,BID
1445383984,1755.53,0.5696,BID
1445383985,1755.53,0.0095,BID
1445383985,1755.54,0.5601,BID
1445383986,1755.54,2.0,BID
1445383988,1755.54,2.0,BID
1445383989,1755.54,0.5696,BID
1445383990,1755.54,0.5696,BID
1445383991,1755.54,1.443,BID
1445383991,1755.54,0.5696,BID
1445383992,1755.54,0.5696,BID
1445383993,1755.54,0.5696,BID
1445383994,1755.54,0.5696,BID
1445383995,1755.54,0.5696,BID
1445383996,1755.54,0.5696,BID
1445383998,1755.54,0.1003,BID
1445384000,1755.55,0.4693,ASK
1445384000,1755.55,0.2807,ASK
1445384001,1755.55,0.2889,ASK
1445384014,1755.53,0.1546,ASK
1445384014,1755.53,0.0285,ASK
1445384014,1755.53,0.0139,ASK
1445384014,1755.53,0.5,ASK
1445384014,1755.53,0.053,ASK
1445384015,1755.53,0.547,ASK
1445384015,1755.52,0.103,ASK
1445384016,1755.52,0.65,ASK
1445384021,1755.53,0.4,ASK
1445384023,1755.53,0.2,ASK
1445384024,1755.52,0.6,ASK
1445384024,1755.52,0.102,ASK
1445384024,1755.52,0.2,ASK
1445384025,1755.52,0.371,ASK
1445384026,1755.52,0.65,ASK
1445384026,1755.52,0.6,ASK
1445384027,1755.52,0.65,ASK
1445384028,1755.52,0.6,ASK
1445384028,1755.52,0.65,ASK
1445384029,1755.52,0.65,ASK
1445384029,1755.52,0.75,ASK
1445384030,1755.52,0.1644,ASK
1445384032,1755.24,0.06,ASK
1445384033,1755.09,0.0332,BID
1445384035,1755.09,0.0658,BID
1445384036,1754.94,20.427,BID
1445384036,1755.09,0.0054,BID
1445384044,1755.1,0.044,ASK
1445384046,1755.1,0.055,ASK
1445384046,1754.93,0.0139,ASK
1445384046,1754.92,0.0211,ASK
1445384073,1755.12,0.0963,ASK
1445384073,1755.11,0.1722,ASK
1445384074,1754.92,0.09,ASK
1445384078,1754.93,0.27,BID
1445384079,1754.93,0.5698,BID
1445384080,1754.93,0.096,BID
1445384080,1754.93,0.5698,BID
1445384081,1754.93,0.5698,BID
1445384082,1754.93,0.5393,BID
1445384129,1754.96,0.029,ASK
1445384130,1754.95,0.029,ASK
1445384131,1754.95,0.0198,ASK
1445384131,1754.94,0.029,ASK
1445384132,1754.94,0.0015,ASK
1445384132,1754.94,0.0183,ASK
1445384133,1754.94,0.003,ASK
1445384133,1754.94,0.5485,ASK
1445384133,1754.92,0.0228,ASK
1445384134,1754.92,0.1441,ASK
1445384134,1754.91,0.04,ASK
1445384134,1754.89,0.0138,ASK
1445384134,1754.88,0.0365,ASK
1445384145,1754.88,0.0122,ASK
1445384146,1754.88,0.0122,ASK
1445384170,1755.31,0.06,BID
1445384170,1755.31,0.6,BID
1445384170,1755.32,0.5,BID
1445384170,1755.35,0.1891,BID
1445384170,1755.36,0.1143,BID
1445384170,1755.41,0.1837,BID
1445384170,1755.45,0.0281,BID
1445384170,1755.46,0.2662,BID
1445384170,1755.47,0.081,BID
1445384170,1755.5,0.1061,BID
1445384170,1755.51,0.4856,BID
1445384170,1755.54,0.1804,BID
1445384170,1755.54,0.65,BID
1445384170,1755.65,0.015,BID
1445384170,1755.93,0.4111,BID
1445384170,1756.0,0.002,BID
1445384170,1756.4,2.3459,BID
1445384170,1756.49,1.1315,BID
1445384176,1756.34,0.001,BID
1445384184,1754.9,0.0019,ASK
1445384275,1756.27,0.007,BID
1445384275,1756.29,0.0042,BID
1445384275,1756.33,0.0415,BID
1445384275,1756.43,0.5993,BID
1445384278,1755.08,0.06,ASK
1445384278,1755.08,0.0263,ASK
1445384278,1755.08,0.1458,ASK
1445384278,1755.08,0.3679,ASK
1445384300,1756.41,0.06,BID
1445384300,1756.42,0.3679,BID
1445384300,1756.49,20.5721,BID
1445384306,1755.16,0.0121,ASK
1445384306,1755.16,0.0199,ASK
1445384306,1755.15,0.01,ASK
1445384306,1755.15,0.0298,ASK
1445384306,1755.15,0.2641,ASK
1445384306,1755.14,0.0651,ASK
1445384315,1755.19,0.0062,ASK
1445384321,1756.47,0.0324,BID
1445384321,1756.48,0.2641,BID
1445384321,1756.48,0.0651,BID
1445384321,1756.49,4.073,BID
1445384359,1756.48,0.0332,BID
1445384359,1756.49,1.9598,BID
1445384360,1756.49,1.4893,BID
1445384369,1756.52,0.002,ASK
1445384369,1756.52,0.01,ASK
1445384369,1756.51,0.325,ASK
1445384370,1756.51,0.0117,ASK
1445384370,1756.49,4.0,ASK
1445384370,1756.49,10.533,ASK
1445384379,1755.38,0.0332,ASK
1445384379,1755.37,0.06,ASK
1445384379,1755.37,3.0,ASK
1445384379,1755.37,0.1947,ASK
1445384446,1756.01,0.0069,ASK
1445384446,1756.01,0.5,ASK
1445384446,1756.0,2.0,ASK
1445384458,1756.45,0.06,BID
1445384458,1756.49,0.0162,BID
1445384458,1756.5,0.325,BID
1445384481,1756.52,0.032,ASK
1445384482,1756.52,0.0008,ASK
1445384482,1756.4,0.0462,ASK
1445384501,1756.51,0.0328,BID
1445384520,1756.52,0.0328,ASK
1445384520,1756.41,0.0228,ASK
1445384520,1756.05,0.2137,ASK
1445384521,1756.05,0.0107,BID
1445384522,1756.05,0.0323,BID
1445384522,1756.51,0.0658,BID
1445384525,1756.53,0.0862,ASK
1445384540,1756.02,0.199,BID
1445384540,1756.02,0.0003,BID
1445384540,1756.02,0.05,BID
1445384542,1756.03,0.0987,ASK
1445384542,1756.03,0.0013,ASK
1445384548,1756.04,0.0149,ASK
1445384548,1756.04,0.0248,ASK
1445384548,1756.04,0.112,ASK
1445384548,1756.03,0.1977,ASK
1445384548,1756.03,0.199,ASK
1445384550,1756.03,0.0248,BID
1445384550,1756.03,0.0149,BID
1445384555,1755.48,0.06,ASK
1445384555,1755.47,0.025,ASK
1445384555,1755.46,0.315,ASK
1445384564,1755.48,0.0231,ASK
1445384568,1755.42,0.024,ASK
1445384568,1755.3,0.003,ASK
1445384568,1755.23,0.1874,ASK
1445384568,1755.19,0.0446,ASK
1445384568,1755.18,0.1169,ASK
1445384570,1755.12,0.0167,ASK
1445384570,1754.96,0.1833,ASK
1445384571,1754.96,0.0052,ASK
1445384571,1754.95,0.0115,ASK
1445384572,1754.95,0.01,ASK
1445384573,1754.95,0.0833,ASK
1445384575,1754.95,0.0488,ASK
1445384575,1754.95,0.002,ASK
1445384575,1754.92,0.2123,ASK
1445384596,1754.5,0.23,BID
1445384596,1754.51,0.227,BID
1445384597,1754.51,0.0003,BID
1445384616,1754.54,0.091,BID
1445384616,1754.55,0.019,BID
1445384616,1754.55,0.031,BID
1445384616,1755.31,0.1664,BID
1445384619,1754.59,0.06,ASK
1445384620,1754.89,0.01,BID
1445384621,1755.45,0.0332,BID
1445384621,1755.45,0.1678,BID
1445384621,1755.45,0.0371,BID
1445384621,1755.46,0.1639,BID
1445384623,1755.46,0.1511,BID
1445384623,1755.47,0.1969,BID
1445384627,1755.47,0.01,BID
1445384627,1755.47,0.1626,BID
1445384627,1755.48,2.5751,BID
1445384628,1755.46,0.201,ASK
1445384628,1754.61,0.0245,ASK
1445384628,1754.6,0.5,ASK
1445384628,1754.6,0.0338,ASK
1445384628,1754.6,0.01,ASK
1445384630,1754.58,2.0,ASK
1445384630,1754.58,2.0,ASK
1445384630,1754.58,14.9,ASK
1445384631,1754.59,0.141,BID
1445384631,1754.59,0.1365,BID
1445384631,1754.59,2.216,BID
1445384631,1754.59,0.561,BID
1445384631,1754.59,1.388,BID
1445384631,1754.31,11.0,ASK
1445384631,1754.31,9.402,ASK
1445384631,1754.59,0.992,BID
1445384631,1754.59,0.922,BID
1445384631,1754.59,0.141,BID
1445384632,1754.59,0.02,BID
1445384632,1754.59,0.5,BID
1445384632,1754.59,2.236,BID
1445384633,1754.59,0.59,BID
1445384633,1754.59,1.308,BID
1445384633,1754.59,0.5,BID
1445384634,1754.59,1.005,BID
1445384635,1754.59,0.5,BID
1445384636,1754.59,0.9,BID
1445384636,1754.59,1.11,BID
1445384636,1754.59,0.505,BID
1445384637,1754.59,0.154,BID
1445384637,1754.59,1.72,BID
1445384637,1754.59,0.512,BID
1445384638,1754.59,0.5,BID
1445384638,1754.59,0.5,BID
1445384638,1754.59,0.58,BID
1445384638,1754.59,3.0,BID
1445384639,1754.59,0.126,BID
1445384639,1754.59,0.0049,BID
1445384639,1754.59,0.5,BID
1445384640,1754.58,0.1815,BID
1445384640,1754.59,2.8185,BID
1445384644,1754.59,0.5,BID
1445384645,1754.59,0.479,BID
1445384645,1754.59,0.12,BID
1445384648,1754.59,0.5,BID
1445384650,1754.59,0.5,BID
1445384654,1754.59,0.5,BID
1445384655,1754.59,0.5,BID
1445384657,1754.59,0.5699,BID
1445384658,1754.59,0.5699,BID
1445384659,1754.59,0.5699,BID
1445384660,1754.59,0.75,BID
1445384660,1754.59,0.5699,BID
1445384660,1754.59,0.5,BID
1445384661,1754.59,0.5699,BID
1445384662,1754.59,0.5699,BID
1445384663,1754.59,0.5699,BID
1445384664,1754.59,0.5699,BID
1445384665,1754.59,0.5,BID
1445384665,1754.59,0.5699,BID
1445384666,1754.59,0.5699,BID
1445384667,1754.59,0.5699,BID
1445384668,1754.59,0.3229,BID
1445384699,1755.43,0.0312,BID
1445384699,1755.44,0.01,BID
1445384699,1755.45,0.201,BID
1445384700,1755.45,0.01,ASK
1445384701,1755.45,0.2478,ASK
1445384701,1755.44,0.0102,ASK
1445384701,1755.44,0.258,ASK
1445384701,1755.44,0.01,ASK
1445384702,1755.44,0.258,ASK
1445384702,1755.44,0.258,ASK
1445384702,1755.44,0.236,ASK
1445384702,1755.44,0.2578,ASK
1445384703,1755.44,0.712,ASK
1445384703,1755.41,8.0,ASK
1445384703,1755.41,1.095,ASK
1445384706,1755.17,0.06,ASK
1445384706,1754.68,0.54,ASK
1445384713,1754.75,0.2,BID
1445384713,1754.75,0.1786,BID
1445384714,1754.75,0.5699,BID
1445384715,1754.75,0.0515,BID
1445384717,1754.76,0.1,ASK
1445384718,1754.76,0.4184,ASK
1445384718,1754.76,0.1,ASK
1445384719,1754.77,0.0332,ASK
1445384719,1754.76,0.4699,ASK
1445384720,1754.75,0.0494,BID
1445384724,1754.75,0.0975,BID
1445384724,1754.75,0.4025,BID
1445384725,1754.75,0.2475,BID
1445384728,1755.41,0.001,BID
1445384729,1754.76,0.3224,ASK
1445384729,1754.76,0.5699,ASK
1445384729,1754.71,0.12,ASK
1445384729,1754.64,0.0164,ASK
1445384729,1754.62,0.168,ASK
1445384729,1754.61,0.0446,ASK
1445384729,1754.6,0.5699,ASK
1445384729,1754.6,0.105,ASK
1445384732,1755.39,0.001,BID
1445384747,1755.37,0.001,BID
1445384803,1755.2,0.5,ASK
1445384805,1755.2,0.5,ASK
1445384810,1754.77,0.4898,ASK
1445384811,1754.77,0.0102,ASK
1445384843,1754.62,0.0383,ASK
1445384843,1754.61,0.0109,ASK
1445384843,1754.6,0.2179,ASK
1445384843,1754.57,0.1361,ASK
1445384843,1754.57,0.0501,ASK
1445384843,1754.56,3.8318,ASK
1445384855,1754.56,0.1343,ASK
1445384855,1754.56,0.0365,ASK
1445384855,1754.56,0.1111,ASK
1445384855,1754.55,0.3461,ASK
1445384857,1754.55,0.2819,ASK
1445384886,1754.56,0.4,ASK
1445384886,1754.56,0.1,ASK
1445384886,1754.55,0.5,ASK
1445384886,1754.55,0.5,ASK
1445384886,1754.55,0.2367,ASK
1445384886,1754.55,0.1633,ASK
1445384887,1754.55,0.5,ASK
1445384889,1754.6,9.0,ASK
1445384889,1754.6,9.857,ASK
1445384892,1754.56,0.1476,ASK
1445384892,1754.55,2.8524,ASK
1445384893,1754.55,0.65,ASK
1445384894,1754.55,0.489,ASK
1445384894,1754.55,0.4,ASK
1445384894,1754.55,0.4,ASK
1445384894,1754.55,0.489,ASK
1445384895,1754.55,0.65,ASK
1445384896,1754.55,0.65,ASK
1445384897,1754.55,0.65,ASK
1445384898,1754.55,0.65,ASK
1445384899,1754.55,0.65,ASK
1445384900,1754.55,0.65,ASK
1445384901,1754.55,0.65,ASK
1445384902,1754.55,0.5062,ASK
1445384904,1754.54,0.1438,BID
1445384904,1754.54,0.3562,BID
1445384904,1754.36,0.0151,ASK
1445384905,1754.54,0.2938,BID
1445384916,1754.55,0.2761,ASK
1445384916,1754.55,0.3239,ASK
1445384917,1754.55,0.246,ASK
1445384926,1754.36,0.2497,ASK
1445384926,1754.35,0.0392,ASK
1445384926,1754.34,0.0013,ASK
1445384926,1754.32,0.0851,ASK
1445384926,1754.29,0.2395,ASK
1445384926,1754.28,0.0138,ASK
1445384926,1754.27,0.0434,ASK
1445384983,1754.35,0.2497,BID
1445384983,1754.54,0.404,BID
1445384983,1754.54,0.65,BID
1445384983,1754.56,0.0101,BID
1445384995,1754.73,0.05,BID
1445384995,1754.73,0.0116,BID
1445384995,1754.74,0.0101,BID
1445384995,1754.75,0.1161,BID
1445384995,1754.75,0.0212,BID
1445384998,1754.75,0.0033,BID
1445384998,1754.76,0.4898,BID
1445385005,1755.0,0.5,BID
1445385006,1754.99,0.0047,ASK
1445385006,1754.99,0.0312,ASK
1445385007,1755.0,0.0207,BID
1445385008,1755.19,0.488,BID
1445385013,1755.01,0.5003,ASK
1445385013,1755.01,0.414,ASK
1445385023,1755.18,0.138,BID
1445385024,1755.18,0.0423,BID
1445385024,1755.19,0.012,BID
1445385029,1755.2,0.0239,ASK
1445385030,1755.36,0.023,BID
1445385031,1755.36,0.46,BID
1445385032,1755.36,0.017,BID
1445385032,1755.36,0.5469,BID
1445385036,1755.39,0.2131,BID
1445385040,1755.43,0.65,BID
1445385045,1755.47,0.0512,BID
1445385045,1755.44,0.5697,ASK
1445385045,1755.43,0.0003,ASK
1445385047,1755.47,0.0688,BID
1445385047,1755.48,0.0512,BID
1445385048,1755.48,0.0688,BID
1445385062,1755.47,0.2348,BID
1445385062,1755.48,0.0442,BID
1445385062,1755.48,0.258,BID
1445385063,1755.48,0.2348,BID
1445385079,1755.47,0.1,BID
1445385080,1755.47,0.1079,BID
1445385080,1755.48,0.1,BID
1445385081,1755.48,0.2079,BID
1445385104,1755.48,3.8501,BID
1445385115,1755.51,0.263,ASK
1445385115,1755.51,0.263,ASK
1445385116,1755.51,0.074,ASK
1445385116,1755.51,0.0332,ASK
1445385116,1755.5,0.06,ASK
1445385116,1755.5,0.5,ASK
1445385116,1755.49,0.4239,ASK
1445385133,1755.53,0.1204,ASK
1445385133,1755.52,0.0604,ASK
1445385133,1755.5,0.2192,ASK
1445385141,1755.51,0.181,BID
1445385141,1755.54,0.0526,ASK
1445385141,1755.5,0.2808,ASK
1445385141,1755.49,0.1457,ASK
1445385141,1755.49,0.1439,ASK
1445385142,1755.49,0.0139,ASK
1445385142,1755.49,0.0284,ASK
1445385142,1755.49,0.0107,ASK
1445385142,1755.48,0.547,ASK
1445385142,1755.52,0.181,ASK
1445385142,1755.48,0.219,ASK
1445385147,1755.49,0.1313,ASK
1445385147,1755.49,0.03,ASK
1445385149,1755.49,0.025,ASK
1445385150,1755.48,0.025,ASK
1445385153,1755.49,0.1063,ASK
1445385154,1755.49,0.03,ASK
1445385154,1755.49,0.025,ASK
1445385154,1755.49,0.0114,ASK
1445385154,1755.48,0.0699,ASK
1445385155,1755.48,0.055,ASK
1445385156,1755.48,0.5,ASK
1445385156,1755.48,0.525,ASK
1445385156,1755.48,0.525,ASK
1445385156,1755.48,0.4,ASK
1445385159,1755.48,0.13,ASK
1445385160,1755.48,0.13,ASK
1445385163,1755.48,0.6,ASK
1445385176,1755.48,0.4,ASK
1445385176,1755.48,20.0,ASK
1445385177,1755.48,0.1583,ASK
1445385177,1755.41,0.0107,ASK
1445385177,1755.4,0.2131,ASK
1445385177,1755.38,0.0285,ASK
1445385177,1755.37,0.0058,ASK
1445385177,1755.37,0.5639,ASK
1445385177,1755.2,0.0153,ASK
1445385177,1755.19,0.126,ASK
1445385177,1755.19,0.1803,ASK
1445385177,1755.03,0.0812,ASK
1445385177,1755.02,0.0492,ASK
1445385178,1755.01,7.11,ASK
1445385179,1755.02,0.525,BID
1445385179,1755.02,0.8,BID
1445385179,1755.02,0.62,BID
1445385179,1755.02,0.5,BID
1445385179,1755.02,0.4,BID
1445385181,1755.01,0.6,BID
1445385183,1755.02,0.6,BID
1445385184,1755.02,0.47,BID
1445385184,1755.01,0.5,ASK
1445385185,1755.01,0.06,BID
1445385185,1755.02,0.34,BID
1445385186,1755.02,1.735,BID
1445385187,1755.02,0.5,BID
1445385188,1755.02,0.263,BID
1445385190,1755.01,0.1192,BID
1445385193,1755.02,0.119,BID
1445385193,1755.01,0.3808,ASK
1445385194,1755.01,0.1192,BID
1445385194,1755.02,0.4506,BID
1445385195,1755.02,0.5698,BID
1445385199,1754.94,1.732,BID
1445385199,1754.94,1.206,BID
1445385199,1754.94,0.4,BID
1445385200,1754.94,0.302,BID
1445385200,1754.94,0.8,BID
1445385200,1754.94,0.56,BID
1445385202,1755.01,0.5338,BID
1445385202,1755.02,0.4412,BID
1445385205,1755.02,0.5698,BID
1445385208,1755.01,0.5,BID
1445385208,1755.01,0.0117,BID
1445385208,1755.02,0.7703,BID
1445385209,1755.02,0.5698,BID
1445385210,1755.02,0.7,BID
1445385210,1755.02,2.0,BID
1445385211,1755.02,0.5698,BID
1445385212,1755.02,0.5,BID
1445385212,1755.02,0.5698,BID
1445385212,1755.02,3.0,BID
1445385213,1755.02,0.5698,BID
1445385214,1755.02,0.4148,BID
1445385215,1755.49,0.0199,BID
1445385215,1755.93,0.0101,BID
1445385272,1755.12,0.025,ASK
1445385272,1755.11,0.275,ASK
1445385288,1755.15,0.0335,ASK
1445385288,1755.14,0.06,ASK
1445385288,1755.14,0.4065,ASK
1445385302,1755.16,0.01,ASK
1445385302,1755.15,0.0102,ASK
1445385302,1755.14,0.1935,ASK
1445385302,1755.1,0.0744,ASK
1445385305,1755.08,0.0458,BID
1445385321,1755.08,0.27,BID
1445385322,1755.08,0.5352,BID
1445385334,1755.14,0.0151,ASK
1445385334,1755.09,0.0346,ASK
1445385334,1755.09,0.5698,ASK
1445385334,1755.03,0.155,ASK
1445385334,1755.03,0.5698,ASK
1445385334,1755.0,2.1566,ASK
1445385334,1754.95,0.5698,ASK
1445385334,1754.39,0.45,ASK
1445385334,1754.38,0.0023,ASK
1445385334,1754.33,0.411,ASK
1445385334,1754.26,0.0085,ASK
1445385334,1754.25,0.004,ASK
1445385334,1753.73,6.3165,ASK
1445385340,1753.75,0.0037,ASK
1445385349,1755.07,0.0981,BID
1445385349,1755.07,0.0019,BID
1445385381,1755.03,0.0037,BID
1445385399,1753.8,1.0141,ASK
1445385404,1754.99,0.06,BID
1445385404,1755.0,0.2226,BID
1445385404,1755.01,0.1947,BID
1445385404,1755.03,0.1487,BID
1445385405,1755.03,0.4926,ASK
1445385406,1755.04,0.2417,BID
1445385406,1755.06,0.0365,BID
1445385406,1755.07,0.1686,BID
1445385406,1755.08,0.6044,BID
1445385406,1755.09,3.2646,BID
1445385406,1755.03,0.6,ASK
1445385407,1755.03,0.2447,ASK
1445385407,1755.02,0.2417,BID
1445385408,1753.8,2.0,ASK
1445385408,1755.01,16.633,ASK
1445385453,1753.87,0.0371,ASK
1445385463,1754.96,0.174,BID
1445385469,1754.94,0.016,BID
1445385470,1754.94,0.014,BID
1445385470,1754.95,0.076,BID
1445385470,1754.95,0.524,BID
1445385470,1754.96,0.0547,BID
1445385474,1754.99,0.05,BID
1445385477,1754.99,0.023,BID
1445385485,1755.02,0.01,BID
1445385486,1755.02,0.1,BID
1445385487,1755.02,0.022,BID
1445385487,1755.02,0.1127,BID
1445385487,1755.09,0.4583,BID
1445385488,1755.09,0.01,BID
1445385499,1755.09,0.02,BID
1445385513,1755.03,0.2447,ASK
1445385513,1755.03,0.2347,ASK
1445385513,1755.0,0.0232,ASK
1445385513,1754.79,0.06,ASK
1445385513,1753.98,0.03,ASK
1445385513,1753.98,0.1567,ASK
1445385513,1753.98,0.0103,ASK
1445385513,1753.97,0.6,ASK
1445385513,1753.97,1.285,ASK
1445385514,1755.02,0.01,BID
1445385515,1755.02,0.4694,BID
1445385515,1755.08,0.03,BID
1445385515,1755.08,0.1383,BID
1445385515,1755.09,0.1123,BID
1445385529,1755.0,0.0058,BID
1445385529,1755.06,0.6,BID
1445385529,1755.06,0.0542,BID
1445385538,1754.03,0.022,ASK
1445385548,1755.06,0.022,BID
1445385548,1755.06,0.0422,BID
1445385548,1755.07,0.6858,BID
1445385560,1755.06,0.01,BID
1445385560,1755.07,0.41,BID
1445385586,1754.15,0.6,ASK
1445385586,1754.14,0.06,ASK
1445385586,1754.14,0.0428,ASK
1445385586,1754.14,0.0266,ASK
1445385586,1754.13,0.5,ASK
1445385586,1754.07,0.0022,ASK
1445385586,1753.92,0.0955,ASK
1445385586,1753.9,0.0104,ASK
1445385586,1753.89,0.2076,ASK
1445385586,1753.88,8.6743,ASK
1445385586,1753.87,0.008,ASK
1445385586,1753.86,0.0376,ASK
1445385586,1753.85,0.1172,ASK
1445385586,1753.84,0.2094,ASK
1445385586,1753.83,0.1526,ASK
1445385586,1753.81,0.003,ASK
1445385586,1753.76,0.0731,ASK
1445385586,1753.32,1.3385,ASK
1445385586,1753.31,2.5972,ASK
1445385633,1753.44,0.57,ASK
1445385633,1753.43,0.01,ASK
1445385633,1753.42,0.5,ASK
1445385633,1753.42,0.01,ASK
1445385633,1753.3,5.96,ASK
1445385633,1753.29,2.316,ASK
1445385660,1753.48,0.0039,ASK
1445385680,1754.25,0.0039,BID
1445385715,1753.47,0.5,ASK
1445385753,1753.32,0.0028,ASK
1445385754,1754.09,0.6,BID
1445385754,1754.1,0.5,BID
1445385754,1754.13,0.1327,BID
1445385754,1754.16,0.0552,BID
1445385754,1754.18,0.1195,BID
1445385754,1754.2,0.1699,BID
1445385754,1754.21,0.1577,BID
1445385754,1754.27,0.295,BID
1445385754,1754.3,0.0724,BID
1445385754,1754.3,1.3385,BID
1445385754,1754.31,6.5591,BID
1445385757,1753.32,0.006,ASK
1445385786,1754.05,0.0088,BID
1445385844,1753.43,0.001,ASK
1445385848,1753.43,0.009,ASK
1445385848,1753.43,0.0335,ASK
1445385848,1753.41,0.0575,ASK
1445385849,1753.94,0.044,BID
1445385879,1753.41,0.1963,ASK
1445385879,1753.39,0.1283,ASK
1445385888,1753.39,0.355,ASK
1445385892,1753.39,0.1167,ASK
1445385892,1753.39,0.2626,ASK
1445385892,1753.38,0.0796,ASK
1445385896,1753.36,0.01,ASK
1445385897,1753.36,0.1106,ASK
1445385897,1753.35,0.0189,ASK
1445385897,1753.34,0.0756,ASK
1445385897,1753.33,0.1583,ASK
1445385897,1753.3,0.6,BID
1445385900,1753.29,0.0332,ASK
1445385901,1753.3,2.58,BID
1445385901,1753.29,0.65,ASK
1445385902,1753.3,0.5704,BID
1445385903,1753.29,0.8631,ASK
1445385903,1753.3,0.3202,BID
1445385904,1753.31,0.2502,ASK
1445385904,1753.29,0.3998,ASK
1445385905,1753.29,1.18,ASK
1445385905,1753.29,0.65,ASK
1445385906,1753.32,0.0332,ASK
1445385906,1753.29,1.1468,ASK
1445385907,1753.29,0.526,ASK
1445385910,1753.29,0.941,ASK
1445385921,1753.29,1.294,ASK
1445385921,1753.29,0.0001,ASK
1445385923,1753.14,1.447,ASK
1445385924,1753.14,0.4,ASK
1445385924,1753.14,0.65,ASK
1445385925,1753.14,0.65,ASK
1445385926,1753.14,0.65,ASK
1445385927,1753.14,0.65,ASK
1445385928,1753.14,0.65,ASK
1445385929,1753.14,0.65,ASK
1445385929,1753.14,0.5,ASK
1445385929,1753.14,0.6,ASK
1445385929,1753.14,0.6,ASK
1445385930,1753.14,0.462,ASK
1445385930,1753.14,0.4,ASK
1445385930,1753.14,0.65,ASK
1445385931,1753.14,0.4,ASK
1445385931,1753.14,0.65,ASK
1445385931,1753.15,9.495,ASK
1445385932,1753.14,0.65,ASK
1445385933,1753.14,0.6,ASK
1445385933,1753.14,0.65,ASK
1445385934,1753.14,0.65,ASK
1445385935,1753.14,0.65,ASK
1445385936,1753.14,0.65,ASK
1445385937,1753.14,0.65,ASK
1445385938,1753.14,0.65,ASK
1445385939,1753.14,3.8743,ASK
1445385939,1753.14,0.65,ASK
1445385940,1753.14,0.65,ASK
1445385951,1753.14,0.4,ASK
1445385986,1752.82,0.1262,ASK
1445385986,1752.82,0.017,ASK
1445385989,1752.75,0.04,ASK
1445385989,1752.41,0.008,ASK
1445385989,1752.35,0.0031,ASK
1445385989,1752.35,0.0657,ASK
1445385990,1752.1,10.419,ASK
1445385994,1752.35,0.0262,BID
1445385994,1752.35,0.1168,BID
1445385994,1752.35,0.0002,BID
1445385998,1752.39,0.06,BID
1445386002,1752.74,0.04,BID
1445386002,1753.08,0.025,BID
1445386002,1753.08,0.1283,BID
1445386002,1753.09,0.1807,BID
1445386003,1752.75,0.01,ASK
1445386005,1752.75,0.03,ASK
1445386005,1752.75,0.04,ASK
1445386005,1752.73,0.04,BID
1445386007,1752.73,0.1471,BID
1445386007,1753.11,0.2529,BID
1445386007,1753.11,0.4,BID
1445386008,1753.11,0.32,BID
1445386012,1753.1,0.188,BID
1445386014,1753.1,0.187,BID
1445386016,1753.1,0.225,BID
1445386016,1753.1,0.044,BID
1445386017,1753.1,0.456,BID
1445386017,1753.11,0.104,BID
1445386019,1753.11,0.144,BID
1445386021,1753.1,0.0121,ASK
1445386028,1753.11,0.216,BID
1445386029,1753.11,0.1723,BID
1445386035,1753.12,0.216,ASK
1445386035,1753.12,0.3883,ASK
1445386035,1752.89,0.06,ASK
1445386035,1752.76,0.0938,ASK
1445386035,1752.45,0.031,ASK
1445386035,1752.45,0.4323,ASK
1445386044,1753.1,0.471,BID
1445386044,1753.1,0.0007,BID
1445386044,1753.11,0.4123,BID
1445386044,1753.11,0.192,BID
1445386044,1753.11,0.308,BID
1445386045,1753.11,0.471,BID
1445386046,1753.09,0.01,BID
1445386047,1753.09,0.01,BID
1445386047,1753.09,0.3364,BID
1445386047,1753.09,0.0196,BID
1445386047,1753.09,0.0404,BID
1445386047,1753.11,0.2496,BID
1445386048,1753.08,0.0173,BID
1445386048,1753.1,0.0934,BID
1445386048,1753.1,0.0017,BID
1445386048,1753.11,0.3464,BID
1445386049,1753.11,0.01,BID
1445386050,1753.11,0.186,BID
1445386051,1753.11,1.0759,BID
1445386051,1753.22,0.186,BID
1445386052,1753.22,0.0459,BID
1445386052,1753.24,0.0091,BID
1445386052,1753.24,0.1679,BID
1445386052,1753.25,0.0421,BID
1445386053,1753.13,0.0285,ASK
1445386053,1753.12,0.5419,ASK
1445386054,1753.12,0.0285,ASK
1445386055,1753.1,0.0339,BID
1445386055,1753.11,0.1261,BID
1445386057,1753.11,0.4158,BID
1445386057,1753.11,0.57,BID
1445386057,1753.25,0.1609,BID
1445386057,1753.27,0.023,BID
1445386057,1753.27,0.0285,BID
1445386057,1753.28,0.65,BID
1445386057,1753.36,0.5418,BID
1445386058,1753.36,0.01,BID
1445386112,1753.26,0.022,BID
1445386113,1753.26,0.0008,BID
1445386113,1753.27,0.0046,BID
1445386113,1753.28,0.1331,BID
1445386113,1753.28,0.0476,BID
1445386113,1753.29,0.9516,BID
1445386117,1753.34,0.0332,BID
1445386117,1753.35,0.0914,BID
1445386117,1753.36,0.0614,BID
1445386118,1753.35,14.0,BID
1445386118,1753.35,4.274,BID
1445386119,1753.36,0.0914,BID
1445386121,1753.36,0.01,BID
1445386124,1753.36,0.1,BID
1445386125,1753.36,0.5703,BID
1445386126,1753.35,0.0785,BID
1445386126,1753.36,0.4918,BID
1445386127,1753.36,0.5033,BID
1445386127,1753.8,0.01,BID
1445386142,1753.8,0.098,BID
1445386145,1753.79,0.0291,BID
1445386145,1753.8,0.0001,BID
1445386145,1753.81,0.0968,BID
1445386145,1753.83,0.0655,BID
1445386145,1753.85,0.0575,BID
1445386147,1753.85,0.0009,BID
1445386147,1753.88,0.0063,BID
1445386147,1754.33,0.0028,BID
1445386148,1754.33,0.01,BID
1445386150,1754.33,0.029,BID
1445386154,1754.33,0.15,BID
1445386155,1754.33,3.8202,BID
1445386155,1754.98,0.15,BID
1445386155,1754.98,0.2823,BID
1445386155,1754.99,3.5379,BID
1445386156,1754.99,3.8202,BID
1445386159,1754.16,0.01,BID
1445386160,1754.16,1.18,BID
1445386160,1754.16,2.271,BID
1445386160,1754.99,0.564,BID
1445386160,1754.99,3.461,BID
1445386160,1754.99,0.07,BID
1445386162,1754.99,0.4718,BID
1445386162,1754.99,2.3044,BID
1445386162,1755.0,0.6748,BID
1445386163,1755.0,1.18,BID
1445386193,1755.0,11.9658,BID
1445386194,1755.0,0.691,BID
1445386197,1755.0,1.875,BID
1445386199,1755.0,0.025,BID
1445386207,1754.99,0.011,BID
1445386207,1754.23,0.06,ASK
1445386208,1754.23,0.01,BID
1445386208,1755.0,0.04,BID
1445386210,1755.0,0.01,BID
1445386211,1755.0,2.2874,BID
1445386211,1755.0,0.1349,BID
1445386213,1755.0,0.0191,BID
1445386213,1755.0,0.6809,BID
1445386216,1754.21,0.0332,ASK
1445386216,1754.21,0.025,ASK
1445386216,1754.2,0.0589,ASK
1445386218,1754.21,0.023,ASK
1445386218,1754.2,0.0941,ASK
1445386220,1754.33,0.665,BID
1445386220,1754.2,0.4059,ASK
1445386221,1754.19,7.0,ASK
1445386221,1754.19,4.453,ASK
1445386221,1754.2,0.1852,BID
1445386221,1754.33,1.1536,BID
1445386221,1754.33,0.57,BID
1445386222,1754.33,0.08,BID
1445386222,1754.33,0.1852,BID
1445386223,1754.33,0.01,BID
1445386223,1754.33,0.5148,BID
1445386224,1754.32,0.0332,BID
1445386225,1755.0,0.2309,BID
1445386227,1755.0,0.755,BID
1445386238,1754.99,0.025,BID
1445386239,1754.99,0.035,BID
1445386239,1754.99,0.465,BID
1445386241,1754.99,0.015,BID
1445386244,1754.99,0.02,BID
1445386244,1754.99,0.015,BID
1445386244,1754.99,0.05,BID
1445386246,1754.99,0.0419,BID
1445386247,1755.0,0.0419,BID
1445386248,1755.0,0.7581,BID
1445386249,1755.0,0.041,BID
1445386249,1755.0,0.7131,BID
1445386251,1755.0,0.1869,BID
1445386252,1755.0,0.2728,BID
1445386253,1755.0,0.1759,BID
1445386254,1755.0,1.2581,BID
1445386255,1755.0,1.1591,BID
1445386256,1755.0,0.55,BID
1445386257,1755.0,0.25,BID
1445386258,1755.0,0.6727,BID
1445386260,1755.0,0.4227,BID
1445386261,1755.0,0.58,BID
1445386263,1755.0,0.09,BID
1445386266,1755.0,0.61,BID
1445386266,1755.0,0.05,BID
1445386267,1755.0,0.61,BID
1445386269,1755.0,0.6895,BID
1445386269,1755.0,5.0,BID
1445386270,1755.0,3.2528,BID
1445386273,1755.0,1.7419,BID
1445386273,1755.09,3.2521,BID
1445386282,1755.09,0.0007,BID
1445386282,1755.13,0.0143,BID
1445386309,1755.27,0.005,BID
1445386309,1755.55,0.005,BID
1445386320,1755.55,0.627,BID
1445386339,1755.55,0.047,BID
1445386364,1755.54,0.0064,BID
1445386364,1755.55,0.7742,BID
1445386364,1755.55,0.0274,BID
1445386367,1755.55,0.0425,BID
1445386368,1755.55,0.0425,BID
1445386372,1755.55,0.899,BID
1445386376,1755.55,0.35,BID
1445386376,1755.55,0.1,BID
1445386378,1755.55,0.1,BID
1445386379,1755.55,0.1384,BID
1445386379,1755.55,0.179,BID
1445386380,1755.55,0.07,BID
1445386381,1755.55,0.8,BID
1445386382,1755.55,0.09,BID
1445386383,1755.55,0.01,BID
1445386384,1755.55,0.21,BID
1445386385,1755.55,0.2494,BID
1445386386,1755.55,1.4516,BID
1445386387,1755.55,0.09,BID
1445386389,1755.55,0.64,BID
1445386391,1755.55,0.01,BID
1445386393,1755.55,0.881,BID
1445386394,1755.55,0.05,BID
1445386395,1755.55,0.3257,BID
1445386395,1755.62,0.002,BID
1445386395,1756.32,0.004,BID
1445386395,1756.48,0.044,BID
1445386438,1754.78,0.06,ASK
1445386438,1754.78,0.0195,ASK
1445386438,1754.78,0.0119,ASK
1445386438,1754.78,0.1657,ASK
1445386438,1754.77,0.6,ASK
1445386438,1754.77,0.0389,ASK
1445386454,1754.85,0.3118,ASK
1445386454,1754.84,0.166,ASK
1445386454,1754.84,0.1499,ASK
1445386454,1754.84,0.0156,ASK
1445386454,1754.84,0.0158,ASK
1445386454,1754.83,2.3409,ASK
1445386459,1754.88,0.569,ASK
1445386523,1756.44,0.3118,BID
1445386523,1756.44,0.06,BID
1445386523,1756.48,0.6309,BID
1445386523,1756.66,0.013,BID
1445386523,1756.77,2.2503,BID
1445386523,1756.88,0.411,BID
1445386523,1757.01,0.002,BID
1445386523,1757.36,4.441,BID
1445386552,1756.08,0.025,ASK
1445386552,1756.07,0.0298,ASK
1445386552,1756.07,0.2402,ASK
1445386594,1757.0,3.0,ASK
1445386595,1757.0,0.174,ASK
1445386596,1757.0,0.65,ASK
1445386596,1757.01,0.0332,ASK
1445386596,1757.0,0.6168,ASK
1445386597,1757.0,0.65,ASK
1445386617,1757.03,0.0143,ASK
1445386617,1757.01,0.0755,ASK
1445386617,1757.0,2.6092,ASK
1445386619,1757.0,0.1225,BID
1445386620,1757.0,0.5692,BID
1445386632,1756.97,0.735,BID
1445386632,1757.0,0.913,BID
1445386632,1757.0,0.0755,BID
1445386632,1757.17,0.6,BID
1445386632,1757.36,2.6204,BID
1445386639,1756.96,0.2402,BID
1445386642,1757.25,0.0301,ASK
1445386642,1757.25,0.7297,ASK
1445386700,1756.33,0.06,ASK
1445386700,1756.27,0.0102,ASK
1445386700,1756.26,0.2039,ASK
1445386700,1756.18,0.0178,ASK
1445386700,1756.1,0.0771,ASK
1445386701,1756.98,15.689,ASK
1445386706,1756.1,0.0654,ASK
1445386706,1756.06,0.1271,ASK
1445386706,1756.06,0.0135,ASK
1445386706,1756.05,0.27,ASK
1445386707,1756.06,0.0135,ASK
1445386709,1756.05,0.0002,ASK
1445386709,1756.02,0.1404,ASK
1445386717,1755.52,0.11,ASK
1445386722,1755.52,0.0041,ASK
1445386722,1755.52,0.0624,ASK
1445386722,1755.52,0.0205,ASK
1445386722,1755.51,0.683,ASK
1445386723,1755.51,0.09,ASK
1445386723,1755.51,0.146,ASK
1445386723,1755.52,0.1101,ASK
1445386723,1755.51,0.3899,ASK
1445386724,1755.51,0.335,ASK
1445386724,1755.51,0.339,ASK
1445386724,1755.51,0.3,ASK
1445386724,1755.5,0.039,ASK
1445386725,1755.5,0.1928,ASK
1445386725,1755.96,17.955,ASK
1445386726,1755.5,0.1508,ASK
1445386726,1755.5,0.007,ASK
1445386727,1755.5,0.0224,ASK
1445386727,1755.09,0.037,ASK
1445386727,1755.1,0.025,ASK
1445386727,1755.09,0.155,ASK
1445386727,1755.09,0.0224,ASK
1445386736,1755.09,0.12,ASK
1445386737,1755.09,0.1656,ASK
1445386737,1754.96,0.6,ASK
1445386737,1754.94,0.0126,ASK
1445386737,1754.93,0.2825,ASK
1445386737,1754.91,0.0245,ASK
1445386737,1754.91,1.4948,ASK
1445386737,1754.91,1.18,ASK
1445386740,1755.12,1.105,ASK
1445386740,1754.91,0.075,ASK
1445386740,1755.49,0.007,BID
1445386745,1754.92,1.18,ASK
1445386745,1755.47,0.15,BID
1445386745,1755.48,0.65,BID
1445386747,1754.92,0.158,ASK
1445386747,1754.92,0.1297,ASK
1445386747,1754.91,1.7123,ASK
1445386748,1754.92,0.054,BID
1445386748,1754.92,0.0134,BID
1445386749,1754.91,2.0,ASK
1445386750,1754.91,0.067,ASK
1445386752,1754.91,0.0332,ASK
1445386753,1754.91,0.067,ASK
1445386756,1754.91,0.067,ASK
1445386757,1754.91,0.01,ASK
1445386761,1754.91,0.067,ASK
1445386765,1754.91,0.01,ASK
1445386765,1754.92,0.141,BID
1445386765,1754.91,0.067,ASK
1445386766,1754.92,0.2916,BID
1445386768,1754.93,0.141,ASK
1445386768,1754.93,0.359,ASK
1445386772,1754.93,0.0736,ASK
1445386778,1754.91,0.073,ASK
1445386780,1754.91,0.65,ASK
1445386782,1754.91,0.073,ASK
1445386786,1754.91,0.073,ASK
1445386790,1754.91,0.073,ASK
1445386793,1754.91,0.073,ASK
1445386798,1754.91,0.073,ASK
1445386837,1755.38,0.06,BID
1445386837,1755.39,0.0917,BID
1445386837,1755.39,0.0107,BID
1445386837,1755.4,0.2144,BID
1445386837,1755.43,0.0732,BID
1445386837,1755.44,0.0669,BID
1445386837,1755.45,1.338,BID
1445386837,1755.46,0.0148,BID
1445386837,1755.47,0.2957,BID
1445386837,1755.49,0.4146,BID
1445386838,1755.49,1.18,BID
1445386840,1755.49,2.0,BID
1445386853,1755.48,0.0203,BID
1445386853,1755.49,0.3187,BID
1445386853,1755.49,0.0867,BID
1445386856,1755.5,0.0593,ASK
1445386856,1755.5,0.426,ASK
1445386857,1755.5,0.0147,BID
1445386905,1755.96,0.1,BID
1445386910,1755.96,0.0939,BID
1445386910,1755.97,0.0634,BID
1445386910,1755.98,0.2677,BID
1445386910,1755.98,1.0,BID
1445386911,1756.69,0.0143,BID
1445386911,1756.7,0.0787,BID
1445386974,1756.6,0.224,BID
1445386984,1756.58,0.8,BID
1445386988,1756.46,0.0151,BID
1445386989,1756.57,0.0151,BID
1445386989,1756.57,0.015,BID
1445386991,1755.71,0.025,ASK
1445386991,1755.71,0.0332,ASK
1445386991,1755.7,0.5,ASK
1445386991,1755.67,0.0403,ASK
1445386991,1755.63,0.0297,ASK
1445386991,1755.6,0.1676,ASK
1445386991,1755.58,0.1355,ASK
1445386991,1755.57,0.086,ASK
1445386991,1755.53,0.0242,ASK
1445386991,1755.51,0.1203,ASK
1445386991,1755.06,0.0908,ASK
1445386991,1755.05,2.1249,ASK
1445386997,1756.6,0.1833,BID
1445386998,1756.96,0.033,BID
1445386998,1756.6,0.0332,ASK
1445387001,1756.61,0.0089,ASK
1445387015,1756.61,0.06,ASK
1445387015,1756.61,0.01,ASK
1445387015,1756.6,2.51,ASK
1445387017,1756.6,0.9945,ASK
1445387017,1755.11,0.03,ASK
1445387017,1755.11,0.1077,ASK
1445387017,1755.1,0.6,ASK
1445387017,1755.1,0.2678,ASK
1445387020,1756.92,0.0271,BID
1445387020,1756.93,0.5149,BID
1445387057,1755.2,0.01,ASK
1445387057,1755.19,0.027,ASK
1445387057,1755.19,6.683,ASK
1445387115,1756.0,0.1,BID
1445387125,1755.22,0.001,BID
1445387125,1755.98,0.009,BID
1445387126,1755.98,0.01,BID
1445387129,1755.47,0.06,BID
1445387130,1755.97,0.06,BID
1445387130,1755.97,0.44,BID
1445387130,1755.98,0.1182,BID
1445387131,1756.0,0.06,BID
1445387133,1756.0,0.1,BID
1445387134,1756.0,0.4278,BID
1445387135,1756.0,0.65,BID
1445387135,1756.0,0.5695,BID
1445387135,1756.0,0.5695,BID
1445387135,1756.0,0.634,BID
1445387136,1756.0,0.683,BID
1445387136,1756.0,0.652,BID
1445387136,1756.0,0.5695,BID
1445387137,1756.0,0.6707,BID
1445387137,1756.86,0.5,BID
1445387137,1756.9,0.1985,BID
1445387137,1756.91,0.0751,BID
1445387137,1756.93,0.135,BID
1445387137,1756.94,0.1706,BID
1445387137,1756.97,0.1738,BID
1445387137,1756.99,0.166,BID
1445387137,1757.24,0.1103,BID
1445387138,1757.24,0.0138,BID
1445387138,1757.35,0.0318,BID
1445387161,1756.78,0.06,ASK
1445387161,1756.78,0.059,ASK
1445387161,1756.77,0.0016,ASK
1445387161,1756.06,0.4994,ASK
1445387170,1756.75,0.06,BID
1445387170,1756.76,0.121,BID
1445387170,1756.76,3.0,BID
1445387170,1757.28,0.5149,BID
1445387170,1757.29,0.01,BID
1445387170,1757.3,2.3798,BID
1445387170,1757.36,9.8223,BID
1445387187,1756.23,0.2348,ASK
1445387187,1756.23,0.0151,ASK
1445387187,1756.08,0.0135,ASK
1445387187,1756.08,0.0144,ASK
1445387187,1756.07,0.0442,ASK
1445387189,1756.07,0.2258,ASK
1445387190,1756.05,0.06,BID
1445387190,1756.05,0.0113,BID
1445387193,1756.1,0.0177,BID
1445387195,1756.03,0.0131,ASK
1445387195,1756.02,0.2614,ASK
1445387195,1756.02,0.0569,ASK
1445387197,1756.01,0.331,ASK
1445387197,1756.02,0.0131,BID
1445387197,1756.02,0.0569,BID
1445387197,1756.01,0.2385,ASK
1445387197,1756.01,0.1615,ASK
1445387197,1756.01,0.4,ASK
1445387197,1756.01,0.008,ASK
1445387197,1755.18,5.0,ASK
1445387197,1755.18,8.477,ASK
1445387202,1755.99,0.0396,BID
1445387202,1755.99,0.0415,BID
1445387205,1755.98,0.0329,BID
1445387231,1755.18,0.1258,ASK
1445387231,1755.17,0.0295,ASK
1445387234,1755.17,0.4,BID
1445387236,1755.17,0.0425,BID
1445387241,1755.29,0.02,BID
1445387261,1755.2,0.06,ASK
1445387261,1755.19,0.0551,ASK
1445387261,1755.18,0.4425,ASK
1445387261,1754.99,0.6,ASK
1445387261,1754.95,0.1718,ASK
1445387261,1754.93,0.1199,ASK
1445387261,1754.92,0.0219,ASK
1445387261,1754.91,7.2295,ASK
1445387261,1754.91,1.7976,ASK
1445387310,1754.96,1.0,ASK
1445387317,1754.98,0.326,ASK
1445387319,1754.96,4.1254,BID
1445387321,1755.86,0.01,BID
1445387321,1755.87,0.07,BID
1445387321,1755.88,0.0138,BID
1445387321,1755.89,0.2751,BID
1445387321,1755.89,0.0107,BID
1445387321,1755.89,1.0,BID
1445387321,1755.9,0.2047,BID
1445387321,1755.93,0.195,BID
1445387321,1755.94,0.135,BID
1445387321,1755.95,0.0785,BID
1445387321,1755.96,0.1002,BID
1445387321,1755.97,0.1505,BID
1445387321,1756.68,0.0116,BID
1445387321,1756.69,0.2313,BID
1445387321,1757.2,0.0936,BID
1445387321,1754.97,0.207,ASK
1445387323,1754.97,0.151,ASK
1445387323,1754.97,0.121,ASK
1445387323,1754.97,0.5698,ASK
1445387325,1754.96,0.476,BID
1445387326,1754.96,0.5698,BID
1445387327,1754.96,0.968,BID
1445387327,1754.96,0.5698,BID
1445387327,1754.96,0.3219,BID
1445387350,1755.03,0.07,ASK
1445387350,1755.02,0.01,ASK
1445387350,1755.02,1.3383,ASK
1445387350,1755.02,0.2195,ASK
1445387351,1755.01,0.5,BID
1445387351,1755.01,0.142,BID
1445387353,1755.01,0.644,BID
1445387354,1755.01,0.5698,BID
1445387355,1755.01,0.5698,BID
1445387355,1755.0,0.825,BID
1445387356,1755.0,0.5133,BID
1445387356,1755.01,0.0565,BID
1445387356,1755.01,0.6,BID
1445387357,1755.01,0.01,BID
1445387357,1755.01,0.5698,BID
1445387358,1755.01,0.513,BID
1445387359,1755.01,0.5698,BID
1445387360,1755.01,0.5698,BID
1445387361,1754.98,0.0803,ASK
1445387361,1754.98,0.2417,BID
1445387361,1755.01,0.3281,BID
1445387361,1755.01,0.204,BID
1445387362,1754.97,0.0803,ASK
1445387363,1755.01,11.2026,BID
1445387365,1755.28,0.07,BID
1445387365,1755.8,1.7,BID
1445387367,1755.87,0.373,ASK
1445387370,1755.87,0.889,ASK
1445387374,1755.88,0.002,ASK
1445387378,1755.89,0.07,ASK
1445387378,1755.88,9.7019,ASK
1445387378,1755.88,1.4307,ASK
1445387379,1755.89,0.0136,ASK
1445387379,1755.88,0.9684,ASK
1445387382,1755.88,0.421,ASK
1445387384,1755.88,0.368,ASK
1445387393,1757.05,0.002,BID
1445387403,1755.9,0.0848,ASK
1445387403,1755.89,0.0029,ASK
1445387403,1755.89,0.1121,ASK
1445387407,1757.02,0.001,BID
1445387427,1756.99,0.0059,BID
1445387427,1756.99,0.07,BID
1445387427,1756.99,0.6,BID
1445387427,1756.99,2.4828,BID
1445387427,1757.0,0.01,BID
1445387427,1757.01,0.368,BID
1445387427,1757.01,0.0131,BID
1445387428,1757.01,0.5,ASK
1445387428,1757.01,0.0191,ASK
1445387428,1757.01,0.1579,ASK
1445387428,1757.01,0.141,ASK
1445387429,1757.01,0.4,ASK
1445387429,1757.01,0.8,ASK
1445387429,1757.01,0.6,ASK
1445387429,1757.01,4.54,ASK
1445387429,1757.01,0.5,ASK
1445387429,1757.01,0.4,ASK
1445387429,1757.01,0.6849,ASK
1445387439,1755.95,0.001,ASK
1445387441,1756.97,0.5,BID
1445387441,1756.98,2.8201,BID
1445387441,1757.0,0.4,BID
1445387441,1757.0,0.65,BID
1445387442,1757.01,0.001,ASK
1445387442,1757.01,0.025,ASK
1445387442,1757.01,0.141,ASK
1445387442,1757.01,0.0525,ASK
1445387443,1757.03,0.0974,BID
1445387443,1757.06,0.1686,BID
1445387443,1757.09,0.5773,BID
1445387443,1757.1,0.2677,BID
1445387443,1757.36,0.069,BID
1445387443,1757.01,0.65,ASK
1445387445,1757.36,1.18,BID
1445387446,1757.04,0.0974,ASK
1445387446,1757.03,0.0164,ASK
1445387446,1757.03,0.0136,ASK
1445387446,1757.02,0.6,ASK
1445387446,1757.02,0.1669,ASK
1445387447,1757.02,0.0331,BID
1445387447,1757.02,0.5,BID
1445387448,1757.02,0.2004,BID
1445387449,1757.02,0.5691,BID
1445387450,1757.02,0.5691,BID
1445387451,1757.02,0.5691,BID
1445387453,1757.02,0.5691,BID
1445387453,1757.01,0.987,ASK
1445387454,1757.02,0.5691,BID
1445387454,1757.02,0.2187,BID
1445387455,1757.02,2.0,BID
1445387455,1757.02,0.5691,BID
1445387456,1757.02,0.5691,BID
1445387457,1757.01,30.7734,ASK
1445387457,1757.01,0.5691,BID
1445387457,1756.72,0.001,ASK
1445387459,1757.0,0.082,BID
1445387460,1757.0,0.4,BID
1445387490,1756.96,0.5,BID
1445387490,1756.97,0.01,BID
1445387490,1756.99,0.0182,BID
1445387490,1757.0,0.168,BID
1445387490,1757.0,0.1958,BID
1445387491,1757.0,0.6,ASK
1445387493,1757.0,0.187,ASK
1445387493,1756.97,0.5,ASK
1445387493,1756.75,0.2694,ASK
1445387493,1756.74,0.1872,ASK
1445387493,1756.73,0.0798,ASK
1445387493,1756.66,0.06,ASK
1445387493,1755.98,0.0226,ASK
1445387493,1755.98,0.0135,ASK
1445387493,1755.98,0.1326,ASK
1445387493,1755.97,8.8619,ASK
1445387496,1755.97,0.6,BID
1445387496,1755.97,0.401,BID
1445387496,1755.97,0.4,BID
1445387496,1755.97,0.5,BID
1445387497,1755.97,0.5695,BID
1445387499,1755.97,0.5695,BID
1445387500,1755.97,0.5695,BID
1445387501,1755.97,0.5695,BID
1445387502,1755.97,0.158,BID
1445387503,1755.97,0.5695,BID
1445387503,1755.97,0.5695,BID
1445387504,1755.97,0.5695,BID
1445387505,1755.97,0.5695,BID
1445387506,1755.97,0.5695,BID
1445387507,1755.97,0.5695,BID
1445387508,1755.97,0.5695,BID
1445387509,1755.97,0.5695,BID
1445387510,1755.97,0.5695,BID
1445387511,1755.97,0.5695,BID
1445387512,1755.97,0.5695,BID
1445387512,1755.97,0.244,BID
1445387513,1755.97,0.5695,BID
1445387514,1755.97,0.5695,BID
1445387515,1755.97,0.5695,BID
1445387516,1755.97,0.5695,BID
1445387518,1755.97,0.5695,BID
1445387519,1755.97,0.5695,BID
1445387539,1755.96,0.1003,ASK
1445387552,1755.93,0.1315,ASK
1445387553,1755.92,0.0288,ASK
1445387558,1755.91,0.0499,ASK
1445387614,1755.25,0.0151,ASK
1445387641,1755.41,0.0626,BID
1445387641,1755.42,0.1513,BID
1445387641,1755.43,0.1747,BID
1445387641,1755.44,0.1433,BID
1445387643,1755.52,0.0825,BID
1445387643,1755.53,0.0642,BID
1445387643,1755.85,0.1771,BID
1445387643,1755.9,0.155,BID
1445387643,1755.91,1.5212,BID
1445387644,1755.56,0.06,BID
1445387644,1755.88,14.0,BID
1445387644,1755.88,2.989,BID
1445387645,1755.91,0.062,BID
1445387645,1755.87,0.0018,ASK
1445387646,1755.91,0.5695,BID
1445387646,1755.91,0.0212,BID
1445387649,1755.91,0.356,BID
1445387650,1755.91,0.0484,BID
1445387650,1755.91,0.4478,BID
1445387651,1755.91,0.0739,BID
1445387659,1755.96,0.109,BID
1445387663,1755.88,0.001,ASK
1445387773,1755.96,0.0003,BID
1445387773,1755.97,0.006,BID
1445387789,1756.01,0.06,ASK
1445387789,1756.0,0.0264,ASK
1445387789,1755.99,0.0088,ASK
1445387789,1755.88,0.0285,ASK
1445387789,1755.87,0.5698,ASK
1445387789,1755.86,0.1509,ASK
1445387789,1755.84,0.0586,ASK
1445387789,1755.83,0.1571,ASK
1445387790,1755.83,0.0285,BID
1445387791,1755.83,0.0604,BID
1445387799,1755.77,0.1407,ASK
1445387799,1755.76,0.1933,ASK
1445387800,1755.76,0.0004,ASK
1445387815,1755.61,0.1271,ASK
1445387815,1755.59,0.1359,ASK
1445387815,1755.58,0.214,ASK
1445387830,1755.58,0.0057,ASK
1445387830,1755.54,0.0296,ASK
1445387830,1755.53,0.0825,ASK
1445387830,1755.42,0.0626,ASK
1445387830,1755.08,0.5,ASK
1445387830,1755.01,0.0297,ASK
1445387830,1754.92,0.5698,ASK
1445387830,1754.91,1.4332,ASK
1445387897,1755.04,0.001,ASK
1445387917,1755.04,0.0177,ASK
1445387917,1755.04,0.01,ASK
1445387919,1755.04,0.643,BID
1445387922,1755.03,0.0331,ASK
1445387923,1755.04,0.476,BID
1445387923,1755.03,0.01,ASK
1445387925,1755.02,0.0331,BID
1445387925,1755.04,0.1801,BID
1445387927,1755.05,0.0435,ASK
1445387930,1755.0,0.1565,BID
1445387930,1755.0,1.2833,BID
1445387959,1755.0,2.4467,BID
1445388039,1755.46,0.0227,BID
1445388079,1755.42,0.0151,BID
1445388079,1755.42,0.06,BID
1445388079,1755.43,0.013,BID
1445388079,1755.43,0.0148,BID
1445388079,1755.44,0.1999,BID
1445388079,1755.45,0.0529,BID
1445388079,1755.46,0.1571,BID
1445388079,1755.47,0.0807,BID
1445388079,1755.48,0.1041,BID
1445388079,1755.49,0.1119,BID
1445388079,1755.5,0.0874,BID
1445388079,1755.51,0.0107,BID
1445388079,1755.53,0.2383,BID
1445388079,1755.6,0.1271,BID
1445388079,1755.61,0.47,BID
1445388079,1755.76,0.1403,BID
1445388079,1756.25,0.5367,BID
1445388082,1756.23,7.0,BID
1445388082,1756.23,8.766,BID
1445388115,1756.15,0.2364,BID
1445388115,1756.16,0.219,BID
1445388142,1755.13,0.0185,ASK
1445388142,1755.13,0.0331,ASK
1445388142,1755.12,0.3708,ASK
1445388142,1755.11,0.06,ASK
1445388142,1755.1,0.051,ASK
1445388142,1755.09,0.8,ASK
1445388143,1755.09,0.2191,BID
1445388193,1755.08,0.1324,ASK
1445388200,1755.05,0.1513,ASK
1445388200,1755.01,0.0246,ASK
1445388200,1755.01,0.0217,ASK
1445388200,1755.01,0.0878,ASK
1445388200,1755.01,0.0876,ASK
1445388200,1755.0,0.807,ASK
1445388202,1755.0,1.18,ASK
1445388204,1755.0,0.65,ASK
1445388204,1755.0,1.18,ASK
1445388205,1755.0,0.65,ASK
1445388206,1755.0,0.65,ASK
1445388208,1755.0,0.65,ASK
1445388209,1755.01,0.65,ASK
1445388219,1755.01,0.6883,ASK
1445388219,1755.0,0.8481,ASK
1445388247,1755.02,0.1878,ASK
1445388247,1755.0,42.7637,ASK
1445388254,1755.0,29.4094,BID
1445388255,1755.0,0.5698,BID
1445388256,1755.0,0.5698,BID
1445388257,1755.0,0.5698,BID
1445388258,1755.0,0.5698,BID
1445388259,1755.0,0.5698,BID
1445388260,1755.0,0.5698,BID
1445388270,1754.91,14.2609,ASK
1445388271,1754.91,0.65,ASK
1445388272,1754.91,0.65,ASK
1445388273,1754.91,0.65,ASK
1445388274,1754.91,0.65,ASK
1445388275,1754.91,0.65,ASK
1445388276,1754.91,0.65,ASK
1445388277,1754.91,0.65,ASK
1445388278,1754.91,0.65,ASK
1445388279,1754.91,0.65,ASK
1445388280,1754.91,0.65,ASK
1445388281,1754.91,0.65,ASK
1445388282,1754.91,0.65,ASK
1445388283,1754.91,0.65,ASK
1445388284,1754.91,0.65,ASK
1445388285,1754.91,0.65,ASK
1445388286,1754.91,0.65,ASK
1445388287,1754.91,0.65,ASK
1445388288,1754.91,0.65,ASK
1445388289,1754.91,0.65,ASK
1445388290,1754.91,0.65,ASK
1445388291,1754.91,0.65,ASK
1445388292,1754.91,2.4767,ASK
1445388292,1754.91,0.65,ASK
1445388293,1754.91,0.65,ASK
1445388294,1754.91,0.65,ASK
1445388296,1754.91,0.65,ASK
1445388297,1754.91,0.65,ASK
1445388298,1754.91,0.65,ASK
1445388299,1754.91,0.65,ASK
1445388300,1754.91,0.65,ASK
1445388301,1754.91,0.65,ASK
1445388302,1754.91,0.65,ASK
1445388303,1754.91,0.65,ASK
1445388303,1754.99,0.8,BID
1445388304,1754.91,0.65,ASK
1445388306,1754.91,0.65,ASK
1445388307,1754.91,0.65,ASK
1445388308,1754.91,0.65,ASK
1445388309,1754.91,0.4246,ASK
1445388318,1754.88,0.5826,BID
1445388318,1754.89,0.618,BID
1445388318,1754.9,0.2254,BID
1445388318,1754.9,0.0674,BID
1445388319,1754.89,0.0601,BID
1445388320,1754.9,0.5826,BID
1445388320,1755.0,4.9703,BID
1445388320,1755.01,0.1878,BID
1445388320,1755.09,2.8,BID
1445388320,1755.32,0.1632,BID
1445388320,1755.33,0.4008,BID
1445388320,1755.35,0.012,BID
1445388368,1755.21,0.0331,BID
1445388368,1755.22,2.8155,BID
1445388369,1755.22,0.0331,BID
1445388438,1755.2,0.0022,BID
1445388448,1755.21,0.0864,BID
1445388448,1755.22,0.584,BID
1445388448,1755.28,0.0289,BID
1445388448,1755.3,0.0741,BID
1445388448,1755.31,0.0132,BID
1445388448,1755.33,0.0054,BID
1445388448,1755.34,0.0821,BID
1445388448,1755.35,0.2134,BID
1445388448,1755.97,1.3383,BID
1445388448,1756.0,2.1184,BID
1445388456,1755.22,0.0292,ASK
1445388456,1755.22,0.0331,ASK
1445388456,1755.21,0.0497,ASK
1445388470,1755.23,0.0188,ASK
1445388470,1755.23,0.0222,ASK
1445388470,1755.22,0.0787,ASK
1445388470,1755.22,0.2977,ASK
1445388470,1755.22,0.0227,BID
1445388471,1755.22,0.0188,BID
1445388475,1755.21,0.01,ASK
1445388493,1755.9,0.01,BID
1445388493,1755.91,0.1729,BID
1445388493,1755.92,0.0327,BID
1445388493,1755.92,2.8842,BID
1445388529,1755.83,0.06,BID
1445388529,1755.86,0.0104,BID
1445388531,1755.89,1.7,ASK
1445388531,1755.89,0.6,ASK
1445388531,1755.89,0.8,ASK
1445388531,1755.89,0.4,ASK
1445388531,1755.89,0.5,ASK
1445388531,1755.89,0.4,ASK
1445388531,1755.89,0.6,ASK
1445388531,1755.89,0.4,ASK
1445388531,1755.89,0.6,ASK
1445388532,1755.89,0.4,ASK
1445388532,1755.89,0.4,ASK
1445388532,1755.89,3.0,ASK
1445388532,1755.89,1.7,ASK
1445388533,1755.89,0.65,ASK
1445388534,1755.89,0.01,ASK
1445388534,1755.89,0.65,ASK
1445388535,1755.9,0.7,ASK
1445388535,1755.89,1.88,ASK
1445388536,1755.89,0.3023,ASK
1445388537,1755.89,1.0,ASK
1445388538,1755.89,0.49,ASK
1445388540,1755.89,0.5,ASK
1445388541,1755.89,0.7,ASK
1445388542,1755.89,0.4449,ASK
1445388543,1755.89,0.208,ASK
1445388543,1755.89,0.5,ASK
1445388544,1755.89,0.533,ASK
1445388545,1755.89,0.5,ASK
1445388545,1755.89,0.367,ASK
1445388545,1755.89,0.4,ASK
1445388545,1755.89,0.6,ASK
1445388546,1755.89,0.5,ASK
1445388546,1755.89,0.6,ASK
1445388546,1755.89,0.1,ASK
1445388547,1755.89,0.307,ASK
1445388548,1755.89,0.5,ASK
1445388551,1755.89,0.5,ASK
1445388552,1755.89,0.646,ASK
1445388553,1755.89,0.4,ASK
1445388553,1755.89,13.8692,ASK
1445388553,1755.61,0.06,ASK
1445388553,1755.32,0.04,ASK
1445388553,1755.31,0.8,ASK
1445388553,1755.3,0.085,ASK
1445388553,1755.28,0.0157,ASK
1445388553,1755.27,0.3136,ASK
1445388553,1755.26,0.1942,ASK
1445388553,1755.25,0.1361,ASK
1445388553,1755.24,0.0598,ASK
1445388553,1755.23,0.0327,ASK
1445388553,1755.23,0.0212,ASK
1445388553,1755.22,0.0591,ASK
1445388553,1755.22,0.364,ASK
1445388553,1755.2,11.2,ASK
1445388553,1755.11,0.0897,ASK
1445388553,1755.1,0.0069,ASK
1445388553,1755.07,0.0179,ASK
1445388553,1755.05,0.2298,ASK
1445388553,1755.03,0.2751,ASK
1445388553,1754.89,0.5097,ASK
1445388553,1754.73,0.012,ASK
1445388553,1754.38,0.002,ASK
1445388553,1753.68,0.004,ASK
1445388553,1752.46,0.2823,ASK
1445388554,1752.47,5.0,ASK
1445388554,1752.47,3.925,ASK
1445388567,1755.4,0.06,BID
1445388567,1755.4,0.34,BID
1445388567,1755.4,0.1008,BID
1445388567,1755.41,0.2992,BID
1445388567,1755.41,0.0567,BID
1445388567,1755.41,0.3433,BID
1445388567,1755.41,0.6,BID
1445388568,1755.39,0.0331,BID
1445388568,1755.39,0.3151,BID
1445388568,1755.41,2.4148,BID
1445388568,1755.41,0.11,BID
1445388569,1755.39,0.169,BID
1445388569,1755.39,0.5,BID
1445388575,1755.39,0.031,BID
1445388575,1755.41,0.569,BID
1445388576,1755.4,0.4,BID
1445388577,1755.4,0.4,BID
1445388577,1755.41,0.1,BID
1445388578,1755.41,0.063,BID
1445388579,1755.4,0.431,BID
1445388579,1755.4,0.141,BID
1445388581,1755.4,0.3,BID
1445388581,1755.4,0.8,BID
1445388593,1755.37,1.942,BID
1445388593,1755.37,0.298,BID
1445388593,1755.37,0.4,BID
1445388603,1755.35,0.0847,BID
1445388603,1755.36,0.0193,BID
1445388603,1755.37,1.896,BID
1445388609,1755.34,0.0047,BID
1445388609,1755.34,0.1733,BID
1445388610,1755.34,0.732,BID
1445388625,1753.4,0.06,ASK
1445388625,1753.39,0.7,ASK
1445388625,1753.39,2.0198,ASK
1445388625,1753.39,4.2049,ASK
1445388625,1753.35,0.01,ASK
1445388626,1753.33,0.8789,BID
1445388626,1753.33,0.5,BID
1445388626,1753.33,0.0332,BID
1445388626,1753.33,3.0,BID
1445388626,1753.33,0.795,BID
1445388627,1753.33,0.8,BID
1445388627,1753.33,0.994,BID
1445388627,1753.32,2.0,BID
1445388627,1753.32,3.0,BID
1445388627,1753.32,0.723,BID
1445388627,1753.33,3.0,BID
1445388627,1753.33,0.5703,BID
1445388628,1753.33,0.9,BID
1445388628,1753.33,1.325,BID
1445388628,1753.33,0.5703,BID
1445388629,1753.33,3.0,BID
1445388629,1753.33,0.5,BID
1445388629,1753.33,0.5703,BID
1445388630,1753.29,0.013,ASK
1445388630,1753.29,0.3046,ASK
1445388630,1753.28,0.4774,BID
1445388630,1753.33,0.0929,BID
1445388630,1753.33,1.0,BID
1445388630,1753.33,3.0,BID
1445388631,1753.33,0.012,BID
1445388631,1753.33,2.58,BID
1445388632,1753.28,0.3176,BID
1445388632,1753.33,2.6824,BID
1445388632,1753.33,0.13,BID
1445388632,1753.33,0.5703,BID
1445388633,1753.33,0.5703,BID
1445388633,1753.33,0.01,BID
1445388634,1753.33,0.5,BID
1445388634,1753.33,0.5703,BID
1445388635,1753.33,0.5703,BID
1445388636,1753.33,0.373,BID
1445388636,1753.33,0.5703,BID
1445388636,1753.32,7.415,BID
1445388637,1753.33,0.5703,BID
1445388638,1753.33,0.494,BID
1445388640,1753.56,0.06,BID
1445388640,1755.29,0.434,BID
1445388643,1755.29,0.06,BID
1445388650,1753.59,0.06,ASK
1445388650,1753.58,0.0126,ASK
1445388650,1753.57,0.06,ASK
1445388650,1753.35,0.0323,ASK
1445388650,1753.34,0.0763,ASK
1445388650,1753.34,0.5703,ASK
1445388650,1753.32,0.0866,ASK
1445388650,1753.31,1.3404,ASK
1445388650,1753.3,2.4739,ASK
1445388650,1753.3,0.001,ASK
1445388651,1755.26,18.544,ASK
1445388652,1755.26,15.0,ASK
1445388652,1755.26,3.338,ASK
1445388727,1753.71,0.01,ASK
1445388729,1753.71,2.5574,BID
1445388729,1754.92,0.048,BID
1445388729,1754.92,0.02,BID
1445388741,1754.9,0.02,BID
1445388753,1754.88,0.1189,BID
1445388753,1754.88,0.06,BID
1445388753,1754.89,0.8,BID
1445388753,1754.89,3.294,BID
1445388757,1754.88,0.166,BID
1445388757,1754.88,3.9182,BID
1445388780,1754.27,0.06,ASK
1445388780,1754.27,0.04,ASK
1445388780,1754.26,0.035,ASK
1445388780,1754.26,0.8,ASK
1445388780,1754.22,0.122,ASK
1445388780,1754.21,0.8902,ASK
1445388781,1754.85,1.0,ASK
1445388781,1754.85,14.0,ASK
1445388781,1754.85,0.849,ASK
1445388784,1754.86,0.0113,BID
1445388785,1754.86,0.0113,ASK
1445388786,1754.86,0.0132,ASK
1445388789,1754.87,0.01,BID
1445388797,1754.87,0.2167,BID
1445388797,1754.87,0.067,BID
1445388797,1754.88,1.3404,BID
1445388797,1754.94,0.0817,BID
1445388797,1754.97,0.0042,BID
1445388797,1754.98,0.0572,BID
1445388833,1754.97,0.0056,BID
1445388833,1754.98,0.057,BID
1445388845,1754.99,0.0637,BID
1445388846,1754.99,0.0196,ASK
1445388846,1755.0,0.0637,BID
1445388856,1755.0,0.1363,BID
1445388856,1755.0,1.0,BID
1445388856,1755.24,0.0215,BID
1445388856,1755.25,0.0222,BID
1445388862,1755.02,0.3047,ASK
1445388862,1755.02,0.0285,ASK
1445388862,1755.01,0.5698,ASK
1445388862,1755.0,0.0308,ASK
1445388868,1755.0,0.01,BID
1445388871,1755.0,1.18,BID
1445388873,1755.0,3.8764,BID
1445388873,1755.0,0.5698,BID
1445388874,1755.0,0.5698,BID
1445388875,1755.0,0.5698,BID
1445388876,1755.0,0.5698,BID
1445388877,1755.0,0.5698,BID
1445388878,1755.0,0.4767,BID
1445388878,1755.0,0.0931,BID
1445388879,1755.0,0.5698,BID
1445388880,1755.0,0.5698,BID
1445388881,1754.99,0.1033,ASK
1445388881,1755.0,0.5698,BID
1445388883,1754.99,0.0243,ASK
1445388883,1754.99,0.0167,ASK
1445388883,1754.99,0.0285,ASK
1445388883,1754.98,0.1033,ASK
1445388884,1754.98,0.1728,ASK
1445388900,1754.99,0.01,BID
1445388901,1754.99,0.79,BID
1445388902,1755.0,0.5698,BID
1445388916,1755.01,0.01,BID
1445388920,1755.01,0.0232,BID
1445388921,1755.25,0.0232,BID
1445388923,1755.25,0.01,BID
1445388924,1755.25,0.1363,BID
1445388924,1755.27,0.2088,BID
1445388924,1755.28,0.8349,BID
1445388925,1755.03,0.0332,ASK
1445388925,1755.02,0.0232,ASK
1445388925,1755.0,0.0284,ASK
1445388925,1755.0,0.1463,BID
1445388926,1755.0,0.0192,BID
1445388929,1755.0,0.01,BID
1445388930,1755.0,0.2,BID
1445388931,1755.0,0.5698,BID
1445388932,1755.0,0.5698,BID
1445388932,1755.0,0.045,BID
1445388933,1755.0,0.5698,BID
1445388934,1755.0,0.5698,BID
1445388935,1755.0,0.222,BID
1445388935,1755.0,0.5698,BID
1445388936,1755.0,0.5698,BID
1445388937,1755.0,0.5698,BID
1445388938,1755.0,1.5455,BID
1445388938,1755.0,0.5698,BID
1445388938,1755.0,1.941,BID
1445388939,1755.0,0.5698,BID
1445388940,1755.0,0.5698,BID
1445388941,1755.0,0.5698,BID
1445388942,1755.0,1.3,BID
1445388942,1755.0,0.5,BID
1445388942,1755.0,0.5698,BID
1445388943,1755.0,0.5698,BID
1445388944,1755.0,0.5698,BID
1445388945,1755.0,0.1463,BID
1445388945,1755.0,0.5698,BID
1445388945,1755.0,0.152,BID
1445388946,1755.0,0.5,BID
1445388946,1755.0,0.5698,BID
1445388947,1755.0,0.4231,BID
1445388947,1755.01,0.0232,BID
1445388948,1755.27,0.0192,BID
1445388948,1755.27,0.0474,BID
1445388948,1755.28,0.3565,BID
1445388949,1755.28,0.01,BID
1445388949,1755.28,0.0666,BID
1445388950,1755.27,0.0332,BID
1445388950,1755.28,0.9668,BID
1445388951,1755.28,0.7444,BID
1445388952,1755.27,0.2455,BID
1445388952,1755.28,0.4489,BID
1445388953,1755.28,0.1556,BID
1445388954,1755.28,0.5,BID
1445388955,1755.28,0.0923,BID
1445388955,1755.32,0.1673,BID
1445388955,1755.33,0.1838,BID
1445388955,1755.37,0.1159,BID
1445388955,1755.38,0.033,BID
1445388955,1755.38,0.0923,BID
1445388956,1755.37,1.0,BID
1445388956,1755.37,2.0,BID
1445388956,1755.37,1.721,BID
1445388960,1755.33,0.06,BID
1445388961,1755.38,0.0749,BID
1445388961,1755.42,0.06,BID
1445388962,1755.42,0.0749,BID
1445388965,1755.42,0.007,BID
1445388965,1755.42,0.067,BID
1445388966,1755.42,0.0732,BID
1445388988,1755.94,0.1511,BID
1445388988,1756.0,3.846,BID
1445389002,1756.0,6.6,BID
1445389011,1755.51,0.03,ASK
1445389015,1755.52,0.0332,ASK
1445389015,1755.51,0.1125,ASK
1445389015,1755.5,0.2814,ASK
1445389015,1755.49,0.0173,ASK
1445389015,1755.47,0.3584,ASK
1445389015,1755.46,0.1832,ASK
1445389016,1755.45,0.01,ASK
1445389017,1755.45,0.1673,ASK
1445389017,1755.44,0.1259,ASK
1445389017,1755.44,0.7372,ASK
1445389019,1755.44,0.0148,BID
1445389020,1755.43,0.1489,ASK
1445389020,1755.43,0.1472,ASK
1445389020,1755.16,0.06,ASK
1445389020,1755.06,0.6399,ASK
1445389020,1755.44,0.0386,BID
1445389028,1755.41,0.001,BID
1445389031,1755.07,0.1601,ASK
1445389032,1755.07,0.02,ASK
1445389036,1755.07,0.03,ASK
1445389048,1755.05,0.0843,ASK
1445389048,1755.04,0.0857,ASK
1445389056,1755.05,0.01,ASK
1445389062,1755.05,0.0882,ASK
1445389062,1755.04,0.0018,ASK
1445389066,1755.04,0.0792,ASK
1445389066,1755.02,0.0008,ASK
1445389070,1755.01,0.1235,ASK
1445389070,1755.01,0.5698,ASK
1445389072,1754.88,0.12,ASK
1445389073,1755.0,0.07,BID
1445389074,1755.0,0.5698,BID
1445389075,1755.0,0.0049,BID
1445389076,1755.01,0.131,ASK
1445389077,1755.01,0.0813,ASK
1445389094,1755.02,0.0754,ASK
1445389094,1755.02,0.4,BID
1445389095,1755.02,0.0333,BID
1445389107,1755.01,0.01,ASK
1445389122,1755.01,0.01,ASK
1445389128,1755.01,0.296,ASK
1445389128,1755.01,0.0366,ASK
1445389128,1755.01,0.2594,ASK
1445389128,1755.01,0.296,ASK
1445389128,1755.01,0.246,ASK
1445389128,1755.01,0.1986,ASK
1445389146,1754.99,0.1154,BID
1445389146,1755.0,0.65,BID
1445389146,1755.01,4.936,BID
1445389146,1755.02,0.0413,BID
1445389146,1755.2,0.06,BID
1445389146,1755.28,0.0156,BID
1445389146,1755.29,1.5777,BID
1445389174,1755.02,0.0346,ASK
1445389174,1755.01,0.0559,ASK
1445389174,1755.0,0.1154,ASK
1445389174,1754.97,0.06,ASK
1445389174,1754.9,0.0319,ASK
1445389174,1754.9,0.0593,ASK
1445389174,1754.89,0.0429,ASK
1445389174,1754.89,0.6,ASK
1445389174,1754.89,0.0571,ASK
1445389174,1754.89,0.1496,ASK
1445389174,1754.89,0.0156,ASK
1445389174,1754.88,0.0381,ASK
1445389174,1754.88,0.1396,ASK
1445389174,1754.96,0.0098,BID
1445389181,1754.88,0.256,ASK
1445389182,1754.88,0.65,ASK
1445389183,1754.88,0.65,ASK
1445389193,1755.17,0.1493,BID
1445389193,1755.26,0.0098,BID
1445389193,1755.26,0.0791,BID
1445389193,1755.27,0.0051,BID
1445389193,1755.27,1.577,BID
1445389193,1755.28,0.0559,BID
1445389193,1755.28,0.8,BID
1445389193,1755.31,0.0336,BID
1445389193,1755.34,0.0734,BID
1445389193,1755.34,0.0395,BID
1445389193,1755.35,0.0273,BID
1445389193,1755.36,0.0982,BID
1445389193,1755.37,0.1742,BID
1445389193,1755.38,0.2202,BID
1445389193,1755.4,0.2558,BID
1445389193,1755.42,0.0816,BID
1445389212,1754.92,0.0397,ASK
1445389222,1754.94,0.0863,ASK
1445389222,1754.94,0.0118,ASK
1445389222,1754.93,0.0186,ASK
1445389222,1754.92,0.317,ASK
1445389222,1754.92,0.0558,ASK
1445389222,1754.91,0.0137,ASK
1445389222,1754.9,0.0721,ASK
1445389222,1754.9,0.201,ASK
1445389222,1754.89,0.0105,ASK
1445389222,1754.89,0.1541,ASK
1445389222,1754.88,0.2391,ASK
1445389222,1754.88,2.58,ASK
1445389222,1754.88,1.774,ASK
1445389222,1754.87,0.226,ASK
1445389225,1754.87,1.18,ASK
1445389226,1754.88,2.0,ASK
1445389226,1754.88,10.401,ASK
1445389236,1754.87,1.18,ASK
1445389237,1754.87,0.65,ASK
1445389238,1754.87,0.464,ASK
1445389238,1754.87,0.001,ASK
1445389238,1754.86,0.185,ASK
1445389240,1754.86,0.65,ASK
1445389322,1754.92,0.01,BID
1445389322,1754.93,0.0863,BID
1445389322,1755.14,0.0118,BID
1445389322,1755.15,0.0558,BID
1445389322,1755.16,0.201,BID
1445389322,1755.16,0.06,BID
1445389322,1755.17,0.0721,BID
1445389322,1755.25,0.0105,BID
1445389322,1755.33,0.008,BID
1445389322,1755.42,0.2145,BID
1445389322,1755.44,0.1239,BID
1445389322,1755.68,0.002,BID
1445389322,1755.76,0.7,BID
1445389322,1756.0,2.3618,BID
1445389322,1756.0,0.0764,BID
1445389322,1756.11,5.5728,BID
1445389322,1756.14,4.2578,BID
1445389322,1756.38,0.004,BID
1445389322,1756.57,0.09,BID
1445389322,1756.8,1.0,BID
1445389322,1756.8,1.0,BID
1445389322,1756.8,0.8781,BID
1445389322,1756.81,1.0,BID
1445389322,1756.87,0.579,BID
1445389322,1756.92,0.2242,BID
1445389328,1755.03,0.0149,ASK
1445389328,1754.92,0.5851,ASK
1445389332,1755.03,0.2379,ASK
1445389334,1755.02,0.0001,BID
1445389334,1755.02,0.238,BID
1445389334,1755.02,0.2316,BID
1445389335,1755.02,0.0064,BID
1445389342,1755.04,0.1031,ASK
1445389346,1755.04,0.0559,ASK
1445389346,1755.04,0.0116,ASK
1445389346,1755.03,0.2317,ASK
1445389346,1754.99,0.3008,BID
1445389363,1755.06,0.0117,ASK
1445389363,1755.05,0.06,ASK
1445389363,1755.01,0.0256,ASK
1445389363,1755.01,0.0594,ASK
1445389363,1755.0,0.0003,ASK
1445389363,1755.0,0.4,ASK
1445389363,1755.0,0.2997,ASK
1445389364,1754.99,0.035,BID
1445389366,1754.99,0.0653,BID
1445389367,1754.99,0.035,ASK
1445389367,1754.92,0.0653,BID
1445389369,1754.92,0.414,BID
1445389370,1754.92,0.9,BID
1445389370,1754.92,0.8224,BID
1445389370,1754.98,0.1324,BID
1445389370,1755.64,0.585,BID
1445389370,1755.69,0.4602,BID
1445389371,1754.93,0.01,ASK
1445389372,1754.93,0.5598,ASK
1445389372,1754.93,0.0904,ASK
1445389385,1754.95,0.131,ASK
1445389385,1754.94,0.024,ASK
1445389385,1754.93,0.4794,ASK
1445389385,1754.87,0.1674,ASK
1445389385,1754.87,0.1079,ASK
1445389385,1754.86,2.1572,ASK
1445389385,1754.01,0.7,ASK
1445389385,1753.99,0.8,ASK
1445389385,1753.99,1.0,ASK
1445389386,1754.86,0.0273,BID
1445389386,1754.86,0.024,BID
1445389386,1754.86,0.0138,BID
1445389387,1754.85,0.0273,BID
1445389387,1754.86,0.5727,BID
1445389390,1754.85,0.0378,BID
1445389390,1754.86,0.3472,BID
1445389407,1754.82,0.0044,BID
1445389407,1754.82,0.06,BID
1445389407,1754.83,0.0183,BID
1445389407,1754.84,0.3058,BID
1445389407,1754.85,0.0005,BID
1445389407,1754.85,0.1469,BID
1445389407,1754.86,0.2531,BID
1445389408,1754.86,0.4,BID
1445389409,1754.81,0.0817,BID
1445389409,1754.86,0.2143,BID
1445389411,1754.86,0.4,BID
1445389412,1754.86,0.6,BID
1445389413,1754.86,0.246,BID
1445389413,1754.86,0.09,BID
1445389415,1754.86,0.387,BID
1445389415,1754.86,0.3577,BID
1445389417,1754.87,0.0293,ASK
1445389421,1754.85,0.147,BID
1445389421,1754.85,0.1133,BID
1445389427,1755.6,0.035,BID
1445389427,1755.61,0.103,BID
1445389431,1755.59,0.0332,BID
1445389440,1755.66,0.131,BID
1445389465,1755.67,0.131,ASK
1445389465,1755.66,0.75,ASK
1445389465,1755.66,0.001,ASK
1445389465,1755.66,0.01,BID
1445389471,1755.41,0.0332,ASK
1445389471,1754.61,0.1496,ASK
1445389471,1754.6,0.0255,ASK
1445389471,1754.6,0.0502,ASK
1445389471,1754.59,0.9846,ASK
1445389474,1755.65,0.225,BID
1445389501,1755.61,0.0812,BID
1445389501,1755.63,0.0027,BID
1445389501,1755.64,0.0181,BID
1445389505,1755.64,0.0332,BID
1445389505,1755.65,0.2998,BID
1445389505,1755.65,0.2752,BID
1445389505,1755.65,0.7133,BID
1445389506,1755.65,0.0332,BID
1445389506,1755.65,0.2381,BID
1445389506,1755.66,0.3315,BID
1445389528,1755.62,0.0812,ASK
1445389528,1755.38,0.0251,ASK
1445389528,1755.37,0.0027,ASK
1445389528,1755.37,0.5,ASK
1445389528,1754.61,0.122,ASK
1445389528,1754.6,4.269,ASK
1445389540,1754.92,0.251,BID
1445389540,1754.92,0.251,BID
1445389541,1754.92,0.251,BID
1445389541,1754.92,0.185,BID
1445389541,1754.92,0.4158,BID
1445389542,1754.92,0.185,BID
1445389542,1754.92,0.5,BID
1445389543,1754.92,0.01,BID
1445389543,1754.92,7.8428,BID
1445389543,1754.92,2.055,BID
1445389543,1754.92,0.0484,BID
1445389544,1755.59,0.2761,BID
1445389544,1755.6,0.254,BID
1445389544,1755.6,5.269,BID
1445389544,1755.61,0.0812,BID
1445389544,1755.66,1.7775,BID
1445389550,1755.59,0.1169,BID
1445389550,1755.65,0.0941,BID
1445389560,1755.11,0.0332,ASK
1445389560,1755.1,0.06,ASK
1445389560,1755.1,0.01,ASK
1445389560,1755.09,0.0735,ASK
1445389560,1754.95,0.056,ASK
1445389560,1754.93,0.0375,ASK
1445389560,1754.92,0.75,ASK
1445389560,1754.64,0.04,ASK
1445389561,1754.64,0.0375,BID
1445389561,1754.64,0.046,BID
1445389561,1754.64,0.5,BID
1445389561,1754.64,0.329,BID
1445389562,1754.64,0.306,BID
1445389563,1754.64,0.528,BID
1445389563,1755.65,0.0375,BID
1445389563,1755.65,0.04,BID
1445389563,1755.65,0.4848,BID
1445389563,1755.65,0.046,BID
1445389563,1755.66,1.4437,BID
1445389564,1755.66,0.528,BID
1445389590,1755.59,0.0332,BID
1445389590,1755.59,0.0362,BID
1445389590,1755.6,0.06,BID
1445389590,1755.61,0.0274,BID
1445389590,1755.65,0.0432,BID
1445389661,1755.63,0.0024,BID
1445389661,1755.64,0.0649,BID
1445389661,1755.65,0.3231,BID
1445389669,1755.65,1.4636,ASK
1445389669,1755.62,1.1164,ASK
1445389675,1755.62,2.0,ASK
1445389676,1755.62,0.65,ASK
1445389677,1755.62,0.1336,ASK
1445389679,1755.61,0.5164,BID
1445389679,1755.61,0.65,BID
1445389679,1755.64,0.65,BID
1445389679,1755.66,2.4605,BID
1445389695,1755.66,0.8,BID
1445389696,1755.66,0.5696,BID
1445389697,1755.66,0.5696,BID
1445389698,1755.66,0.5696,BID
1445389699,1755.66,0.5696,BID
1445389700,1755.66,0.5696,BID
1445389700,1755.66,2.1284,BID
1445389700,1755.66,0.131,BID
1445389700,1755.66,1.0,BID
1445389700,1755.7,0.0117,BID
1445389700,1755.75,0.1678,BID
1445389700,1755.82,0.4921,BID
1445389700,1755.83,0.3038,BID
1445389700,1755.88,0.159,BID
1445389700,1755.98,0.0048,BID
1445389706,1755.98,0.2331,BID
1445389707,1756.8,0.2331,BID
1445389722,1756.09,0.0332,ASK
1445389722,1756.09,0.1139,ASK
1445389722,1756.08,0.0151,ASK
1445389722,1755.9,0.4153,ASK
1445389722,1755.72,0.035,ASK
1445389722,1755.71,0.7,ASK
1445389722,1755.7,0.0239,ASK
1445389722,1755.69,0.4789,ASK
1445389722,1755.69,0.1381,ASK
1445389722,1755.68,11.4469,ASK
1445389722,1755.67,0.2513,ASK
1445389753,1755.96,0.06,ASK
1445389753,1755.96,0.2191,ASK
1445389753,1755.95,0.01,ASK
1445389753,1755.94,0.2195,ASK
1445389753,1755.94,0.1243,ASK
1445389753,1755.92,0.1465,ASK
1445389753,1755.72,0.1667,ASK
1445389753,1755.72,0.0143,ASK
1445389753,1755.72,0.0159,ASK
1445389753,1755.71,2.8937,ASK
1445389773,1756.69,0.0332,BID
1445389773,1756.69,0.074,BID
1445389774,1756.68,0.683,BID
1445389775,1756.68,0.017,BID
1445389775,1756.71,0.2105,BID
1445389775,1756.72,0.4725,BID
1445389776,1756.72,0.017,BID
1445389777,1756.02,0.0143,ASK
1445389777,1756.02,0.0144,ASK
1445389777,1756.02,0.0332,ASK
1445389777,1756.01,0.074,ASK
1445389777,1756.01,0.4641,ASK
1445389778,1756.71,0.06,BID
1445389778,1756.72,0.2675,BID
1445389778,1756.69,10.0,ASK
1445389778,1756.69,9.989,ASK
1445389779,1756.73,0.2191,BID
1445389779,1756.75,0.0914,BID
1445389781,1756.75,0.1281,BID
1445389782,1756.74,0.0332,BID
1445389782,1756.76,0.0949,BID
1445389783,1756.67,0.0277,BID
1445389784,1756.76,0.3918,BID
1445389785,1756.99,0.3918,BID
1445389804,1757.0,0.1759,BID
1445389805,1757.01,0.1759,BID
1445389806,1757.01,0.2467,BID
1445389806,1757.02,0.1759,BID
1445389808,1756.99,0.2364,BID
1445389808,1757.02,3.9084,BID
1445389808,1757.02,0.4226,BID
1445389809,1757.02,0.5691,BID
1445389818,1757.02,0.831,BID
1445389820,1757.02,1.419,BID
1445389827,1757.0,1.6794,BID
1445389828,1757.0,1.18,BID
1445389829,1756.8,0.001,ASK
1445389831,1757.0,2.6,BID
1445389843,1756.99,0.0211,BID
1445389843,1757.0,0.1496,BID
1445389844,1757.0,0.0211,BID
1445389846,1757.0,8.7089,BID
1445389849,1757.02,0.021,BID
1445389850,1757.02,1.18,BID
1445389852,1757.02,2.345,BID
1445389876,1757.02,11.1622,BID
1445389884,1756.82,0.074,ASK
1445389884,1756.81,0.0211,ASK
1445389884,1756.8,0.1843,ASK
1445389884,1756.8,0.0255,ASK
1445389884,1756.79,0.4775,ASK
1445389884,1756.78,0.014,ASK
1445389884,1756.77,0.2364,ASK
1445389884,1756.77,0.01,ASK
1445389884,1756.76,0.1372,ASK
1445389916,1756.77,0.0982,ASK
1445389916,1756.77,0.035,ASK
1445389916,1756.77,0.0143,ASK
1445389916,1756.76,0.0638,ASK
1445389916,1756.76,0.0337,ASK
1445389917,1756.76,3.0,ASK
1445389917,1756.77,0.014,ASK
1445389917,1756.77,0.0255,ASK
1445389917,1756.77,0.01,ASK
1445389917,1756.76,0.098,ASK
1445389919,1756.76,0.1475,ASK
1445389920,1756.76,0.525,ASK
1445389920,1756.76,0.65,ASK
1445389922,1756.76,0.65,ASK
1445389923,1756.76,1.255,ASK
1445389923,1756.76,0.65,ASK
1445389924,1756.79,0.01,BID
1445389924,1756.8,0.179,BID
1445389924,1756.76,0.65,ASK
1445389925,1756.76,1.18,ASK
1445389925,1756.76,0.1608,ASK
1445389925,1756.75,0.1759,ASK
1445389925,1756.74,0.2869,ASK
1445389927,1756.75,0.056,BID
1445389928,1756.75,0.5692,BID
1445389929,1756.75,0.0248,BID
1445389929,1756.75,0.5444,BID
1445389930,1756.75,0.1056,BID
1445389932,1756.76,0.39,ASK
1445389933,1756.76,0.0004,ASK
1445389933,1756.76,0.39,ASK
1445389934,1756.76,0.1792,ASK
1445389936,1756.72,0.0151,ASK
1445389943,1756.72,0.004,ASK
1445389992,1756.75,0.4708,BID
1445389992,1756.75,0.5696,BID
1445389995,1756.76,0.2224,ASK
1445390001,1756.8,0.004,BID
1445390023,1756.75,2.6196,ASK
1445390023,1756.72,0.0032,ASK
1445390044,1756.7,0.022,BID
1445390045,1756.7,0.3276,BID
1445390045,1756.7,0.1124,BID
1445390046,1756.7,0.3139,BID
1445390046,1756.71,0.2553,BID
1445390047,1756.71,0.1595,BID
1445390047,1756.71,0.2532,BID
1445390054,1756.71,0.1565,ASK
1445390054,1756.55,0.2707,ASK
1445390054,1756.55,0.1728,ASK
1445390072,1756.68,0.01,BID
1445390072,1756.68,0.04,BID
1445390073,1756.68,0.0676,BID
1445390073,1756.69,0.05,BID
1445390074,1756.69,0.0676,BID
1445390075,1756.69,0.083,BID
1445390075,1756.7,0.0676,BID
1445390076,1756.7,0.0889,BID
1445390079,1756.7,0.0462,ASK
1445390080,1756.7,0.0155,ASK
1445390084,1756.69,0.0462,BID
1445390084,1756.71,0.1326,BID
1445390084,1756.71,0.2365,BID
1445390084,1756.72,5.1311,BID
1445390085,1756.72,0.3691,BID
1445390114,1756.72,2.1646,BID
1445390115,1756.72,0.5692,BID
1445390116,1756.72,0.5692,BID
1445390117,1756.72,0.5692,BID
1445390118,1756.72,0.5692,BID
1445390119,1756.72,0.065,BID
1445390119,1756.72,0.5692,BID
1445390121,1756.72,1.0,BID
1445390140,1756.72,0.0736,BID
1445390153,1756.72,2.58,BID
1445390154,1756.72,1.18,BID
1445390163,1756.72,0.069,BID
1445390165,1756.72,0.033,BID
1445390169,1756.72,0.727,BID
1445390171,1756.72,0.5306,BID
1445390172,1756.74,0.5306,BID
1445390172,1756.74,0.1194,BID
1445390172,1756.8,0.006,BID
1445390172,1756.9,0.003,BID
1445390172,1757.0,0.9022,BID
1445390172,1757.02,0.2264,BID
1445390183,1756.76,0.0249,ASK
1445390183,1756.75,0.0474,ASK
1445390204,1756.79,0.0129,ASK
1445390204,1756.78,0.2249,ASK
1445390204,1756.76,0.0249,ASK
1445390204,1756.75,0.451,ASK
1445390204,1756.74,0.075,ASK
1445390204,1756.73,0.8,ASK
1445390204,1756.73,0.7,ASK
1445390204,1756.72,0.2913,ASK
1445390215,1757.01,0.0249,BID
1445390215,1757.01,0.075,BID
1445390215,1757.01,0.0129,BID
1445390215,1757.02,2.1132,BID
1445390216,1757.01,0.0249,BID
1445390216,1757.02,0.0879,BID
1445390217,1757.02,0.1128,BID
1445390218,1757.02,0.016,BID
1445390219,1756.8,0.194,ASK
1445390220,1756.81,0.0332,ASK
1445390227,1756.73,0.0593,ASK
1445390227,1756.73,0.0129,ASK
1445390227,1756.73,0.075,ASK
1445390227,1756.72,0.5607,ASK
1445390227,1756.79,0.02,BID
1445390247,1756.79,0.1408,BID
1445390248,1757.01,0.0129,BID
1445390248,1757.01,0.0593,BID
1445390248,1757.01,0.0686,BID
1445390248,1757.01,0.001,BID
1445390273,1756.99,0.0332,BID
1445390273,1756.99,0.0122,BID
1445390273,1757.0,0.461,BID
1445390273,1757.0,0.0371,BID
1445390273,1757.01,0.0054,BID
1445390273,1757.02,0.4511,BID
1445390276,1757.02,0.0127,BID
1445390338,1757.0,0.0332,ASK
1445390338,1756.83,0.0776,ASK
1445390338,1756.83,0.0498,ASK
1445390338,1756.82,0.0122,ASK
1445390338,1756.82,0.4272,ASK
1445390341,1756.99,0.0332,BID
1445390341,1757.01,0.0776,BID
1445390341,1757.01,0.0498,BID
1445390341,1757.02,9.2882,BID
1445390342,1757.02,0.5,ASK
1445390345,1757.02,0.0661,ASK
1445390347,1757.02,0.65,ASK
1445390348,1757.02,0.65,ASK
1445390349,1757.02,0.067,ASK
1445390356,1757.0,0.0332,ASK
1445390356,1756.84,0.0661,ASK
1445390356,1756.83,0.0696,ASK
1445390356,1756.83,0.0513,ASK
1445390356,1756.82,2.4185,ASK
1445390356,1756.81,0.0371,ASK
1445390356,1756.8,0.1408,ASK
1445390356,1756.73,0.0263,ASK
1445390356,1756.72,5.1571,ASK
1445390400,1756.97,0.0375,BID
1445390401,1756.98,0.0375,BID
1445390402,1756.98,0.0358,BID
1445390402,1756.99,0.0332,BID
1445390402,1757.0,0.0043,BID
1445390403,1757.0,0.0574,BID
1445390403,1757.01,0.0159,BID
1445390405,1757.01,0.0733,BID
1445390408,1757.01,0.4938,BID
1445390408,1757.01,0.4062,BID
1445390409,1757.01,0.2438,BID
1445390410,1757.1,0.0389,BID
1445390410,1757.25,0.002,BID
1445390410,1757.31,0.2029,BID
1445390430,1757.31,0.04,BID
1445390431,1757.3,0.04,BID
1445390439,1757.29,0.0379,BID
1445390439,1757.3,0.0321,BID
1445390439,1757.31,0.04,BID
1445390439,1757.32,0.8,BID
1445390439,1757.36,4.7474,BID
1445390439,1757.37,3.0857,BID
1445390439,1757.5,2.0,BID
1445390439,1757.95,0.004,BID
1445390439,1758.0,0.5201,BID
1445390446,1757.38,0.3735,ASK
1445390446,1757.37,0.0187,BID
1445390447,1757.37,0.0187,BID
1445390448,1757.37,0.0332,BID
1445390448,1757.36,9.0,BID
1445390448,1757.36,7.313,BID
1445390449,1757.37,0.569,BID
1445390450,1757.37,0.569,BID
1445390451,1757.37,0.569,BID
1445390459,1757.37,0.1459,BID
1445390474,1757.3,0.0379,ASK
1445390474,1757.29,0.0016,ASK
1445390474,1757.17,0.04,ASK
1445390474,1757.16,0.0118,ASK
1445390474,1757.16,0.8,ASK
1445390474,1757.15,0.1087,ASK
1445390477,1757.29,0.0379,BID
1445390483,1757.37,0.1133,BID
1445390489,1757.38,0.4927,ASK
1445390489,1757.37,2.5073,ASK
1445390489,1757.95,5.0,ASK
1445390489,1757.95,26.967,ASK
1445390491,1757.38,0.1052,ASK
1445390491,1757.38,0.0456,ASK
1445390491,1757.37,2.8492,ASK
1445390492,1757.37,0.003,ASK
1445390497,1757.38,0.0447,ASK
1445390497,1757.38,0.0515,ASK
1445390497,1757.37,0.2688,ASK
1445390506,1757.93,1.1257,BID
1445390510,1757.89,0.003,BID
1445390513,1757.88,0.0332,BID
1445390513,1757.89,0.3328,BID
1445390522,1757.44,0.0332,ASK
1445390522,1757.43,0.0131,ASK
1445390522,1757.43,0.06,ASK
1445390522,1757.42,0.2621,ASK
1445390522,1757.41,0.0165,ASK
1445390522,1757.4,0.3306,ASK
1445390522,1757.4,0.0101,ASK
1445390522,1757.39,0.2016,ASK
1445390522,1757.37,1.6554,ASK
1445390522,1757.37,0.331,ASK
1445390522,1757.3,0.0379,ASK
1445390522,1757.15,0.1175,ASK
1445390522,1757.14,0.0379,ASK
1445390522,1757.13,0.0721,ASK
1445390522,1757.12,0.1951,ASK
1445390522,1757.11,0.0389,ASK
1445390522,1757.02,0.3253,ASK
1445390522,1757.02,0.5691,ASK
1445390522,1756.99,0.0733,ASK
1445390522,1756.88,0.1736,ASK
1445390523,1756.84,0.0447,BID
1445390524,1756.83,18.677,ASK
1445390525,1756.84,1.0851,BID
1445390525,1757.87,0.0249,BID
1445390525,1757.88,0.01,BID
1445390525,1757.88,0.0098,BID
1445390527,1757.88,0.0447,BID
1445390527,1757.92,0.1695,BID
1445390527,1757.94,0.2016,BID
1445390527,1757.99,0.6693,BID
1445390528,1757.87,0.0332,BID
1445390528,1757.99,0.1307,BID
1445390528,1758.0,0.8361,BID
1445390592,1757.75,0.06,BID
1445390592,1757.76,0.0134,BID
1445390592,1757.77,0.0824,BID
1445390592,1757.79,0.1639,BID
1445390613,1757.8,0.1601,BID
1445390613,1757.81,0.1073,BID
1445390613,1757.82,0.2009,BID
1445390613,1757.84,0.1165,BID
1445390613,1757.86,0.4581,BID
1445390613,1757.87,0.4538,BID
1445390613,1758.0,10.7238,BID
1445390613,1758.0,1.679,BID
1445390613,1758.58,2.4279,BID
1445390613,1758.6,4.0882,BID
1445390613,1758.75,5.9218,BID
1445390613,1759.36,0.008,BID
1445390613,1759.81,2.8937,BID
1445390613,1759.82,7.719,BID
1445390625,1757.9,0.625,ASK
1445390653,1758.89,0.625,BID
1445390653,1758.93,0.4971,BID
1445390653,1758.99,0.01,BID
1445390653,1759.0,4.5831,BID
1445390653,1759.74,6.3648,BID
1445390666,1758.01,0.0284,ASK
1445390666,1758.01,0.0332,ASK
1445390666,1758.01,0.0384,ASK
1445390672,1758.03,0.06,ASK
1445390672,1758.03,0.0127,ASK
1445390672,1758.02,0.4662,ASK
1445390672,1758.02,0.1224,ASK
1445390672,1758.01,1.5394,ASK
1445390702,1759.23,0.001,BID
1445390702,1759.66,3.0,BID
1445390702,1759.67,4.2995,BID
1445390702,1759.67,1.2995,BID
1445390708,1759.22,0.06,BID
1445390709,1759.3,0.001,BID
1445390709,1759.3,0.001,BID
1445390709,1759.67,0.058,BID
1445390711,1759.29,0.01,BID
1445390712,1759.67,0.0332,BID
1445390715,1759.25,0.001,BID
1445390715,1759.67,0.1861,BID
1445390716,1758.18,7.0,BID
1445390716,1758.18,2.0,BID
1445390716,1758.18,5.914,BID
1445390717,1759.67,0.001,BID
1445390717,1759.7,0.009,BID
1445390717,1759.66,0.023,BID
1445390718,1759.66,0.0002,BID
1445390718,1759.7,0.0098,BID
1445390720,1759.7,0.469,BID
1445390722,1759.7,2.58,BID
1445390722,1759.7,0.848,BID
1445390722,1759.7,3.726,BID
1445390723,1759.7,0.2411,BID
1445390725,1759.7,1.082,BID
1445390725,1759.7,0.6942,BID
1445390726,1759.69,0.3228,BID
1445390726,1759.7,2.1777,BID
1445390727,1759.7,0.321,BID
1445390729,1759.7,0.5,BID
1445390730,1759.7,0.115,BID
1445390730,1759.06,0.001,ASK
1445390730,1759.06,0.093,BID
1445390732,1759.06,0.0332,BID
1445390732,1759.06,2.1557,BID
1445390732,1759.7,1.5663,BID
1445390732,1759.7,0.0227,BID
1445390732,1759.71,0.4532,BID
1445390732,1759.73,0.0041,BID
1445390732,1759.76,0.0186,BID
1445390732,1759.89,0.01,BID
1445390732,1759.9,0.2,BID
1445390732,1759.99,0.0465,BID
1445390732,1760.0,8.7307,BID
1445390732,1760.0,2.0,BID
1445390732,1760.0,2.4561,BID
1445390732,1760.0,6.0455,BID
1445390732,1760.0,4.0,BID
1445390732,1760.0,1.0,BID
1445390732,1760.0,3.0,BID
1445390732,1760.0,1.1845,BID
1445390732,1760.0,4.1061,BID
1445390733,1760.0,2.1889,BID
1445390735,1760.0,20.0,BID
1445390736,1759.99,0.0332,BID
1445390736,1760.0,7.3942,BID
1445390736,1760.0,12.5726,BID
1445390737,1760.0,1.126,BID
1445390738,1760.0,0.0332,BID
1445390739,1760.0,5.273,BID
1445390740,1760.0,0.5211,BID
1445390741,1760.0,0.439,BID
1445390742,1760.0,0.1,BID
1445390743,1760.0,7.6476,BID
1445390743,1760.0,16.141,BID
1445390743,1760.0,3.859,BID
1445390744,1760.0,0.5,BID
1445390744,1760.0,0.809,BID
1445390745,1760.0,20.0,BID
1445390746,1760.0,14.832,BID
1445390746,1760.0,1.456,BID
1445390746,1760.0,1.5933,BID
1445390748,1760.0,2.61,BID
1445390749,1760.0,0.7967,BID
1445390749,1760.07,2.61,BID
1445390749,1760.06,5.0,BID
1445390749,1760.06,3.0,BID
1445390749,1760.06,1.598,BID
1445390751,1760.07,0.5,BID
1445390751,1760.07,0.4,BID
1445390752,1760.07,2.0,BID
1445390752,1760.07,0.15,BID
1445390752,1760.07,0.3951,BID
1445390752,1760.13,0.01,BID
1445390752,1760.2,1.0563,BID
1445390752,1760.37,1.1186,BID
1445390754,1760.37,0.5451,BID
1445390754,1760.37,2.043,BID
1445390757,1760.37,1.18,BID
1445390757,1760.37,0.95,BID
1445390760,1760.37,0.37,BID
1445390763,1760.1,0.066,ASK
1445390765,1760.37,0.01,BID
1445390770,1760.37,0.849,BID
1445390771,1760.37,0.0002,BID
1445390774,1760.98,0.09,BID
1445390776,1760.38,0.1007,ASK
1445390776,1760.38,0.025,ASK
1445390776,1760.38,0.0332,ASK
1445390776,1760.37,0.4998,ASK
1445390776,1760.12,0.1505,ASK
1445390776,1760.12,0.7,ASK
1445390776,1760.11,0.01,ASK
1445390776,1760.1,0.2196,ASK
1445390776,1760.09,0.0162,ASK
1445390778,1760.98,0.01,BID
1445390778,1760.99,0.01,BID
1445390778,1761.0,0.2,BID
1445390778,1761.05,0.1405,BID
1445390778,1761.05,0.025,BID
1445390778,1761.06,0.8045,BID
1445390779,1761.06,0.01,BID
1445390779,1761.06,0.01,BID
1445390779,1760.38,3.0,ASK
1445390779,1760.1,0.0392,ASK
1445390779,1760.09,0.7518,ASK
1445390781,1761.05,0.0392,BID
1445390781,1761.05,0.0332,BID
1445390781,1761.06,3.3239,BID
1445390782,1761.06,0.0724,BID
1445390782,1761.98,0.1,BID
1445390782,1762.0,1.2186,BID
1445390783,1761.05,0.0322,BID
1445390783,1762.0,0.0402,BID
1445390783,1761.0,0.01,ASK
1445390784,1762.0,0.0322,BID
1445390785,1762.0,0.032,BID
1445390787,1761.01,0.0245,ASK
1445390787,1761.01,0.0332,ASK
1445390787,1761.0,0.49,ASK
1445390787,1760.39,0.06,ASK
1445390787,1760.11,0.0121,ASK
1445390787,1760.11,0.1395,ASK
1445390787,1760.1,0.0322,ASK
1445390787,1760.1,8.856,ASK
1445390787,1760.1,0.8763,ASK
1445390787,1760.09,0.38,ASK
1445390787,1759.18,0.7676,ASK
1445390787,1759.12,0.2187,ASK
1445390787,1759.1,7.71,ASK
1445390789,1761.01,0.01,BID
1445390790,1761.99,0.01,BID
1445390792,1761.98,0.01,BID
1445390793,1761.98,0.0159,BID
1445390793,1761.98,0.6741,BID
1445390793,1761.98,0.0332,BID
1445390793,1761.99,0.1295,BID
1445390793,1761.99,0.0121,BID
1445390793,1761.99,0.0245,BID
1445390793,1761.99,0.0295,BID
1445390793,1762.0,9.6519,BID
1445390793,1761.03,1.0,BID
1445390793,1761.03,3.023,BID
1445390801,1761.04,0.0332,ASK
1445390801,1761.03,0.01,ASK
1445390801,1761.02,0.0369,ASK
1445390801,1761.02,0.0295,ASK
1445390804,1760.08,0.185,BID
1445390804,1760.08,0.27,BID
1445390804,1760.08,0.3183,BID
1445390804,1761.96,0.0729,BID
1445390806,1760.0,0.5,BID
1445390806,1760.0,0.01,BID
1445390808,1759.99,0.06,BID
1445390808,1760.0,0.2812,BID
1445390809,1760.0,0.23,BID
1445390810,1760.0,0.1588,BID
1445390810,1760.0,0.2,BID
1445390811,1760.0,0.018,BID
1445390811,1760.0,0.5,BID
1445390814,1760.0,0.5,BID
1445390815,1760.0,0.344,BID
1445390815,1760.0,0.334,BID
1445390815,1761.95,0.116,BID
1445390818,1761.94,0.01,BID
1445390821,1761.95,0.033,BID
1445390828,1761.93,0.023,BID
1445390832,1760.08,0.1435,ASK
1445390832,1760.07,0.044,ASK
1445390834,1761.93,0.01,BID
1445390839,1761.92,0.01,BID
1445390846,1761.91,0.8,BID
1445390846,1761.91,1.3,BID
1445390860,1761.89,0.03,BID
1445390860,1761.89,1.1788,BID
1445390876,1761.87,0.0888,BID
1445390876,1761.87,1.046,BID
1445390920,1761.81,0.01,ASK
1445390926,1761.81,0.03,ASK
1445390927,1761.81,0.6,ASK
1445390928,1761.81,0.06,ASK
1445390928,1761.8,0.59,ASK
1445390929,1761.81,0.1052,ASK
1445390929,1761.81,0.0668,ASK
1445390929,1761.81,0.478,ASK
1445390931,1761.81,0.06,ASK
1445390932,1761.81,0.11,ASK
1445390932,1761.82,0.0174,ASK
1445390932,1761.81,0.152,ASK
1445390932,1761.8,0.1776,ASK
1445390933,1761.8,0.347,ASK
1445390936,1761.8,0.347,ASK
1445390937,1761.8,0.65,ASK
1445390938,1761.81,0.01,ASK
1445390938,1761.8,0.1,ASK
1445390938,1761.8,0.65,ASK
1445390939,1761.8,0.65,ASK
1445390940,1761.8,0.65,ASK
1445390941,1761.8,0.65,ASK
1445390943,1761.8,0.65,ASK
1445390944,1761.8,0.347,ASK
1445390944,1761.8,0.65,ASK
1445390946,1761.8,0.65,ASK
1445390947,1761.8,0.65,ASK
1445390948,1761.8,0.65,ASK
1445390949,1761.8,0.38,ASK
1445390949,1761.8,0.65,ASK
1445390950,1761.8,0.65,ASK
1445390951,1761.8,0.65,ASK
1445390952,1761.8,0.65,ASK
1445390953,1761.8,0.65,ASK
1445390954,1761.8,0.65,ASK
1445390955,1761.8,0.65,ASK
1445390956,1761.8,0.65,ASK
1445390957,1761.8,0.65,ASK
1445390957,1761.8,1.0,ASK
1445390958,1761.8,0.19,ASK
1445390958,1761.8,0.65,ASK
1445390959,1761.8,0.65,ASK
1445390960,1761.8,1.1476,ASK
1445390960,1761.8,0.65,ASK
1445390961,1761.8,0.65,ASK
1445390962,1761.8,0.65,ASK
1445390963,1761.8,0.65,ASK
1445390965,1761.8,0.65,ASK
1445390966,1761.8,0.65,ASK
1445390967,1761.8,0.65,ASK
1445390968,1761.82,0.0232,BID
1445390968,1761.83,0.0789,BID
1445390968,1761.9,0.141,BID
1445390968,1761.95,0.0202,BID
1445390968,1761.96,0.4046,BID
1445390968,1761.99,0.0553,BID
1445390968,1762.0,1.1051,BID
1445390968,1762.0,0.65,ASK
1445390969,1762.0,0.0553,ASK
1445390969,1762.16,9.0,ASK
1445390969,1762.16,9.626,ASK
1445390972,1762.0,0.04,ASK
1445390973,1762.0,0.65,ASK
1445390974,1762.01,0.0933,ASK
1445390974,1762.01,0.04,ASK
1445390974,1762.0,0.5167,ASK
1445390975,1762.0,0.65,ASK
1445390976,1762.0,0.65,ASK
1445390978,1762.01,0.0426,ASK
1445390978,1762.01,0.0216,ASK
1445390978,1762.0,0.5858,ASK
1445390979,1762.01,0.4178,ASK
1445390979,1762.0,0.2322,ASK
1445390980,1762.01,0.2355,ASK
1445390980,1762.0,0.1417,ASK
1445390983,1761.84,0.0789,ASK
1445390983,1761.83,0.8514,ASK
1445390983,1761.81,11.3519,ASK
1445390984,1761.81,4.1432,BID
1445390990,1761.8,0.7786,ASK
1445390998,1761.8,1.0,ASK
1445390998,1761.8,0.7,ASK
1445390998,1761.8,0.46,ASK
1445390998,1761.81,5.0,BID
1445391000,1761.8,1.0,ASK
1445391004,1761.8,0.8,ASK
1445391006,1761.81,3.5746,BID
1445391010,1761.82,0.01,ASK
1445391057,1761.95,0.3572,BID
1445391057,1761.96,0.0992,BID
1445391057,1761.97,0.1171,BID
1445391057,1761.99,0.2728,BID
1445391057,1762.0,0.4178,BID
1445391057,1762.0,1.7359,BID
1445391082,1761.96,0.3572,ASK
1445391082,1761.87,0.1838,ASK
1445391082,1761.86,0.064,ASK
1445391082,1761.86,0.0208,ASK
1445391082,1761.85,0.416,ASK
1445391082,1761.84,0.1494,ASK
1445391083,1761.84,0.026,BID
1445391086,1761.84,0.01,BID
1445391088,1761.84,0.01,BID
1445391091,1761.84,0.876,BID
1445391092,1761.84,0.5676,BID
1445391093,1761.84,0.3192,BID
1445391094,1761.95,0.1097,BID
1445391094,1761.99,0.1523,BID
1445391098,1761.99,0.1038,BID
1445391098,1761.99,0.0202,BID
1445391100,1761.98,0.124,BID
1445391101,1761.97,0.0214,BID
1445391101,1761.98,0.0345,BID
1445391101,1761.99,0.0006,BID
1445391104,1762.0,0.124,BID
1445391105,1762.0,0.5675,BID
1445391106,1762.0,0.5675,BID
1445391107,1762.0,0.5675,BID
1445391108,1762.0,1.366,BID
1445391108,1762.0,0.01,BID
1445391108,1762.0,0.5675,BID
1445391109,1762.0,0.5675,BID
1445391111,1762.0,0.5675,BID
1445391112,1762.0,0.5675,BID
1445391113,1762.0,0.5675,BID
1445391114,1762.0,0.5675,BID
1445391114,1762.0,0.178,BID
1445391115,1762.0,0.5675,BID
1445391116,1762.0,0.5675,BID
1445391117,1762.0,0.5675,BID
1445391117,1762.0,4.8731,BID
1445391118,1762.0,0.5675,BID
1445391119,1762.0,0.5675,BID
1445391119,1762.0,0.015,BID
1445391120,1762.0,0.5675,BID
1445391121,1762.0,0.5675,BID
1445391122,1762.0,0.5675,BID
1445391123,1762.0,0.5675,BID
1445391124,1762.0,0.937,BID
1445391124,1762.0,0.5675,BID
1445391125,1762.0,0.5675,BID
1445391126,1762.0,0.5675,BID
1445391127,1762.0,1.703,BID
1445391127,1762.0,0.5675,BID
1445391127,1762.0,0.01,BID
1445391128,1762.0,0.5675,BID
1445391129,1762.0,0.5675,BID
1445391130,1762.0,0.5675,BID
1445391131,1762.0,0.5675,BID
1445391132,1762.0,2.055,BID
1445391132,1762.0,0.5675,BID
1445391133,1762.0,0.5675,BID
1445391134,1762.0,0.5675,BID
1445391136,1762.0,0.5675,BID
1445391137,1762.0,0.5675,BID
1445391138,1762.0,0.5675,BID
1445391139,1762.0,0.5675,BID
1445391140,1762.0,5.0,BID
1445391140,1762.0,0.5675,BID
1445391141,1762.0,0.08,BID
1445391143,1762.17,0.017,BID
1445391143,1762.29,0.483,BID
1445391143,1762.29,0.045,BID
1445391146,1762.02,0.0528,ASK
1445391146,1762.01,0.4875,ASK
1445391146,1762.01,0.4156,ASK
1445391147,1762.28,0.4021,BID
1445391147,1762.28,0.0528,BID
1445391147,1762.29,0.0451,BID
1445391147,1762.29,0.025,BID
1445391151,1762.29,1.603,BID
1445391154,1762.29,0.04,BID
1445391155,1762.28,0.5,ASK
1445391155,1762.02,0.0332,ASK
1445391155,1762.01,0.1519,ASK
1445391155,1762.0,0.013,ASK
1445391155,1762.0,0.3019,ASK
1445391157,1762.27,0.5,BID
1445391158,1762.28,0.0332,BID
1445391158,1762.29,0.0118,BID
1445391158,1762.01,0.2355,ASK
1445391158,1762.01,0.0441,ASK
1445391158,1762.0,0.7204,ASK
1445391159,1762.28,0.0207,BID
1445391159,1762.29,0.4026,BID
1445391160,1762.29,0.0201,ASK
1445391163,1762.3,0.0997,ASK
1445391163,1762.29,0.0566,ASK
1445391163,1762.02,0.0225,ASK
1445391163,1762.01,0.7,ASK
1445391163,1762.0,0.1212,ASK
1445391164,1762.28,0.0566,BID
1445391166,1762.51,0.069,BID
1445391167,1762.51,0.0307,BID
1445391167,1762.52,0.002,BID
1445391169,1762.78,0.099,BID
1445391191,1762.55,0.0807,ASK
1445391191,1762.54,0.0603,ASK
1445391199,1762.58,0.0332,ASK
1445391199,1762.57,0.0977,ASK
1445391199,1762.54,0.3214,ASK
1445391199,1762.53,0.1928,ASK
1445391199,1762.53,0.4937,ASK
1445391199,1762.52,0.067,ASK
1445391199,1762.52,0.0997,ASK
1445391199,1762.31,0.0676,ASK
1445391199,1762.02,0.0217,ASK
1445391199,1762.02,0.0188,ASK
1445391199,1762.01,0.5864,ASK
1445391200,1762.02,0.0259,ASK
1445391200,1762.02,0.0188,ASK
1445391200,1762.01,0.2136,ASK
1445391200,1762.0,2.3217,ASK
1445391204,1762.02,0.0972,ASK
1445391204,1762.02,0.06,ASK
1445391204,1762.01,0.1118,ASK
1445391204,1762.01,0.0256,ASK
1445391204,1762.01,0.0188,ASK
1445391204,1762.0,0.6866,ASK
1445391208,1762.55,0.001,BID
1445391211,1762.54,2.4,ASK
1445391211,1762.54,0.113,BID
1445391211,1762.0,0.01,ASK
1445391212,1762.01,0.1971,ASK
1445391212,1762.0,2.2029,ASK
1445391216,1762.01,0.005,ASK
1445391216,1762.01,0.1209,ASK
1445391216,1762.01,0.0399,ASK
1445391216,1762.0,0.8392,ASK
1445391234,1762.51,0.005,BID
1445391234,1762.1,0.002,ASK
1445391234,1762.02,0.008,ASK
1445391235,1762.51,0.0905,BID
1445391241,1762.51,0.01,BID
1445391241,1762.52,0.1663,BID
1445391247,1762.04,0.0123,ASK
1445391247,1762.03,0.2461,ASK
1445391247,1762.02,0.1748,ASK
1445391247,1762.01,0.0276,ASK
1445391247,1762.01,0.126,ASK
1445391247,1762.0,11.3202,ASK
1445391266,1762.46,0.1058,BID
1445391266,1762.47,0.0122,BID
1445391266,1762.48,0.1846,BID
1445391266,1762.49,0.7,BID
1445391266,1762.5,0.2461,BID
1445391266,1762.52,0.0165,BID
1445391271,1762.52,0.01,ASK
1445391272,1762.52,0.2235,ASK
1445391273,1762.52,0.65,ASK
1445391274,1762.52,0.65,ASK
1445391275,1762.52,0.65,ASK
1445391277,1762.52,0.65,ASK
1445391278,1762.52,0.65,ASK
1445391279,1762.52,20.0,ASK
1445391279,1762.52,0.65,ASK
1445391280,1762.52,0.8171,ASK
1445391280,1762.52,0.65,ASK
1445391281,1762.52,0.65,ASK
1445391282,1762.52,0.2851,ASK
1445391282,1762.52,0.65,ASK
1445391283,1762.52,0.65,ASK
1445391283,1762.52,0.2399,ASK
1445391284,1762.52,0.65,ASK
1445391285,1762.52,0.1431,ASK
1445391285,1762.52,0.65,ASK
1445391286,1762.52,0.65,ASK
1445391286,1762.52,0.01,ASK
1445391287,1762.52,1.8121,ASK
1445391287,1762.52,0.65,ASK
1445391288,1762.52,2.394,ASK
1445391288,1762.09,0.002,ASK
1445391288,1762.04,0.035,ASK
1445391288,1762.03,0.7,ASK
1445391288,1762.02,0.1058,ASK
1445391288,1762.01,0.0786,ASK
1445391288,1762.01,0.0122,ASK
1445391288,1762.0,1.5285,ASK
1445391289,1762.01,4.0,ASK
1445391289,1762.01,1.066,ASK
1445391293,1762.01,0.1,BID
1445391300,1762.02,0.1,ASK
1445391300,1762.01,0.088,ASK
1445391301,1762.03,0.1502,ASK
1445391301,1762.01,0.029,ASK
1445391301,1762.0,0.8728,ASK
1445391313,1762.46,0.0127,BID
1445391365,1762.35,0.0558,BID
1445391365,1762.36,0.0655,BID
1445391365,1762.41,0.06,BID
1445391365,1762.42,0.2983,BID
1445391365,1762.46,0.0864,BID
1445391365,1762.46,0.1252,BID
1445391365,1762.48,0.1502,BID
1445391365,1762.48,0.34,ASK
1445391365,1762.48,0.0897,ASK
1445391366,1762.48,0.015,ASK
1445391371,1762.5,0.7,BID
1445391371,1762.51,0.65,BID
1445391371,1762.51,0.65,BID
1445391371,1762.55,0.4238,BID
1445391371,1762.6,0.004,BID
1445391371,1762.66,0.8,BID
1445391371,1762.76,0.2,BID
1445391371,1762.8,2.246,BID
1445391372,1762.49,0.035,BID
1445391372,1762.5,0.065,BID
1445391381,1762.52,0.0517,ASK
1445391381,1762.51,0.4674,ASK
1445391381,1762.51,0.5674,ASK
1445391381,1762.5,0.0236,ASK
1445391381,1762.49,0.0141,ASK
1445391381,1762.49,0.4576,ASK
1445391381,1762.49,0.1217,ASK
1445391381,1762.48,0.2965,ASK
1445391382,1762.48,1.0,ASK
1445391385,1762.78,0.3663,BID
1445391385,1762.8,0.0875,BID
1445391414,1762.78,0.0332,BID
1445391414,1762.79,0.8704,BID
1445391414,1762.8,1.6764,BID
1445391415,1762.8,0.5673,BID
1445391483,1762.77,0.0387,BID
1445391483,1762.78,0.0136,BID
1445391483,1762.79,0.2857,BID
1445391483,1762.8,0.8875,BID
1445391483,1762.8,0.038,BID
1445391485,1762.78,0.0301,ASK
1445391486,1762.78,0.0086,ASK
1445391486,1762.66,0.0301,ASK
1445391486,1762.65,0.0279,ASK
1445391486,1762.64,0.0387,ASK
1445391486,1762.63,0.0136,ASK
1445391486,1762.63,0.0162,ASK
1445391486,1762.62,0.3238,ASK
1445391486,1762.62,0.038,BID
1445391487,1762.62,0.0162,BID
1445391489,1762.62,0.283,BID
1445391490,1762.62,0.736,BID
1445391490,1762.62,0.5673,BID
1445391491,1762.62,0.5673,BID
1445391492,1762.62,0.5673,BID
1445391493,1762.62,0.188,BID
1445391493,1762.62,0.5673,BID
1445391494,1762.62,0.5673,BID
1445391496,1762.62,0.5673,BID
1445391497,1762.62,0.75,BID
1445391497,1762.62,0.5673,BID
1445391498,1762.62,0.5673,BID
1445391499,1762.62,0.5673,BID
1445391500,1762.62,0.5673,BID
1445391501,1762.62,0.5673,BID
1445391501,1762.62,0.01,BID
1445391502,1762.61,0.0104,ASK
1445391502,1762.62,1.1,BID
1445391502,1762.62,0.5673,BID
1445391503,1762.62,2.6123,BID
1445391503,1762.79,0.0162,BID
1445391503,1762.79,0.0162,BID
1445391503,1762.8,14.2386,BID
1445391503,1762.8,0.0104,ASK
1445391506,1762.98,0.01,BID
1445391542,1762.84,0.0567,ASK
1445391549,1762.95,0.286,BID
1445391550,1762.95,0.0008,BID
1445391550,1762.96,0.1093,BID
1445391566,1762.97,0.0047,BID
1445391566,1762.98,0.0093,BID
1445391589,1762.98,0.0807,BID
1445391589,1763.18,4.9193,BID
1445391592,1762.99,0.0807,ASK
1445391592,1762.96,0.0193,ASK
1445391598,1763.18,0.02,BID
1445391600,1763.18,2.0,BID
1445391601,1763.18,0.5,BID
1445391601,1763.18,0.5672,BID
1445391602,1763.18,0.5672,BID
1445391603,1763.18,0.5672,BID
1445391604,1763.18,0.5672,BID
1445391605,1763.18,0.5672,BID
1445391606,1763.18,0.5672,BID
1445391607,1763.17,0.0735,BID
1445391607,1763.18,0.4937,BID
1445391608,1763.18,0.5672,BID
1445391609,1763.18,0.2766,BID
1445391609,1763.22,0.004,BID
1445391609,1763.33,0.066,BID
1445391609,1763.98,0.1,BID
1445391609,1764.0,0.1,BID
1445391609,1764.0,0.2,BID
1445391609,1764.02,0.398,BID
1445391609,1764.58,2.02,BID
1445391609,1764.59,1.528,BID
1445391626,1764.59,0.001,BID
1445391641,1764.59,4.7017,BID
1445391641,1764.6,8.856,BID
1445391645,1764.6,0.2801,ASK
1445391646,1764.6,0.65,ASK
1445391647,1764.6,0.65,ASK
1445391648,1764.6,0.65,ASK
1445391649,1764.6,0.65,ASK
1445391650,1764.6,0.65,ASK
1445391650,1764.64,0.008,BID
1445391650,1764.75,0.002,BID
1445391651,1764.61,0.01,ASK
1445391652,1764.59,0.0117,BID
1445391654,1764.59,0.07,BID
1445391656,1764.59,0.5,BID
1445391658,1764.59,0.0583,BID
1445391661,1764.94,0.5,BID
1445391661,1764.98,0.1,BID
1445391661,1765.0,2.8,BID
1445391666,1765.0,0.2,BID
1445391666,1765.0,0.3,BID
1445391668,1765.0,2.5976,BID
1445391669,1764.99,18.0,BID
1445391669,1764.99,2.996,BID
1445391678,1764.63,0.005,ASK
1445391694,1764.67,0.0033,ASK
1445391694,1764.66,0.0017,ASK
1445391699,1764.69,0.0174,ASK
1445391699,1764.68,0.2826,ASK
1445391701,1764.69,0.0174,ASK
1445391701,1764.68,0.0652,ASK
1445391701,1764.67,0.06,ASK
1445391701,1764.65,0.2873,ASK
1445391701,1764.64,0.1757,ASK
1445391701,1764.61,0.3546,ASK
1445391701,1764.6,0.0583,ASK
1445391701,1764.35,0.3312,ASK
1445391701,1764.35,0.168,ASK
1445391701,1763.37,0.4823,ASK
1445391701,1764.66,0.0144,ASK
1445391701,1764.62,0.0177,ASK
1445391701,1763.37,0.2177,ASK
1445391701,1763.37,0.9302,ASK
1445391711,1764.93,0.005,BID
1445391711,1764.94,0.5,BID
1445391711,1764.95,0.2461,BID
1445391711,1764.95,0.2722,BID
1445391711,1764.96,1.0,BID
1445391711,1764.97,0.0033,BID
1445391711,1765.0,2.7748,BID
1445391711,1765.0,2.0838,BID
1445391711,1765.01,0.0552,BID
1445391711,1765.96,2.84,BID
1445391723,1763.43,0.0284,ASK
1445391723,1763.43,0.0116,ASK
1445391732,1764.9,0.06,BID
1445391732,1764.9,0.0612,BID
1445391732,1764.9,0.004,BID
1445391736,1763.51,0.0151,ASK
1445391736,1763.51,0.0145,ASK
1445391736,1763.51,0.9795,ASK
1445391739,1763.59,0.002,ASK
1445391739,1763.52,0.0381,ASK
1445391739,1763.52,0.1294,ASK
1445391739,1763.51,1.8305,ASK
