timestamp,price,amount,side
1445126155,1800.52,2.111,BID
1445126155,1800.51,0.112,ASK
1445126156,1800.51,0.1,ASK
1445126156,1800.51,0.01,ASK
1445126156,1800.52,0.5554,BID
1445126157,1800.51,0.34,ASK
1445126157,1800.51,0.34,ASK
1445126157,1800.51,0.34,ASK
1445126157,1800.51,2.703,ASK
1445126157,1800.51,0.65,ASK
1445126158,1800.51,1.682,ASK
1445126158,1800.51,0.65,ASK
1445126158,1800.51,0.65,ASK
1445126159,1800.51,0.339,ASK
1445126159,1800.52,10.919,BID
1445126159,1800.51,0.339,ASK
1445126159,1800.51,0.65,ASK
1445126160,1800.51,0.65,ASK
1445126160,1800.51,0.65,ASK
1445126160,1800.51,0.65,ASK
1445126162,1800.51,0.109,ASK
1445126163,1800.51,2.111,ASK
1445126165,1800.51,0.072,ASK
1445126169,1800.52,2.0,BID
1445126169,1800.51,0.483,ASK
1445126169,1800.52,0.4,BID
1445126170,1800.52,0.1723,BID
1445126172,1800.53,0.015,ASK
1445126178,1800.53,0.3681,ASK
1445126178,1800.53,0.1723,ASK
1445126178,1800.51,0.4596,ASK
1445126178,1800.51,1.0,ASK
1445126178,1800.51,0.5404,ASK
1445126179,1800.51,1.0,ASK
1445126184,1800.52,0.401,BID
1445126185,1800.52,0.1394,BID
1445126186,1800.53,0.401,ASK
1445126186,1800.53,0.139,ASK
1445126186,1800.53,0.001,ASK
1445126191,1800.61,0.01,BID
1445126195,1800.63,0.06,BID
1445126198,1800.97,0.0256,BID
1445126198,1800.98,0.0127,BID
1445126198,1800.98,0.4997,BID
1445126198,1800.98,0.0003,BID
1445126201,1801.39,0.0297,BID
1445126201,1801.77,0.4423,BID
1445126202,1801.77,0.0297,BID
1445126203,1801.77,0.028,BID
1445126203,1801.77,0.02,BID
1445126203,1801.78,0.0097,BID
1445126203,1801.78,0.3903,BID
1445126203,1801.78,0.02,BID
1445126203,1801.79,0.0177,BID
1445126203,1801.78,15.16,BID
1445126204,1801.79,0.048,BID
1445126205,1801.92,0.0436,BID
1445126205,1801.93,0.3387,BID
1445126208,1801.93,0.1817,BID
1445126208,1801.93,0.3733,BID
1445126209,1801.92,0.0225,BID
1445126209,1801.93,0.2767,BID
1445126215,1802.11,0.382,BID
1445126216,1802.1,0.025,BID
1445126216,1802.11,0.118,BID
1445126216,1802.11,0.0425,BID
1445126216,1802.12,0.051,BID
1445126216,1802.12,0.3184,BID
1445126216,1802.12,0.3316,BID
1445126216,1802.12,0.2083,BID
1445126217,1802.12,0.4417,BID
1445126219,1802.12,0.0583,ASK
1445126219,1801.95,0.06,ASK
1445126219,1801.95,0.0405,ASK
1445126219,1801.94,0.2558,ASK
1445126219,1801.94,0.1067,ASK
1445126223,1802.06,0.01,BID
1445126223,1802.11,0.0583,BID
1445126223,1802.11,0.0583,BID
1445126224,1802.12,0.2931,ASK
1445126231,1802.3,0.06,BID
1445126231,1802.31,0.04,BID
1445126239,1802.31,0.01,BID
1445126241,1802.3,0.01,BID
1445126243,1802.3,0.01,BID
1445126245,1802.3,0.01,BID
1445126252,1802.3,0.01,BID
1445126254,1802.3,0.01,BID
1445126256,1802.3,0.01,BID
1445126259,1802.3,0.01,BID
1445126261,1802.3,0.01,BID
1445126262,1802.3,0.01,BID
1445126262,1802.31,0.01,BID
1445126262,1802.31,0.38,BID
1445126262,1802.31,0.3343,BID
1445126262,1802.32,0.4657,BID
1445126262,1802.32,0.5,BID
1445126262,1802.32,0.2592,BID
1445126262,1802.32,0.1408,ASK
1445126262,1802.32,0.4,ASK
1445126263,1802.0,0.01,BID
1445126263,1802.0,0.01,BID
1445126264,1802.0,0.6,BID
1445126264,1802.0,0.6,BID
1445126264,1802.0,1.18,BID
1445126264,1802.0,0.5589,BID
1445126268,1802.45,0.01,BID
1445126269,1802.33,0.698,ASK
1445126270,1802.33,0.016,ASK
1445126272,1802.32,0.634,BID
1445126280,1802.45,0.0194,BID
1445126280,1802.46,0.2076,BID
1445126282,1802.35,0.0087,ASK
1445126282,1802.34,0.06,ASK
1445126282,1802.33,0.5163,ASK
1445126283,1802.33,0.0385,ASK
1445126283,1802.33,0.0615,ASK
1445126285,1802.33,0.4933,ASK
1445126285,1802.31,0.0297,BID
1445126286,1802.28,0.0247,BID
1445126287,1802.03,0.025,ASK
1445126287,1802.02,0.415,ASK
1445126294,1802.13,0.029,ASK
1445126295,1802.16,0.401,ASK
1445126296,1802.16,0.122,ASK
1445126296,1802.13,0.326,ASK
1445126296,1802.13,0.156,ASK
1445126297,1802.13,0.012,ASK
1445126298,1802.12,0.0247,BID
1445126298,1802.03,0.0059,ASK
1445126298,1801.95,0.0224,ASK
1445126298,1801.94,0.4483,ASK
1445126316,1801.83,0.0286,BID
1445126316,1802.09,0.415,BID
1445126316,1802.09,1.4904,BID
1445126318,1801.82,0.1068,BID
1445126318,1802.08,0.0208,BID
1445126318,1802.11,0.0268,BID
1445126318,1802.12,0.4573,BID
1445126318,1802.12,0.494,BID
1445126318,1802.27,0.0396,BID
1445126318,1802.28,0.4753,BID
1445126319,1802.31,0.0794,ASK
1445126319,1802.31,0.1476,ASK
1445126319,1801.33,5.0,BID
1445126319,1801.33,9.644,BID
1445126321,1801.45,0.1528,ASK
1445126321,1801.32,0.0295,ASK
1445126321,1801.0,0.02,ASK
1445126321,1800.99,0.4,ASK
1445126321,1800.98,0.02,ASK
1445126321,1800.98,2.5973,ASK
1445126321,1800.97,0.4,ASK
1445126321,1800.86,0.5,ASK
1445126321,1800.68,1.0,ASK
1445126321,1800.67,0.4,ASK
1445126321,1800.65,0.922,ASK
1445126321,1800.64,0.06,ASK
1445126321,1800.64,0.53,ASK
1445126321,1800.57,0.53,ASK
1445126321,1800.55,0.53,ASK
1445126321,1800.54,0.0091,ASK
1445126321,1800.53,0.5394,ASK
1445126321,1800.53,0.5404,ASK
1445126321,1800.52,0.8,ASK
1445126321,1800.51,0.8195,ASK
1445126322,1800.52,5.0,ASK
1445126322,1800.52,3.0,ASK
1445126322,1800.52,15.001,ASK
1445126333,1801.48,0.2107,ASK
1445126333,1801.36,0.1837,ASK
1445126333,1801.35,0.5,ASK
1445126335,1801.05,0.394,BID
1445126335,1801.05,0.0005,BID
1445126336,1801.78,0.0114,ASK
1445126342,1801.78,0.1799,ASK
1445126342,1801.78,0.0657,ASK
1445126358,1801.42,0.115,ASK
1445126359,1801.42,0.202,ASK
1445126360,1801.41,0.115,BID
1445126360,1801.51,0.1847,BID
1445126360,1801.52,0.06,BID
1445126360,1801.53,0.1403,ASK
1445126361,1801.41,0.1767,BID
1445126361,1801.41,0.008,BID
1445126362,1801.41,0.309,BID
1445126366,1801.43,0.0024,ASK
1445126378,1801.76,0.1404,BID
1445126400,1802.15,0.0286,BID
1445126401,1802.15,0.0009,BID
1445126401,1802.16,0.0106,BID
1445126401,1802.16,0.018,BID
1445126404,1802.17,0.1,BID
1445126405,1802.17,0.029,BID
1445126406,1802.17,0.181,BID
1445126406,1802.17,0.09,BID
1445126406,1802.17,0.4,BID
1445126406,1802.18,0.31,BID
1445126406,1802.18,0.19,BID
1445126407,1802.19,0.0167,BID
1445126409,1802.2,0.1961,ASK
1445126410,1802.21,0.01,ASK
1445126410,1802.2,0.4582,ASK
1445126410,1802.19,0.01,ASK
1445126410,1802.18,0.3649,ASK
1445126410,1802.18,0.5549,ASK
1445126410,1802.18,0.5549,ASK
1445126410,1802.16,0.0295,ASK
1445126410,1802.16,0.01,ASK
1445126410,1802.03,0.06,ASK
1445126410,1801.94,0.111,ASK
1445126410,1801.93,0.4166,ASK
1445126411,1802.26,0.193,BID
1445126412,1802.19,0.01,BID
1445126412,1802.19,0.193,BID
1445126413,1801.94,0.0114,ASK
1445126413,1801.94,0.0295,ASK
1445126413,1801.93,0.0139,ASK
1445126416,1802.18,0.0295,BID
1445126416,1802.19,0.447,BID
1445126416,1802.28,0.0756,BID
1445126416,1802.3,0.227,BID
1445126416,1802.3,0.02,BID
1445126416,1802.31,0.3809,BID
1445126417,1802.18,0.0295,BID
1445126417,1802.18,0.0295,BID
1445126418,1802.18,0.001,BID
1445126419,1802.31,0.0191,BID
1445126419,1802.31,0.0114,BID
1445126419,1802.32,0.5933,BID
1445126419,1802.32,0.4568,BID
1445126419,1802.2,0.1018,ASK
1445126419,1802.31,0.0479,BID
1445126419,1802.32,0.1365,BID
1445126419,1802.34,0.0207,BID
1445126419,1802.35,1.8428,BID
1445126421,1802.35,0.01,BID
1445126421,1802.35,0.0305,BID
1445126423,1802.34,0.01,BID
1445126423,1802.34,0.01,BID
1445126426,1802.35,0.014,BID
1445126427,1802.35,0.0767,BID
1445126428,1802.46,0.177,BID
1445126428,1802.46,0.01,BID
1445126429,1802.46,0.013,BID
1445126431,1802.46,0.013,BID
1445126432,1802.46,0.01,BID
1445126433,1802.46,0.198,BID
1445126433,1802.46,0.01,BID
1445126434,1802.46,0.3227,BID
1445126439,1802.76,0.498,BID
1445126439,1802.76,0.01,BID
1445126442,1802.76,0.01,BID
1445126456,1802.75,0.1395,BID
1445126456,1802.76,2.4405,BID
1445126463,1802.75,0.5,ASK
1445126463,1802.5,0.1116,ASK
1445126463,1802.48,0.1936,ASK
1445126463,1802.48,0.0275,ASK
1445126463,1802.47,0.218,ASK
1445126463,1802.47,0.3327,ASK
1445126463,1802.36,0.0907,ASK
1445126463,1802.36,0.0907,ASK
1445126463,1802.21,0.0206,ASK
1445126463,1802.2,0.4,ASK
1445126463,1802.2,0.0111,ASK
1445126463,1802.19,0.1109,ASK
1445126463,1802.19,0.1119,ASK
1445126463,1802.16,0.4,ASK
1445126463,1802.16,0.4,ASK
1445126463,1802.16,0.5,ASK
1445126463,1802.15,5.0,ASK
1445126463,1801.94,0.1606,ASK
1445126463,1801.93,1.7899,ASK
1445126463,1801.44,0.15,ASK
1445126463,1801.43,1.0,ASK
1445126463,1801.37,0.1,ASK
1445126463,1801.36,0.08,ASK
1445126463,1801.35,1.0,ASK
1445126463,1801.19,0.1,ASK
1445126463,1801.17,0.8,ASK
1445126463,1801.06,0.3945,ASK
1445126463,1800.91,0.142,ASK
1445126463,1800.7,0.124,ASK
1445126463,1800.7,0.705,ASK
1445126463,1800.62,0.129,ASK
1445126463,1800.52,3.3348,ASK
1445126463,1800.52,0.7492,ASK
1445126477,1801.77,0.06,ASK
1445126477,1801.76,0.01,ASK
1445126477,1801.75,0.5,ASK
1445126477,1801.65,0.152,ASK
1445126477,1801.5,0.278,ASK
1445126480,1802.71,0.021,BID
1445126480,1802.71,0.4,BID
1445126482,1802.71,0.01,ASK
1445126482,1802.7,0.01,BID
1445126482,1802.72,0.251,BID
1445126483,1802.72,0.247,BID
1445126483,1802.73,0.251,BID
1445126484,1802.71,0.5,ASK
1445126484,1802.72,0.0206,BID
1445126484,1802.73,0.149,BID
1445126484,1802.73,0.0129,BID
1445126484,1802.74,0.0645,BID
1445126485,1802.74,0.3355,BID
1445126485,1802.76,0.0206,BID
1445126486,1802.76,0.047,BID
1445126487,1802.76,0.55,BID
1445126487,1802.76,0.1138,BID
1445126487,1802.81,0.345,BID
1445126487,1802.81,0.2478,BID
1445126487,1802.81,0.2522,BID
1445126487,1802.81,0.193,BID
1445126487,1802.81,0.01,BID
1445126488,1802.81,0.01,BID
1445126489,1802.81,0.1276,BID
1445126489,1802.81,0.5928,BID
1445126489,1802.81,0.5336,BID
1445126489,1802.81,0.0592,BID
1445126489,1802.81,0.06,BID
1445126489,1803.02,0.1163,BID
1445126489,1803.03,0.0498,BID
1445126489,1803.09,0.0987,BID
1445126491,1803.09,1.1002,BID
1445126493,1803.41,0.9639,BID
1445126493,1803.59,0.008,BID
1445126493,1803.88,0.1491,BID
1445126498,1803.55,0.227,BID
1445126498,1803.55,0.1428,BID
1445126498,1803.88,0.227,BID
1445126510,1803.7,0.071,ASK
1445126510,1803.68,0.06,ASK
1445126514,1803.64,0.0809,BID
1445126514,1803.69,0.071,BID
1445126518,1803.71,0.094,ASK
1445126520,1803.84,0.0749,BID
1445126520,1803.86,0.0761,BID
1445126520,1803.71,0.0002,ASK
1445126521,1803.7,0.0749,BID
1445126521,1803.7,0.0191,BID
1445126521,1803.83,0.0558,BID
1445126524,1803.83,0.0042,BID
1445126525,1803.87,0.01,BID
1445126525,1803.87,0.0082,BID
1445126525,1803.88,0.0677,BID
1445126525,1803.87,6.0,BID
1445126525,1803.87,13.01,BID
1445126526,1803.88,0.06,BID
1445126526,1803.88,0.0182,BID
1445126526,1803.88,1.1655,BID
1445126526,1803.83,0.0894,ASK
1445126527,1803.88,0.375,BID
1445126527,1803.88,0.375,BID
1445126527,1803.88,0.375,BID
1445126527,1803.88,0.246,BID
1445126527,1803.83,0.0574,ASK
1445126528,1803.82,0.0894,BID
1445126528,1803.82,0.1468,BID
1445126528,1803.88,0.1388,BID
1445126528,1803.88,0.5544,BID
1445126528,1803.88,0.5544,BID
1445126529,1803.88,0.022,BID
1445126529,1803.88,0.01,BID
1445126529,1803.88,0.5544,BID
1445126530,1803.88,0.151,BID
1445126530,1803.88,0.01,BID
1445126531,1803.88,0.5,BID
1445126531,1803.88,0.5544,BID
1445126531,1803.88,0.0088,BID
1445126531,1803.91,0.0244,BID
1445126533,1804.15,0.5,BID
1445126534,1804.15,0.038,BID
1445126534,1804.15,0.0221,BID
1445126536,1804.24,0.0021,BID
1445126536,1804.3,0.0079,ASK
1445126536,1804.16,0.0347,ASK
1445126538,1804.16,0.4975,ASK
1445126538,1804.16,0.1525,ASK
1445126539,1804.33,0.248,BID
1445126539,1804.16,0.4018,ASK
1445126539,1804.11,9.0,ASK
1445126539,1804.11,11.051,ASK
1445126540,1804.15,0.2482,BID
1445126540,1804.15,0.65,BID
1445126540,1804.33,0.2888,BID
1445126540,1804.33,0.5542,BID
1445126540,1804.33,0.1912,BID
1445126540,1804.34,0.363,BID
1445126540,1804.34,0.0152,BID
1445126540,1804.59,0.4687,BID
1445126540,1804.76,0.001,BID
1445126540,1804.81,0.0022,BID
1445126540,1805.0,0.0129,BID
1445126544,1804.36,0.0449,ASK
1445126544,1804.36,0.0294,ASK
1445126544,1804.35,0.0186,ASK
1445126547,1804.99,0.0294,ASK
1445126550,1805.0,0.029,BID
1445126551,1804.99,0.137,ASK
1445126551,1804.99,0.01,ASK
1445126551,1805.0,0.554,BID
1445126551,1804.99,0.1459,ASK
1445126552,1805.0,2.694,BID
1445126552,1804.99,0.1777,ASK
1445126553,1804.98,0.029,BID
1445126553,1804.98,0.2639,BID
1445126553,1805.0,0.2901,BID
1445126553,1805.0,0.355,BID
1445126555,1805.0,0.554,BID
1445126556,1805.0,1.94,BID
1445126558,1804.9,0.06,ASK
1445126558,1804.65,0.1852,ASK
1445126558,1804.36,0.2548,ASK
1445126558,1805.0,0.235,BID
1445126558,1805.0,0.01,BID
1445126559,1805.0,0.5,BID
1445126559,1805.0,0.578,BID
1445126560,1805.0,0.578,BID
1445126560,1804.38,0.0294,ASK
1445126560,1804.37,0.1915,ASK
1445126560,1804.35,0.0554,ASK
1445126560,1804.35,0.2237,BID
1445126560,1805.0,0.3543,BID
1445126560,1805.0,0.554,BID
1445126560,1805.0,0.578,BID
1445126560,1805.0,0.554,BID
1445126562,1804.99,0.017,BID
1445126562,1804.99,0.0279,BID
1445126562,1805.0,1.7697,BID
1445126562,1805.0,0.0934,BID
1445126562,1804.99,0.1436,BID
1445126562,1805.0,0.0801,BID
1445126563,1805.0,0.5,BID
1445126563,1805.0,0.0449,BID
1445126563,1805.0,0.017,BID
1445126564,1804.99,0.01,BID
1445126565,1804.99,0.01,BID
1445126565,1804.99,0.0094,BID
1445126565,1805.0,0.0396,BID
1445126565,1804.99,0.06,BID
1445126565,1805.0,0.163,BID
1445126566,1805.0,0.0194,BID
1445126567,1805.0,0.0426,BID
1445126567,1805.0,0.5114,BID
1445126568,1805.0,0.4886,BID
1445126568,1805.0,0.0282,BID
1445126568,1805.02,0.1919,ASK
1445126570,1805.11,0.0279,BID
1445126570,1805.12,0.5582,BID
1445126570,1805.26,0.001,BID
1445126570,1805.26,0.001,BID
1445126572,1805.63,0.0279,ASK
1445126573,1805.63,0.384,ASK
1445126575,1805.49,0.01,BID
1445126575,1805.62,0.019,BID
1445126576,1805.62,0.0089,BID
1445126576,1805.62,0.4119,BID
1445126576,1805.62,0.0792,BID
1445126577,1805.61,0.0318,BID
1445126577,1805.62,0.3327,BID
1445126577,1805.63,0.0369,ASK
1445126581,1805.65,0.001,BID
1445126581,1805.78,0.001,BID
1445126581,1805.87,0.0021,BID
1445126581,1805.9,0.0157,BID
1445126581,1805.91,0.4802,BID
1445126584,1805.91,0.436,BID
1445126585,1805.98,0.1,BID
1445126585,1806.0,0.336,BID
1445126587,1806.0,0.1,BID
1445126587,1806.0,1.4743,BID
1445126588,1806.0,0.0897,BID
1445126588,1806.0,0.5338,BID
1445126588,1806.01,0.001,BID
1445126588,1806.11,0.001,BID
1445126588,1806.11,0.6787,BID
1445126589,1806.25,3.0,BID
1445126589,1806.25,1.099,BID
1445126590,1806.23,0.893,ASK
1445126591,1806.26,0.001,BID
1445126591,1806.29,0.009,ASK
1445126591,1806.23,0.0006,ASK
1445126592,1806.22,0.02,BID
1445126592,1806.22,0.01,BID
1445126594,1806.22,0.166,BID
1445126594,1806.22,0.4444,BID
1445126594,1806.22,0.0556,BID
1445126594,1806.22,0.004,BID
1445126594,1806.22,0.3,BID
1445126595,1806.22,0.1049,BID
1445126595,1806.22,0.169,BID
1445126595,1806.22,0.0165,BID
1445126596,1806.43,0.001,BID
1445126596,1806.48,0.016,BID
1445126596,1806.51,0.001,BID
1445126596,1806.65,0.001,BID
1445126599,1806.76,0.175,ASK
1445126599,1806.98,0.1,BID
1445126601,1807.09,0.2714,ASK
1445126601,1807.09,0.1286,ASK
1445126601,1806.76,0.0964,ASK
1445126601,1806.5,1.0,ASK
1445126601,1806.5,1.0,ASK
1445126601,1806.5,3.187,ASK
1445126602,1806.75,0.0464,BID
1445126602,1806.77,0.0094,ASK
1445126602,1806.75,0.06,BID
1445126604,1806.75,0.202,BID
1445126605,1807.08,0.4,BID
1445126605,1807.11,0.001,BID
1445126605,1807.12,0.0617,BID
1445126609,1807.5,0.462,ASK
1445126610,1807.51,0.0294,ASK
1445126610,1807.12,0.0373,ASK
1445126610,1807.04,0.202,ASK
1445126612,1806.99,0.2227,BID
1445126614,1807.09,0.2227,ASK
1445126614,1807.05,0.2773,ASK
1445126614,1807.0,0.2227,ASK
1445126614,1806.85,0.05,ASK
1445126614,1806.77,0.0202,ASK
1445126614,1806.27,0.02,ASK
1445126614,1806.26,0.4,ASK
1445126614,1806.24,0.4,ASK
1445126614,1806.23,0.3395,ASK
1445126614,1807.38,0.06,BID
1445126614,1807.39,0.162,BID
1445126615,1807.48,8.0,ASK
1445126615,1807.48,3.0,ASK
1445126615,1807.48,7.668,ASK
1445126616,1807.0,0.014,ASK
1445126617,1807.12,0.001,BID
1445126620,1807.48,0.02,BID
1445126623,1807.98,0.1,BID
1445126623,1807.98,0.0294,ASK
1445126624,1807.98,0.141,ASK
1445126626,1807.98,0.1,ASK
1445126631,1807.99,0.06,ASK
1445126631,1807.98,0.04,ASK
1445126631,1807.98,0.0896,ASK
1445126631,1807.98,0.27,ASK
1445126634,1807.96,0.036,BID
1445126634,1807.72,0.0294,ASK
1445126634,1807.71,0.0402,ASK
1445126634,1807.27,0.02,ASK
1445126634,1807.26,0.4,ASK
1445126634,1807.25,0.0159,ASK
1445126635,1807.96,0.0634,BID
1445126635,1807.98,0.06,BID
1445126635,1807.98,0.06,BID
1445126636,1808.13,0.0134,ASK
1445126636,1808.06,0.016,ASK
1445126640,1808.03,0.02,ASK
1445126642,1808.65,0.084,BID
1445126652,1808.04,0.1467,ASK
1445126652,1808.0,0.0123,ASK
1445126652,1807.25,0.0749,ASK
1445126652,1807.2,0.025,ASK
1445126652,1807.19,0.3281,ASK
1445126652,1807.36,0.0123,ASK
1445126658,1807.49,0.1739,BID
1445126663,1807.92,0.156,BID
1445126664,1807.92,0.5,BID
1445126666,1807.91,0.0159,BID
1445126666,1807.93,0.0121,ASK
1445126666,1807.55,0.029,ASK
1445126666,1807.38,0.1105,ASK
1445126666,1807.15,0.1817,ASK
1445126668,1807.12,0.04,BID
1445126668,1807.12,1.0059,BID
1445126668,1807.97,0.06,BID
1445126670,1807.99,0.06,ASK
1445126670,1807.99,0.01,ASK
1445126671,1807.99,0.65,ASK
1445126671,1807.99,0.17,ASK
1445126675,1807.98,0.01,BID
1445126677,1807.97,0.0222,BID
1445126677,1807.97,0.02,BID
1445126681,1807.97,0.01,ASK
1445126682,1807.92,0.01,BID
1445126684,1807.92,0.01,BID
1445126688,1807.98,0.47,BID
1445126688,1807.98,0.65,BID
1445126691,1808.03,0.1467,BID
1445126692,1808.0,1.12,ASK
1445126693,1808.04,0.1467,ASK
1445126694,1807.98,6.0,ASK
1445126694,1807.98,6.0,ASK
1445126694,1807.98,2.171,ASK
1445126695,1807.99,0.016,BID
1445126696,1807.93,0.137,ASK
1445126696,1807.92,7.61,ASK
1445126696,1807.9,0.01,BID
1445126696,1807.9,0.5033,BID
1445126696,1807.9,0.025,BID
1445126696,1807.9,0.126,BID
1445126697,1807.9,0.0401,BID
1445126698,1807.9,0.204,BID
1445126698,1807.9,0.5531,BID
1445126698,1807.9,0.1797,BID
1445126700,1807.89,0.239,BID
1445126700,1807.89,0.161,BID
1445126700,1807.9,0.3921,BID
1445126701,1807.9,0.01,BID
1445126701,1807.9,0.5531,BID
1445126702,1807.9,0.127,BID
1445126703,1807.9,0.01,BID
1445126703,1807.9,0.2,BID
1445126703,1807.9,0.279,BID
1445126703,1807.9,0.135,BID
1445126703,1807.9,0.279,BID
1445126703,1807.9,0.279,BID
1445126703,1807.9,0.161,BID
1445126703,1807.9,0.5531,BID
1445126703,1807.9,0.0658,BID
1445126703,1807.9,0.065,BID
1445126703,1807.91,0.0092,BID
1445126704,1807.9,9.0,BID
1445126704,1807.9,5.407,BID
1445126704,1807.91,0.493,BID
1445126704,1807.91,0.1478,BID
1445126704,1807.91,0.4053,BID
1445126704,1807.91,0.05,BID
1445126705,1807.89,0.4,BID
1445126705,1807.91,0.1,BID
1445126705,1807.91,0.0947,BID
1445126706,1807.98,0.0244,BID
1445126706,1807.99,0.1703,BID
1445126706,1807.99,0.0519,BID
1445126707,1807.99,0.2651,BID
1445126707,1808.5,0.02,BID
1445126707,1808.7,0.02,BID
1445126707,1808.71,0.4,BID
1445126707,1808.98,0.1,BID
1445126707,1809.01,0.001,BID
1445126707,1809.02,0.0397,BID
1445126707,1809.3,0.0011,BID
1445126707,1809.5,0.4989,BID
1445126709,1809.17,0.01,ASK
1445126709,1809.16,0.055,ASK
1445126710,1809.16,0.135,ASK
1445126710,1809.16,0.2,ASK
1445126711,1809.48,0.083,BID
1445126711,1809.49,0.02,BID
1445126711,1809.5,1.0019,BID
1445126711,1809.5,0.4502,BID
1445126711,1809.74,2.02,BID
1445126711,1809.76,0.001,BID
1445126711,1809.93,0.001,BID
1445126711,1809.98,0.1,BID
1445126711,1809.99,0.47,BID
1445126711,1810.0,0.1167,BID
1445126711,1810.0,0.2089,BID
1445126711,1810.0,0.3322,BID
1445126715,1809.31,0.0294,ASK
1445126715,1809.31,0.0235,ASK
1445126717,1809.29,0.0111,BID
1445126718,1809.3,0.019,BID
1445126723,1809.46,0.018,ASK
1445126726,1809.46,0.042,ASK
1445126726,1809.46,0.0052,ASK
1445126732,1809.16,0.0108,ASK
1445126734,1809.16,0.01,ASK
1445126736,1809.26,0.001,BID
1445126737,1809.24,0.047,BID
1445126737,1809.26,0.1656,BID
1445126737,1809.35,0.0134,BID
1445126738,1809.35,0.0466,BID
1445126739,1809.65,0.0294,ASK
1445126739,1809.68,0.0466,ASK
1445126739,1809.65,0.0906,ASK
1445126739,1809.65,0.1656,ASK
1445126739,1809.27,0.1666,ASK
1445126739,1809.2,0.0306,ASK
1445126739,1809.21,10.0,BID
1445126739,1809.21,9.814,BID
1445126740,1809.83,0.0118,BID
1445126740,1809.84,0.0117,BID
1445126742,1809.93,0.454,ASK
1445126743,1809.93,0.0005,ASK
1445126743,1809.93,0.01,ASK
1445126743,1809.77,0.06,BID
1445126744,1809.27,0.025,ASK
1445126746,1809.27,0.0294,BID
1445126746,1809.27,0.04,BID
1445126747,1809.27,0.001,BID
1445126748,1809.27,0.219,BID
1445126748,1809.27,0.0126,BID
1445126755,1809.89,0.01,ASK
1445126755,1809.89,0.5,ASK
1445126756,1809.91,0.0227,BID
1445126757,1809.92,0.0227,BID
1445126757,1809.92,0.123,BID
1445126757,1809.92,0.01,BID
1445126758,1809.92,0.1,BID
1445126759,1809.91,0.0294,BID
1445126759,1809.92,0.1988,BID
1445126759,1809.99,0.06,BID
1445126760,1810.0,0.358,BID
1445126761,1810.0,2.668,BID
1445126762,1810.0,0.021,BID
1445126762,1810.0,0.5525,BID
1445126762,1809.99,0.1388,ASK
1445126762,1809.93,0.2263,ASK
1445126762,1809.93,0.1349,ASK
1445126762,1810.0,0.5525,BID
1445126763,1810.0,0.42,BID
1445126764,1810.0,0.0339,BID
1445126764,1810.0,0.4661,BID
1445126764,1810.0,0.5525,BID
1445126765,1810.0,0.5525,BID
1445126765,1810.0,0.042,BID
1445126766,1810.0,0.5525,BID
1445126767,1810.0,0.5525,BID
1445126768,1810.0,0.2619,BID
1445126768,1810.01,0.001,BID
1445126768,1810.01,0.001,BID
1445126779,1810.04,0.01,ASK
1445126784,1810.07,0.1831,ASK
1445126784,1810.05,0.3169,ASK
1445126784,1810.15,0.001,BID
1445126784,1810.17,0.009,ASK
1445126784,1810.05,0.0831,ASK
1445126785,1810.04,0.39,ASK
1445126785,1810.01,0.11,ASK
1445126785,1810.05,0.0379,BID
1445126785,1810.08,0.1831,ASK
1445126785,1810.08,0.1831,ASK
1445126785,1810.08,0.0959,ASK
1445126788,1810.01,0.4425,ASK
1445126788,1810.01,0.0575,ASK
1445126789,1810.01,0.096,ASK
1445126789,1810.01,0.399,ASK
1445126790,1809.95,0.01,ASK
1445126791,1809.95,0.0125,ASK
1445126793,1809.95,0.01,ASK
1445126794,1809.95,0.0275,ASK
1445126794,1809.94,0.0331,ASK
1445126794,1809.94,0.3394,ASK
1445126794,1809.94,0.0606,ASK
1445126794,1809.93,0.2988,ASK
1445126794,1809.93,0.1116,ASK
1445126794,1809.93,0.1872,ASK
1445126794,1809.89,0.01,ASK
1445126794,1809.89,0.071,ASK
1445126795,1809.93,0.0299,BID
1445126795,1809.93,0.0217,BID
1445126795,1809.89,0.0375,ASK
1445126797,1809.9,0.1101,ASK
1445126797,1809.89,0.0999,ASK
1445126798,1809.89,0.01,ASK
1445126798,1809.89,0.228,ASK
1445126798,1809.89,0.1977,ASK
1445126798,1809.89,0.962,ASK
1445126798,1809.91,3.0,ASK
1445126798,1809.91,9.873,ASK
1445126799,1809.89,0.65,ASK
1445126800,1809.89,0.65,ASK
1445126800,1809.89,0.65,ASK
1445126800,1809.89,0.239,ASK
1445126800,1809.89,0.1101,ASK
1445126800,1809.89,0.5748,ASK
1445126801,1809.51,0.001,ASK
1445126802,1809.33,0.0294,BID
1445126803,1809.33,0.001,BID
1445126803,1809.32,7.446,BID
1445126805,1809.28,0.2894,ASK
1445126805,1809.28,0.302,ASK
1445126805,1809.28,0.302,ASK
1445126805,1809.16,0.0276,ASK
1445126807,1809.24,0.1434,BID
1445126807,1809.27,0.0106,BID
1445126807,1809.27,0.65,BID
1445126807,1809.33,0.1186,BID
1445126807,1809.44,0.4,BID
1445126807,1809.44,0.1197,BID
1445126807,1809.45,1.0,BID
1445126807,1809.49,0.02,ASK
1445126808,1809.83,3.0,ASK
1445126808,1809.83,6.501,ASK
1445126809,1809.49,3.0,ASK
1445126809,1809.49,2.5,ASK
1445126809,1809.49,0.1397,ASK
1445126809,1809.49,0.175,ASK
1445126809,1809.49,0.161,ASK
1445126809,1809.49,0.353,ASK
1445126809,1809.49,0.257,ASK
1445126810,1809.49,0.123,ASK
1445126810,1809.49,0.5,ASK
1445126812,1809.49,1.8819,ASK
1445126812,1809.49,0.5,ASK
1445126812,1809.49,0.5,ASK
1445126812,1809.49,0.967,ASK
1445126812,1809.49,0.013,ASK
1445126812,1809.49,0.217,ASK
1445126812,1809.49,0.304,ASK
1445126812,1809.49,3.0,ASK
1445126813,1809.49,1.536,ASK
1445126813,1809.49,0.932,ASK
1445126813,1809.49,0.932,ASK
1445126813,1809.49,0.968,ASK
1445126813,1809.49,0.932,ASK
1445126813,1809.49,0.5,ASK
1445126813,1809.49,0.5,ASK
1445126814,1809.65,0.001,ASK
1445126814,1809.49,0.516,ASK
1445126814,1809.49,0.5,ASK
1445126814,1809.49,1.14,ASK
1445126814,1809.69,0.138,BID
1445126815,1809.49,0.324,ASK
1445126815,1809.49,1.1661,ASK
1445126816,1809.28,0.0106,ASK
1445126816,1809.28,0.0106,ASK
1445126816,1809.16,0.0009,ASK
1445126823,1808.77,0.001,ASK
1445126823,1808.51,0.001,ASK
1445126823,1808.51,0.001,ASK
1445126823,1808.12,0.291,ASK
1445126823,1808.12,0.01,ASK
1445126824,1808.12,0.01,ASK
1445126824,1808.33,0.001,BID
1445126829,1808.11,0.2117,ASK
1445126829,1808.09,0.4226,ASK
1445126829,1808.03,0.0708,ASK
1445126829,1808.04,12.0,ASK
1445126829,1808.04,2.257,ASK
1445126830,1808.55,0.041,BID
1445126832,1808.03,0.01,ASK
1445126833,1808.03,0.6379,ASK
1445126834,1807.92,0.5531,ASK
1445126834,1807.92,0.0948,ASK
1445126835,1807.92,0.3687,ASK
1445126835,1807.92,0.001,ASK
1445126836,1808.01,0.001,BID
1445126836,1807.92,0.0886,ASK
1445126836,1807.91,0.4114,ASK
1445126836,1807.91,0.1417,ASK
1445126836,1807.91,0.5083,ASK
1445126837,1807.91,0.001,ASK
1445126837,1807.91,0.0438,ASK
1445126838,1807.56,0.1511,ASK
1445126840,1807.55,0.01,BID
1445126841,1807.55,0.0389,BID
1445126841,1807.55,0.13,BID
1445126844,1807.89,0.0254,BID
1445126844,1807.9,0.0136,BID
1445126845,1807.89,0.01,BID
1445126845,1807.89,0.0006,BID
1445126845,1807.89,0.0214,BID
1445126845,1807.9,0.0034,BID
1445126845,1807.76,11.68,BID
1445126846,1807.9,0.01,BID
1445126846,1807.9,0.3189,BID
1445126846,1807.9,0.0254,BID
1445126847,1807.9,0.2787,BID
1445126847,1807.9,0.0403,BID
1445126848,1807.88,0.03,BID
1445126848,1807.88,0.03,BID
1445126848,1807.9,0.5231,BID
1445126848,1807.9,0.0866,BID
1445126848,1807.91,0.4145,BID
1445126848,1807.91,0.052,BID
1445126849,1807.91,0.06,BID
1445126849,1807.91,0.3463,BID
1445126851,1808.02,0.06,BID
1445126852,1808.02,0.5531,BID
1445126853,1808.02,0.0348,BID
1445126853,1808.03,0.001,ASK
1445126856,1808.03,0.5173,ASK
1445126856,1808.03,0.5527,ASK
1445126856,1808.03,0.0004,ASK
1445126856,1808.03,0.01,ASK
1445126858,1808.02,0.06,BID
1445126858,1808.02,0.2296,BID
1445126859,1808.02,0.2704,ASK
1445126859,1808.02,0.1496,BID
1445126859,1808.03,0.01,BID
1445126862,1808.19,0.01,ASK
1445126862,1809.0,0.64,BID
1445126863,1808.03,0.13,ASK
1445126863,1808.03,0.2296,ASK
1445126863,1807.92,0.038,ASK
1445126863,1807.91,0.1024,ASK
1445126870,1808.05,0.025,ASK
1445126870,1808.04,0.475,ASK
1445126874,1808.04,0.01,ASK
1445126875,1808.04,0.015,ASK
1445126877,1808.04,0.7045,BID
1445126877,1808.04,0.0095,BID
1445126877,1807.93,0.0237,ASK
1445126877,1807.92,0.0329,ASK
1445126877,1807.92,0.474,ASK
1445126877,1807.91,0.0694,ASK
1445126878,1808.14,0.01,ASK
1445126880,1808.6,0.001,BID
1445126880,1809.07,0.02,BID
1445126880,1809.07,0.018,BID
1445126880,1809.07,0.13,BID
1445126882,1808.15,0.474,ASK
1445126882,1808.15,0.0352,ASK
1445126882,1808.14,0.3386,ASK
1445126884,1809.06,0.0237,BID
1445126884,1809.06,0.1844,BID
1445126884,1809.06,0.06,BID
1445126884,1809.06,0.0329,BID
1445126884,1809.07,0.969,BID
1445126884,1808.14,0.3659,ASK
1445126884,1808.06,0.0423,ASK
1445126884,1808.05,0.0918,ASK
1445126894,1808.35,0.1643,ASK
1445126895,1808.36,0.06,ASK
1445126895,1808.17,0.0179,ASK
1445126895,1808.16,0.0864,ASK
1445126896,1808.16,0.4136,ASK
1445126896,1808.06,0.0553,ASK
1445126896,1808.05,0.0311,ASK
1445126896,1808.06,7.0,ASK
1445126896,1808.06,1.891,ASK
1445126900,1808.35,0.411,ASK
1445126900,1808.07,0.4,ASK
1445126900,1808.05,0.522,ASK
1445126900,1808.05,0.5531,ASK
1445126900,1808.0,1.8,ASK
1445126900,1808.0,0.1349,ASK
1445126908,1808.75,0.017,BID
1445126913,1808.75,0.043,BID
1445126935,1808.97,0.02,BID
1445126941,1808.96,0.01,BID
1445126944,1808.96,0.01,BID
1445126944,1808.97,0.19,BID
1445126944,1808.97,0.2,BID
1445126945,1808.97,0.01,BID
1445126945,1808.98,0.19,BID
1445126945,1808.98,0.2,BID
1445126945,1808.98,0.01,BID
1445126945,1808.98,0.025,BID
1445126950,1809.12,0.01,ASK
1445126950,1808.98,0.175,ASK
1445126950,1808.98,0.015,ASK
1445126977,1809.41,0.1579,BID
1445126977,1809.46,0.0457,BID
1445126977,1809.47,0.4444,BID
1445126978,1809.46,0.0222,BID
1445126978,1809.46,0.0428,BID
1445126978,1809.47,0.583,BID
1445126978,1809.47,0.648,BID
1445126978,1809.47,0.648,BID
1445126978,1809.47,0.648,BID
1445126978,1809.47,0.5,BID
1445126978,1809.47,0.4,BID
1445126978,1809.47,0.0457,BID
1445126978,1809.47,0.4,BID
1445126978,1809.47,0.0457,BID
1445126978,1809.47,0.0457,BID
1445126978,1809.46,16.0,BID
1445126978,1809.46,2.634,BID
1445126979,1809.47,0.157,BID
1445126980,1809.47,0.277,BID
1445126982,1809.46,0.01,BID
1445126982,1809.46,0.39,BID
1445126982,1809.47,0.98,BID
1445126982,1809.47,0.211,BID
1445126982,1809.47,0.1738,BID
1445126982,1809.47,0.3706,BID
1445126982,1809.48,0.65,BID
1445126982,1809.48,0.3494,BID
1445126983,1809.47,4.0,BID
1445126983,1809.47,12.0,BID
1445126983,1809.47,2.211,BID
1445126983,1809.48,0.3006,BID
1445126983,1809.85,0.5,BID
1445126983,1809.88,0.1994,BID
1445126985,1809.74,0.87,ASK
1445126987,1809.52,0.028,ASK
1445126989,1809.48,0.022,BID
1445126989,1809.48,0.0305,BID
1445126990,1809.72,0.22,BID
1445126991,1809.72,0.0525,BID
1445126991,1809.71,0.022,BID
1445126991,1809.71,0.0294,BID
1445126991,1809.72,0.0011,BID
1445126992,1809.72,0.2264,BID
1445126992,1809.73,0.0536,BID
1445126992,1809.73,0.5,BID
1445126993,1809.73,0.0964,BID
1445126997,1809.88,0.036,BID
1445126998,1809.88,0.2646,BID
1445126998,1809.88,0.2879,BID
1445126998,1809.88,0.2121,BID
1445126998,1809.88,0.3404,BID
1445126999,1809.88,0.1596,BID
1445126999,1809.88,0.65,BID
1445127000,1809.94,0.01,BID
1445127003,1809.94,0.0275,BID
1445127009,1810.0,0.251,BID
1445127009,1810.0,0.0523,BID
1445127010,1810.0,0.5525,BID
1445127010,1810.0,0.0452,BID
1445127010,1810.0,0.135,BID
1445127010,1810.01,0.001,ASK
1445127016,1810.13,0.1,BID
1445127017,1810.13,0.4,BID
1445127027,1810.15,0.01,ASK
1445127032,1810.15,0.06,ASK
1445127032,1810.14,0.1,ASK
1445127032,1810.14,0.3646,ASK
1445127033,1810.14,0.1354,ASK
1445127033,1810.02,0.02,ASK
1445127033,1810.02,0.0262,ASK
1445127033,1810.01,0.3184,ASK
1445127035,1810.01,0.0529,ASK
1445127035,1810.01,0.5521,ASK
1445127035,1810.01,0.0004,ASK
1445127035,1810.01,0.135,ASK
1445127036,1810.01,7.0,ASK
1445127036,1810.01,0.998,ASK
1445127037,1810.0,0.4,ASK
1445127037,1810.0,0.1354,ASK
1445127037,1810.0,1.528,ASK
1445127038,1810.0,0.5,ASK
1445127039,1810.01,0.0159,ASK
1445127039,1810.0,0.0091,ASK
1445127039,1810.0,0.65,ASK
1445127040,1810.0,0.498,ASK
1445127040,1810.0,0.0795,ASK
1445127041,1809.95,0.0275,ASK
1445127041,1809.89,0.4725,ASK
1445127042,1809.89,0.08,ASK
1445127042,1809.89,0.35,ASK
1445127043,1809.89,0.075,ASK
1445127044,1809.89,0.1275,ASK
1445127050,1809.49,0.0525,ASK
1445127050,1809.18,0.5885,ASK
1445127054,1809.15,0.234,ASK
1445127058,1809.15,0.152,ASK
1445127058,1809.15,0.014,ASK
1445127058,1808.8,0.138,ASK
1445127058,1808.8,0.152,ASK
1445127058,1808.8,0.11,ASK
1445127058,1808.79,0.4,ASK
1445127059,1808.7,0.166,ASK
1445127061,1808.7,0.508,ASK
1445127062,1808.7,0.5684,ASK
1445127062,1808.69,0.5656,ASK
1445127062,1808.69,1.0,ASK
1445127062,1808.69,0.476,ASK
1445127062,1808.69,0.476,ASK
1445127062,1808.69,0.4824,ASK
1445127063,1808.46,0.2661,ASK
1445127069,1807.91,0.035,ASK
1445127069,1807.91,0.238,ASK
1445127070,1807.91,0.3151,ASK
1445127070,1807.9,0.001,ASK
1445127097,1807.04,0.01,ASK
1445127104,1807.03,0.1416,ASK
1445127104,1807.02,0.001,ASK
1445127104,1807.01,0.001,ASK
1445127104,1806.82,0.4,ASK
1445127104,1806.81,0.5,ASK
1445127104,1806.8,8.0332,ASK
1445127104,1806.79,0.0024,ASK
1445127104,1806.77,0.0062,ASK
1445127104,1806.76,0.001,ASK
1445127104,1806.66,0.9136,ASK
1445127111,1807.04,0.01,ASK
1445127111,1807.01,0.01,BID
1445127115,1807.01,0.01,BID
1445127116,1807.01,0.03,BID
1445127116,1807.8,0.1202,BID
1445127116,1807.85,2.8498,BID
1445127116,1807.85,0.04,BID
1445127121,1807.7,0.01,ASK
1445127123,1807.71,0.01,ASK
1445127123,1807.71,0.06,ASK
1445127128,1807.69,0.01,BID
1445127132,1807.51,0.01,ASK
1445127132,1807.51,0.01,ASK
1445127159,1806.66,0.226,ASK
1445127159,1806.58,0.001,ASK
1445127159,1806.26,0.1144,ASK
1445127159,1806.26,0.001,ASK
1445127159,1806.24,3.0,ASK
1445127159,1806.23,0.1976,ASK
1445127159,1806.23,0.5536,ASK
1445127159,1806.23,0.5536,ASK
1445127159,1806.2,0.262,ASK
1445127159,1806.15,0.0908,ASK
1445127159,1806.15,0.3572,ASK
1445127159,1806.01,0.5537,ASK
1445127159,1806.0,0.002,ASK
1445127159,1806.0,6.1098,ASK
1445127159,1805.99,0.1,ASK
1445127159,1805.93,0.5,ASK
1445127159,1805.9,0.001,ASK
1445127159,1805.6,0.01,ASK
1445127161,1805.82,2.0,ASK
1445127161,1805.82,1.0,ASK
1445127161,1805.82,2.36,ASK
1445127161,1805.83,0.225,BID
1445127164,1805.92,0.0739,ASK
1445127165,1805.92,0.01,ASK
1445127166,1806.13,0.0397,BID
1445127166,1806.13,0.01,BID
1445127166,1806.23,0.1409,BID
1445127166,1806.23,0.5,BID
1445127167,1806.24,0.0298,ASK
1445127168,1806.24,0.06,ASK
1445127168,1806.24,0.451,ASK
1445127169,1806.24,0.5,ASK
1445127170,1806.25,0.0294,ASK
1445127170,1806.24,2.9706,ASK
1445127171,1806.24,1.076,ASK
1445127173,1806.23,1.572,BID
1445127173,1806.23,0.169,BID
1445127181,1806.26,0.06,ASK
1445127183,1806.16,0.0607,BID
1445127183,1807.25,0.0225,BID
1445127183,1807.26,0.4,BID
1445127183,1807.28,3.0,BID
1445127183,1807.37,0.693,BID
1445127183,1807.4,5.8238,BID
1445127210,1807.22,0.0294,BID
1445127210,1807.23,0.0122,BID
1445127210,1807.23,0.1148,BID
1445127210,1807.23,0.0108,BID
1445127210,1807.24,0.4,BID
1445127210,1807.38,0.1547,BID
1445127213,1807.4,0.06,ASK
1445127214,1807.42,2.0,ASK
1445127214,1807.42,14.383,ASK
1445127219,1807.42,0.0294,ASK
1445127219,1807.41,0.071,ASK
1445127220,1807.41,0.329,ASK
1445127220,1807.41,0.4,ASK
1445127220,1807.4,0.271,ASK
1445127221,1807.66,0.0294,BID
1445127221,1807.67,0.0117,BID
1445127221,1807.68,0.1249,BID
1445127222,1807.68,0.0294,BID
1445127222,1807.68,0.0797,BID
1445127222,1807.68,0.025,BID
1445127222,1807.82,0.0312,BID
1445127222,1807.83,0.4688,BID
1445127224,1807.82,0.0142,BID
1445127224,1807.98,0.33,BID
1445127224,1807.99,0.008,BID
1445127224,1808.0,0.179,BID
1445127225,1808.0,0.0294,BID
1445127232,1808.0,1.457,BID
1445127233,1808.0,0.5531,BID
1445127234,1808.0,0.5531,BID
1445127234,1807.99,0.4,BID
1445127234,1808.0,0.1531,BID
1445127236,1808.0,0.5531,BID
1445127237,1808.0,0.3222,BID
1445127237,1808.01,0.2309,ASK
1445127238,1808.0,0.3222,BID
1445127238,1808.0,0.3222,BID
1445127239,1808.0,0.3222,BID
1445127239,1808.0,0.3222,BID
1445127240,1808.0,0.2803,BID
1445127242,1808.01,0.2728,ASK
1445127242,1808.01,0.5531,ASK
1445127242,1808.01,0.5531,ASK
1445127242,1807.92,0.0142,ASK
1445127242,1807.9,0.06,ASK
1445127242,1807.78,0.0117,ASK
1445127242,1807.41,0.0146,ASK
1445127242,1807.41,0.1714,ASK
1445127242,1807.41,0.011,ASK
1445127242,1807.4,3.5132,ASK
1445127255,1808.34,0.06,BID
1445127255,1808.35,0.002,BID
1445127255,1808.46,0.0146,BID
1445127255,1808.47,0.3994,BID
1445127256,1808.47,0.0006,BID
1445127256,1808.49,0.053,BID
1445127256,1808.5,1.0606,BID
1445127256,1808.51,0.0029,BID
1445127258,1808.6,0.0151,BID
1445127258,1808.61,0.1953,BID
1445127258,1808.61,0.1056,BID
1445127258,1808.61,0.0004,BID
1445127258,1808.79,0.01,BID
1445127261,1808.77,0.01,ASK
1445127261,1808.73,0.01,ASK
1445127261,1808.73,0.0394,ASK
1445127262,1808.78,0.0631,BID
1445127262,1808.79,0.3139,BID
1445127262,1808.79,0.5,BID
1445127262,1808.79,0.33,BID
1445127263,1808.79,0.0631,BID
1445127263,1808.79,0.0354,BID
1445127263,1808.79,0.01,BID
1445127263,1808.79,0.01,BID
1445127266,1808.8,0.4,BID
1445127268,1809.04,0.01,BID
1445127269,1809.04,0.0112,BID
1445127269,1809.05,0.0758,BID
1445127270,1809.05,0.2206,BID
1445127270,1809.05,0.2036,BID
1445127270,1809.08,0.004,BID
1445127270,1809.65,0.001,BID
1445127270,1809.72,0.0062,BID
1445127270,1809.74,0.0024,BID
1445127273,1809.82,0.22,ASK
1445127274,1809.82,0.0838,ASK
1445127276,1809.73,0.06,ASK
1445127276,1809.15,0.04,ASK
1445127287,1809.09,0.0294,ASK
1445127287,1809.07,0.02,ASK
1445127288,1809.06,0.0506,BID
1445127299,1809.71,0.0294,BID
1445127299,1809.72,0.0806,BID
1445127307,1809.39,0.11,ASK
1445127307,1809.35,0.0506,ASK
1445127308,1809.19,0.0506,ASK
1445127308,1809.09,0.048,ASK
1445127308,1809.07,0.0114,ASK
1445127309,1809.07,0.0162,ASK
1445127309,1809.06,0.3308,ASK
1445127312,1809.07,0.0294,ASK
1445127312,1809.06,0.2219,ASK
1445127312,1808.88,0.1507,ASK
1445127312,1808.88,0.01,ASK
1445127313,1808.96,0.0111,BID
1445127314,1808.9,0.0188,ASK
1445127314,1808.89,0.0382,ASK
1445127314,1808.89,0.3618,ASK
1445127314,1808.89,0.025,ASK
1445127314,1808.88,0.2872,ASK
1445127315,1808.88,0.04,ASK
1445127316,1808.89,0.017,ASK
1445127316,1808.88,0.0121,ASK
1445127316,1808.88,0.0204,BID
1445127316,1808.88,0.02,BID
1445127316,1808.87,0.4,ASK
1445127318,1808.81,0.4,ASK
1445127318,1808.79,0.0077,ASK
1445127318,1808.58,0.0923,ASK
1445127319,1808.68,0.02,BID
1445127320,1808.58,0.017,ASK
1445127320,1808.58,0.0541,ASK
1445127320,1808.53,0.0274,ASK
1445127320,1808.51,0.4735,ASK
1445127321,1808.79,0.1846,BID
1445127321,1808.51,0.572,ASK
1445127322,1808.51,0.4015,ASK
1445127325,1808.26,0.018,BID
1445127325,1808.26,0.3835,BID
1445127326,1808.5,0.01,BID
1445127326,1808.5,0.0095,BID
1445127326,1808.5,0.104,BID
1445127326,1808.57,0.0711,BID
1445127326,1808.77,0.06,ASK
1445127326,1808.77,0.1509,ASK
1445127332,1808.77,0.003,ASK
1445127333,1809.06,0.0276,BID
1445127333,1809.27,0.0322,BID
1445127333,1809.28,0.0831,BID
1445127337,1809.18,0.1409,BID
1445127337,1809.27,0.0107,BID
1445127337,1809.27,0.0174,BID
1445127337,1809.27,0.0294,BID
1445127337,1809.28,0.1856,BID
1445127337,1809.28,0.3762,BID
1445127337,1809.31,0.02,BID
1445127338,1809.32,0.07,BID
1445127340,1809.32,0.33,BID
1445127341,1809.33,0.1782,BID
1445127341,1809.42,0.001,BID
1445127343,1809.46,0.0047,ASK
1445127345,1809.47,0.0294,ASK
1445127345,1809.46,0.0506,ASK
1445127346,1809.66,0.176,BID
1445127346,1809.66,0.025,BID
1445127346,1809.67,0.183,BID
1445127346,1809.45,0.1735,ASK
1445127347,1809.46,0.099,BID
1445127347,1809.67,0.102,BID
1445127350,1809.34,0.0165,ASK
1445127350,1809.33,0.33,ASK
1445127350,1808.77,0.003,ASK
1445127350,1808.77,0.06,BID
1445127351,1808.77,0.5905,BID
1445127355,1809.47,0.01,ASK
1445127357,1809.47,0.01,ASK
1445127359,1809.47,0.01,ASK
1445127359,1809.47,0.0369,ASK
1445127363,1809.21,0.0486,ASK
1445127363,1809.21,0.0165,ASK
1445127363,1809.21,0.0237,ASK
1445127363,1809.2,0.0041,ASK
1445127364,1809.2,0.01,ASK
1445127364,1809.2,0.0888,ASK
1445127364,1809.2,0.0101,ASK
1445127365,1809.21,0.01,BID
1445127365,1809.21,0.39,ASK
1445127365,1809.2,0.097,ASK
1445127366,1809.2,0.65,ASK
1445127366,1809.2,0.65,ASK
1445127367,1809.41,0.0888,BID
1445127367,1809.2,0.65,ASK
1445127367,1809.2,0.65,ASK
1445127368,1809.41,0.0513,BID
1445127371,1809.42,0.0888,ASK
1445127371,1809.42,0.0341,ASK
1445127371,1809.42,0.01,ASK
1445127372,1809.42,0.0072,ASK
1445127374,1809.2,0.17,ASK
1445127379,1809.2,0.01,ASK
1445127384,1809.2,0.01,ASK
1445127384,1809.2,0.5778,ASK
1445127385,1809.2,0.578,ASK
1445127385,1809.2,0.5,ASK
1445127385,1809.2,0.103,ASK
1445127385,1809.2,0.215,ASK
1445127385,1809.2,0.65,ASK
1445127385,1809.2,0.1806,ASK
1445127385,1809.4,3.0,ASK
1445127385,1809.4,3.0,ASK
1445127385,1809.4,10.218,ASK
1445127386,1809.2,0.106,ASK
1445127386,1809.2,0.65,ASK
1445127387,1809.21,0.5,ASK
1445127387,1809.21,0.533,ASK
1445127387,1809.21,0.2091,ASK
1445127387,1809.21,0.4409,ASK
1445127387,1809.21,0.0591,ASK
1445127387,1809.2,0.0411,ASK
1445127391,1808.69,0.0784,ASK
1445127404,1808.67,0.001,BID
1445127404,1808.27,0.401,ASK
1445127405,1808.27,0.0005,ASK
1445127407,1808.06,0.1,BID
1445127407,1808.06,0.21,BID
1445127407,1808.06,0.091,BID
1445127409,1808.1,14.096,BID
1445127413,1808.09,0.1,ASK
1445127413,1808.09,0.1035,ASK
1445127424,1808.1,0.0762,ASK
1445127424,1808.09,0.0238,ASK
1445127425,1808.09,0.0762,ASK
1445127427,1808.09,0.0065,ASK
1445127427,1808.07,0.0762,ASK
1445127430,1808.1,0.0065,ASK
1445127439,1808.07,0.1,ASK
1445127445,1808.07,0.2248,ASK
1445127445,1808.07,0.1762,ASK
1445127449,1808.07,0.107,ASK
1445127450,1808.07,0.1,ASK
1445127453,1808.07,0.01,ASK
1445127459,1808.07,0.0078,ASK
1445127459,1808.04,0.0451,ASK
1445127459,1808.03,0.1525,ASK
1445127459,1807.98,0.0713,ASK
1445127459,1807.55,0.2233,ASK
1445127459,1807.55,0.01,ASK
1445127460,1807.55,0.1667,ASK
1445127460,1807.4,0.3333,ASK
1445127460,1807.87,15.0,ASK
1445127460,1807.87,3.481,ASK
1445127461,1807.4,0.01,ASK
1445127461,1807.4,0.1667,ASK
1445127461,1807.4,0.664,ASK
1445127462,1807.4,0.5,ASK
1445127463,1807.4,0.5,ASK
1445127464,1807.4,0.042,ASK
1445127465,1807.4,0.1,ASK
1445127465,1807.4,1.0,ASK
1445127465,1807.4,0.248,ASK
1445127465,1807.4,0.277,ASK
1445127466,1807.4,0.01,ASK
1445127466,1807.41,3.194,ASK
1445127467,1807.4,0.082,ASK
1445127467,1807.4,0.277,ASK
1445127467,1807.4,0.277,ASK
1445127467,1807.4,0.28,ASK
1445127468,1807.4,0.5,ASK
1445127468,1807.4,0.277,ASK
1445127468,1807.4,1.191,ASK
1445127468,1807.4,0.277,ASK
1445127469,1807.4,0.249,ASK
1445127469,1807.4,0.277,ASK
1445127469,1807.4,0.66,ASK
1445127469,1807.4,0.249,ASK
1445127469,1807.4,0.11,ASK
1445127469,1807.4,0.053,ASK
1445127470,1807.4,0.0804,ASK
1445127470,1807.4,0.205,ASK
1445127470,1807.4,0.203,ASK
1445127471,1807.4,0.447,ASK
1445127471,1807.4,0.2,ASK
1445127471,1807.4,3.9625,ASK
1445127471,1806.77,0.0091,ASK
1445127471,1806.71,0.1702,ASK
1445127471,1806.7,0.0026,ASK
1445127471,1806.15,0.001,ASK
1445127471,1806.0,0.001,ASK
1445127471,1806.0,0.9961,ASK
1445127475,1806.35,0.219,BID
1445127475,1806.87,0.06,BID
1445127475,1806.88,0.353,BID
1445127476,1806.99,0.07,BID
1445127476,1806.9,0.0177,ASK
1445127476,1806.9,0.0294,ASK
1445127478,1806.9,0.4259,ASK
1445127478,1806.89,0.01,ASK
1445127478,1806.7,0.1,ASK
1445127478,1806.7,0.01,ASK
1445127478,1806.67,0.1561,ASK
1445127478,1806.68,7.0,ASK
1445127478,1806.68,4.407,ASK
1445127479,1807.28,0.215,BID
1445127479,1807.38,0.0149,BID
1445127479,1807.38,0.025,BID
1445127479,1807.39,0.171,BID
1445127479,1806.91,0.0294,ASK
1445127481,1806.89,0.396,BID
1445127481,1806.89,0.0005,BID
1445127482,1806.9,0.0095,ASK
1445127482,1806.9,0.0895,ASK
1445127489,1806.93,0.012,ASK
1445127489,1806.93,0.06,ASK
1445127489,1806.92,0.268,ASK
1445127489,1806.91,0.025,ASK
1445127489,1806.9,0.1305,ASK
1445127489,1806.9,0.3965,ASK
1445127489,1806.61,0.0105,ASK
1445127489,1806.6,0.21,ASK
1445127489,1806.0,0.0675,ASK
1445127492,1806.92,0.012,BID
1445127503,1806.91,0.0294,BID
1445127505,1807.02,0.001,ASK
1445127506,1807.02,0.001,ASK
1445127514,1806.47,0.01,BID
1445127514,1806.67,0.06,BID
1445127514,1807.06,0.1075,BID
1445127516,1807.06,0.0561,ASK
1445127522,1807.06,0.2664,ASK
1445127522,1806.02,2.236,ASK
1445127525,1807.05,0.2664,BID
1445127525,1807.05,0.2656,BID
1445127525,1807.04,0.0266,BID
1445127525,1807.05,0.0008,BID
1445127533,1807.34,0.01,BID
1445127533,1807.34,0.01,BID
1445127533,1807.34,0.4,BID
1445127533,1807.35,0.01,BID
1445127533,1807.35,0.39,BID
1445127533,1807.36,0.01,BID
1445127533,1807.36,0.189,BID
1445127533,1807.36,0.0256,BID
1445127534,1807.37,0.0126,BID
1445127534,1807.39,0.329,BID
1445127534,1807.39,0.0784,ASK
1445127534,1807.36,0.2164,ASK
1445127534,1807.36,0.2052,ASK
1445127535,1807.42,0.0111,ASK
1445127536,1807.42,0.0015,ASK
1445127536,1807.36,0.0835,ASK
1445127536,1807.42,6.0,ASK
1445127536,1807.42,9.439,ASK
1445127538,1807.41,0.0729,ASK
1445127538,1807.41,0.0502,ASK
1445127538,1807.36,0.1113,ASK
1445127538,1807.36,0.0126,ASK
1445127540,1807.35,0.033,BID
1445127540,1807.27,0.06,ASK
1445127540,1807.08,0.0585,ASK
1445127540,1807.07,0.1257,ASK
1445127541,1807.0,0.01,BID
1445127541,1807.0,0.5533,BID
1445127541,1807.0,0.5533,BID
1445127542,1807.0,0.523,BID
1445127542,1807.0,0.09,BID
1445127542,1807.0,1.18,BID
1445127542,1807.0,0.07,BID
1445127542,1807.0,0.79,BID
1445127542,1807.0,0.6,BID
1445127542,1807.0,0.4,BID
1445127542,1807.0,0.79,BID
1445127542,1807.0,0.79,BID
1445127543,1807.0,0.6,BID
1445127543,1807.0,0.5,BID
1445127543,1807.0,0.17,BID
1445127543,1807.0,0.79,BID
1445127543,1807.0,1.6659,BID
1445127543,1807.0,0.17,BID
1445127543,1807.0,0.17,BID
1445127543,1807.0,0.07,BID
1445127544,1807.0,0.035,BID
1445127544,1807.0,0.17,BID
1445127544,1807.0,0.17,BID
1445127544,1807.0,0.597,BID
1445127544,1807.0,0.9,BID
1445127544,1807.0,0.597,BID
1445127544,1807.0,0.01,BID
1445127545,1807.0,0.16,BID
1445127545,1807.0,2.916,BID
1445127545,1807.0,0.254,BID
1445127545,1807.0,0.2,BID
1445127545,1807.0,0.19,BID
1445127545,1807.0,1.0,BID
1445127545,1806.64,4.0,BID
1445127545,1806.64,5.937,BID
1445127546,1807.0,0.5,BID
1445127546,1807.0,0.902,BID
1445127546,1807.0,0.141,BID
1445127546,1807.0,0.5283,BID
1445127546,1807.08,0.031,BID
1445127546,1807.08,0.028,BID
1445127546,1807.08,0.141,BID
1445127547,1807.08,0.01,BID
1445127547,1807.08,0.01,BID
1445127548,1807.08,0.1,BID
1445127548,1807.07,0.0477,BID
1445127548,1807.08,0.3845,BID
1445127549,1807.08,0.5,BID
1445127550,1807.08,0.5534,BID
1445127550,1807.08,0.06,BID
1445127551,1807.06,8.407,BID
1445127551,1807.07,0.0227,BID
1445127551,1807.08,1.1821,BID
1445127551,1807.32,0.06,ASK
1445127552,1807.34,0.0435,ASK
1445127554,1807.35,0.197,BID
1445127555,1807.35,0.2123,BID
1445127555,1807.35,0.341,BID
1445127555,1807.35,0.2754,BID
1445127556,1807.4,0.1231,BID
1445127563,1807.57,0.06,ASK
1445127563,1807.37,0.0294,ASK
1445127563,1807.36,0.0016,ASK
1445127563,1807.36,0.0119,ASK
1445127569,1807.61,0.215,BID
1445127572,1807.67,0.4705,BID
1445127572,1807.71,0.4845,BID
1445127577,1807.37,0.02,ASK
1445127578,1807.37,0.0086,ASK
1445127578,1807.36,0.0874,ASK
1445127579,1807.37,0.0191,ASK
1445127579,1807.36,0.4659,ASK
1445127579,1807.14,0.015,ASK
1445127580,1807.37,0.028,BID
1445127581,1807.37,0.01,ASK
1445127582,1807.37,0.1015,ASK
1445127582,1807.15,0.025,ASK
1445127582,1807.14,0.3735,ASK
1445127586,1807.14,0.1115,ASK
1445127586,1807.14,0.02,ASK
1445127586,1807.13,0.3945,ASK
1445127588,1807.13,0.0055,ASK
1445127588,1807.12,0.0198,ASK
1445127588,1807.1,0.0844,ASK
1445127588,1807.09,0.4156,ASK
1445127588,1807.09,0.01,ASK
1445127590,1807.09,0.1278,ASK
1445127590,1807.09,0.0037,ASK
1445127591,1807.09,0.276,ASK
1445127591,1807.09,0.2737,ASK
1445127591,1807.09,0.2263,ASK
1445127591,1807.09,0.0517,ASK
1445127591,1807.09,0.2754,ASK
1445127591,1807.09,0.1366,ASK
1445127591,1807.09,0.4168,ASK
1445127591,1807.09,0.2332,ASK
1445127592,1807.09,0.1,ASK
1445127592,1807.09,0.2202,ASK
1445127593,1807.0,0.028,ASK
1445127594,1807.0,0.472,ASK
1445127594,1806.01,0.028,ASK
1445127620,1806.03,0.01,ASK
1445127622,1806.03,0.064,ASK
1445127623,1806.03,0.27,ASK
1445127623,1806.02,0.0719,ASK
1445127623,1806.0,0.2581,ASK
1445127625,1806.0,0.014,ASK
1445127626,1806.0,1.121,ASK
1445127627,1806.0,0.65,ASK
1445127627,1806.0,0.65,ASK
1445127629,1806.0,0.65,ASK
1445127629,1806.0,0.65,ASK
1445127630,1806.02,0.098,BID
1445127630,1806.0,0.209,ASK
1445127630,1806.0,0.65,ASK
1445127630,1806.0,0.65,ASK
1445127631,1806.02,0.172,BID
1445127632,1806.07,0.098,ASK
1445127632,1806.03,0.002,ASK
1445127632,1806.03,0.022,ASK
1445127633,1806.03,0.246,ASK
1445127633,1806.03,0.27,ASK
1445127633,1806.03,0.27,ASK
1445127635,1806.01,0.1,BID
1445127636,1806.01,0.4,BID
1445127636,1806.01,0.1454,BID
1445127636,1806.02,0.4083,ASK
1445127636,1806.0,0.0917,ASK
1445127637,1806.02,0.5537,ASK
1445127637,1806.0,0.2883,ASK
1445127638,1806.0,0.6,ASK
1445127638,1806.0,0.01,ASK
1445127638,1806.0,0.43,ASK
1445127638,1806.0,0.65,ASK
1445127639,1806.0,0.65,ASK
1445127639,1806.0,0.01,ASK
1445127640,1806.0,0.0321,ASK
1445127640,1806.0,0.6179,ASK
1445127640,1806.0,0.1,ASK
1445127640,1806.0,0.2821,ASK
1445127640,1805.64,0.1175,ASK
1445127640,1805.6,0.1004,ASK
1445127641,1805.6,1.6996,ASK
1445127641,1805.23,0.627,ASK
1445127641,1805.05,0.2534,ASK
1445127641,1805.05,0.0236,ASK
1445127641,1805.02,0.429,ASK
1445127641,1804.98,0.227,ASK
1445127641,1804.96,0.5004,ASK
1445127653,1805.6,0.1,ASK
1445127655,1805.97,0.0294,BID
1445127655,1805.98,0.0321,BID
1445127655,1805.98,0.1646,BID
1445127655,1805.99,0.642,BID
1445127655,1806.0,0.1,BID
1445127655,1806.44,0.0279,BID
1445127655,1806.45,0.1,BID
1445127655,1806.45,0.457,BID
1445127655,1806.45,0.024,BID
1445127655,1806.46,0.422,BID
1445127655,1806.47,1.0,BID
1445127655,1806.67,0.4,BID
1445127655,1806.68,0.5,BID
1445127655,1806.69,0.4,BID
1445127655,1806.7,0.0894,BID
1445127655,1806.75,0.1755,BID
1445127655,1806.77,0.0933,BID
1445127655,1806.8,0.372,BID
1445127655,1806.85,0.1078,BID
1445127655,1806.98,6.863,BID
1445127660,1805.61,0.0294,ASK
1445127660,1805.6,0.0635,ASK
1445127660,1805.59,0.1351,ASK
1445127674,1805.71,0.06,BID
1445127674,1805.71,0.1514,BID
1445127675,1805.71,0.0265,BID
1445127676,1805.86,0.0335,ASK
1445127676,1805.72,0.06,ASK
1445127676,1805.62,0.0196,ASK
1445127676,1805.61,0.0628,ASK
1445127706,1806.21,0.01,BID
1445127707,1806.21,0.1582,BID
1445127707,1806.22,0.1374,BID
1445127709,1806.75,0.0186,BID
1445127709,1806.76,0.1496,BID
1445127709,1806.76,0.0186,BID
1445127710,1806.76,0.0186,BID
1445127711,1806.74,0.0294,BID
1445127711,1806.76,0.1386,BID
1445127711,1806.75,0.01,BID
1445127712,1806.75,0.0002,BID
1445127712,1806.76,0.0098,BID
1445127712,1806.76,0.0294,BID
1445127713,1806.76,0.0074,BID
1445127713,1806.98,0.025,BID
1445127713,1806.99,0.2705,BID
1445127714,1806.77,0.1,ASK
1445127716,1806.98,0.0122,BID
1445127716,1806.99,0.2173,BID
1445127717,1806.99,0.0122,BID
1445127717,1806.99,0.0321,BID
1445127717,1807.0,0.7561,BID
1445127717,1806.99,0.011,BID
1445127717,1806.99,0.0038,BID
1445127717,1807.0,0.2257,BID
1445127718,1807.0,0.8182,BID
1445127718,1807.08,0.4298,BID
1445127718,1807.08,0.0702,BID
1445127718,1807.08,0.0443,BID
1445127721,1807.01,0.32,ASK
1445127722,1807.0,0.044,ASK
1445127723,1807.0,0.0513,BID
1445127723,1806.99,0.01,ASK
1445127723,1806.78,0.01,ASK
1445127723,1806.36,0.0815,ASK
1445127723,1806.35,0.06,ASK
1445127723,1806.34,0.0175,ASK
1445127724,1806.37,0.4,ASK
1445127724,1806.34,0.1,ASK
1445127724,1806.34,0.0507,ASK
1445127724,1806.33,0.0235,ASK
1445127724,1806.24,0.4,ASK
1445127724,1806.22,0.1682,ASK
1445127724,1806.22,0.1682,ASK
1445127724,1806.12,0.0909,ASK
1445127724,1806.02,0.283,ASK
1445127725,1805.98,9.0,ASK
1445127725,1805.98,3.0,ASK
1445127725,1805.98,3.558,ASK
1445127725,1805.99,0.02,BID
1445127725,1805.99,0.0168,BID
1445127725,1805.99,0.555,BID
1445127726,1805.99,0.5,BID
1445127726,1805.99,0.251,BID
1445127726,1805.99,0.4727,BID
1445127729,1806.78,0.0294,ASK
1445127729,1806.77,0.013,ASK
1445127729,1806.38,0.071,ASK
1445127729,1806.27,0.3666,ASK
1445127730,1806.27,0.01,ASK
1445127732,1806.26,0.251,BID
1445127732,1806.27,0.254,BID
1445127732,1806.26,0.0196,BID
1445127732,1806.25,9.127,BID
1445127733,1806.26,0.0397,BID
1445127733,1806.26,0.0902,BID
1445127733,1806.39,0.0305,BID
1445127733,1806.9,0.06,BID
1445127733,1806.95,0.273,BID
1445127733,1806.98,0.4,BID
1445127733,1807.0,0.5547,BID
1445127733,1807.0,0.65,BID
1445127733,1807.01,0.1,BID
1445127733,1807.08,0.3819,BID
1445127735,1806.28,0.0595,ASK
1445127736,1806.94,0.0131,BID
1445127736,1806.97,0.105,BID
1445127736,1807.06,0.155,BID
1445127736,1807.08,0.1536,BID
1445127736,1807.08,0.65,BID
1445127736,1807.13,0.1033,BID
1445127737,1806.28,0.495,ASK
1445127738,1806.29,0.0248,ASK
1445127738,1806.28,0.0005,ASK
1445127738,1806.02,0.0747,ASK
1445127739,1806.03,0.0111,ASK
1445127739,1806.02,0.0536,ASK
1445127739,1806.02,0.025,ASK
1445127739,1806.02,0.4563,ASK
1445127739,1806.13,6.0,ASK
1445127739,1806.13,8.693,ASK
1445127740,1806.03,0.1708,ASK
1445127740,1806.01,0.3292,ASK
1445127740,1806.02,0.0739,BID
1445127742,1806.03,0.326,ASK
1445127743,1806.04,0.06,ASK
1445127743,1806.03,0.0001,ASK
1445127743,1806.01,0.0899,ASK
1445127744,1806.01,0.0809,ASK
1445127744,1806.0,0.3781,ASK
1445127745,1806.02,0.0118,BID
1445127745,1806.0,0.1756,ASK
1445127749,1805.88,0.1,ASK
1445127750,1805.99,0.176,BID
1445127750,1805.99,0.118,BID
1445127750,1806.02,0.3143,BID
1445127750,1806.78,0.02,BID
1445127750,1806.79,0.4,BID
1445127750,1806.89,0.1517,BID
1445127750,1805.88,0.005,ASK
1445127750,1805.88,0.0916,ASK
1445127750,1805.87,0.0084,ASK
1445127753,1806.0,0.06,ASK
1445127755,1806.0,0.0949,ASK
1445127756,1806.0,0.1391,ASK
1445127756,1806.0,0.294,ASK
1445127756,1806.0,0.143,ASK
1445127760,1805.99,0.0739,BID
1445127760,1805.99,0.4041,BID
1445127760,1805.99,0.2459,BID
1445127760,1805.99,0.2321,BID
1445127760,1805.99,0.4179,BID
1445127762,1806.45,0.01,ASK
1445127762,1806.43,0.1514,ASK
1445127764,1806.43,0.1617,ASK
1445127764,1806.43,0.1645,ASK
1445127764,1806.01,0.06,ASK
1445127764,1806.01,0.0528,ASK
1445127764,1806.0,0.0601,ASK
1445127764,1806.0,0.063,ASK
1445127769,1806.2,0.1065,BID
1445127770,1806.41,0.0215,BID
1445127770,1806.42,0.3035,BID
1445127770,1806.42,0.0227,BID
1445127773,1807.11,0.025,BID
1445127774,1807.12,0.0926,ASK
1445127775,1807.12,0.0294,ASK
1445127778,1806.73,0.05,ASK
1445127778,1806.73,0.0294,BID
1445127786,1806.74,0.0329,ASK
1445127789,1806.57,0.05,ASK
1445127789,1806.47,0.05,ASK
1445127789,1806.45,0.0174,ASK
1445127789,1806.44,0.1516,ASK
1445127790,1806.44,0.1954,ASK
1445127791,1806.28,7.432,ASK
1445127792,1806.29,0.0306,BID
1445127793,1806.21,0.05,BID
1445127795,1806.1,0.0145,ASK
1445127795,1806.09,0.2369,ASK
1445127795,1806.09,0.1631,ASK
1445127798,1806.07,0.24,ASK
1445127798,1806.07,0.16,ASK
1445127798,1806.01,0.1677,ASK
1445127798,1805.89,0.1294,ASK
1445127798,1805.87,0.0004,ASK
1445127798,1805.65,0.0732,ASK
1445127799,1805.65,0.5,ASK
1445127803,1805.65,0.3825,ASK
1445127803,1805.65,0.1519,ASK
1445127805,1805.65,0.2724,ASK
1445127805,1805.61,0.0936,ASK
1445127808,1805.64,0.1873,BID
1445127808,1805.64,0.01,BID
1445127809,1805.64,0.1447,BID
1445127809,1805.64,0.1973,BID
1445127809,1805.64,0.0427,BID
1445127812,1805.65,0.265,ASK
1445127812,1805.7,0.1775,BID
1445127812,1805.9,0.1644,BID
1445127812,1806.04,0.01,BID
1445127812,1806.06,0.4,BID
1445127813,1806.2,0.06,ASK
1445127813,1806.2,0.65,ASK
1445127814,1806.2,0.5,ASK
1445127814,1806.2,0.181,ASK
1445127814,1806.2,0.384,ASK
1445127814,1806.2,0.02,ASK
1445127815,1806.2,0.65,ASK
1445127816,1806.2,0.0142,ASK
1445127816,1806.19,0.0706,BID
1445127819,1805.66,0.02,ASK
1445127819,1805.65,0.0343,ASK
1445127819,1805.65,0.5477,ASK
1445127827,1805.65,0.0061,ASK
1445127827,1805.65,0.1181,BID
1445127829,1805.63,0.06,ASK
1445127829,1805.61,0.0007,ASK
1445127830,1805.0,0.5,ASK
1445127833,1804.98,0.06,BID
1445127833,1805.44,0.0647,BID
1445127833,1805.44,0.06,BID
1445127836,1804.97,0.06,BID
1445127836,1804.97,0.01,BID
1445127840,1804.97,0.1,BID
1445127843,1804.97,0.0061,BID
1445127845,1805.04,0.0039,ASK
1445127850,1804.96,0.001,BID
1445127856,1804.95,0.06,BID
1445127856,1804.96,0.1284,BID
1445127862,1805.4,0.001,BID
1445127863,1805.6,0.001,BID
1445127864,1805.6,0.001,BID
1445127865,1805.18,0.001,BID
1445127866,1805.18,0.001,BID
1445127867,1805.18,0.001,BID
1445127868,1805.18,0.001,BID
1445127868,1805.18,0.001,BID
1445127869,1805.58,0.001,BID
1445127870,1805.58,0.001,BID
1445127871,1805.58,0.001,BID
1445127875,1805.0,0.001,BID
1445127876,1805.0,0.4941,BID
1445127876,1805.56,0.001,BID
1445127877,1805.57,0.001,BID
1445127878,1805.57,0.001,BID
1445127879,1805.57,0.001,BID
1445127885,1805.12,0.195,BID
1445127885,1805.57,0.022,BID
1445127885,1805.58,0.498,BID
1445127885,1805.6,0.02,BID
1445127885,1805.61,0.175,BID
1445127886,1805.6,3.0,BID
1445127886,1805.6,5.0,BID
1445127886,1805.6,1.835,BID
1445127893,1805.6,0.0112,BID
1445127893,1805.61,0.1838,BID
1445127893,1805.61,0.0412,BID
1445127893,1805.84,0.1807,BID
1445127893,1805.98,0.7781,BID
1445127898,1805.97,0.01,BID
1445127899,1805.97,0.0178,BID
1445127899,1805.97,0.0102,BID
1445127899,1805.98,0.9062,BID
1445127902,1806.2,1.065,ASK
1445127903,1806.2,0.0008,ASK
1445127904,1805.97,0.01,ASK
1445127904,1805.71,0.01,ASK
1445127904,1805.64,0.1437,ASK
1445127904,1805.62,0.195,ASK
1445127904,1805.43,0.1413,ASK
1445127908,1805.43,0.036,ASK
1445127908,1805.42,0.064,ASK
1445127915,1805.45,0.01,ASK
1445127922,1805.46,0.01,ASK
1445127927,1805.56,0.1,BID
1445127928,1805.56,0.059,BID
1445127929,1805.57,0.01,ASK
1445127930,1805.93,0.02,BID
1445127930,1805.94,0.4,BID
1445127930,1805.97,0.189,BID
1445127930,1805.98,0.0496,BID
1445127930,1806.04,0.0142,BID
1445127930,1806.09,0.265,BID
1445127930,1806.14,0.4,BID
1445127930,1806.14,0.305,BID
1445127930,1806.15,0.419,BID
1445127930,1806.19,0.6492,BID
1445127930,1806.19,0.65,BID
1445127930,1806.42,1.0,BID
1445127930,1806.55,0.1754,BID
1445127930,1806.55,0.4563,BID
1445127930,1806.56,0.05,BID
1445127930,1806.59,0.155,BID
1445127930,1806.66,2.8023,BID
1445127930,1805.57,0.09,ASK
1445127930,1805.57,0.01,ASK
1445127931,1805.57,0.049,ASK
1445127931,1805.57,0.059,ASK
1445127931,1805.46,0.0471,ASK
1445127931,1805.46,0.0053,ASK
1445127931,1805.45,0.0022,ASK
1445127931,1805.44,0.0925,ASK
1445127931,1805.56,0.06,BID
1445127931,1805.45,6.469,BID
1445127932,1805.44,0.0912,ASK
1445127932,1805.41,0.0088,BID
1445127932,1805.56,0.0558,BID
1445127942,1805.51,0.01,ASK
1445127945,1805.51,0.176,ASK
1445127955,1805.31,0.01,BID
1445127956,1805.31,0.001,BID
1445127957,1805.31,0.01,BID
1445127962,1805.2,0.01,ASK
1445127963,1805.32,0.01,BID
1445127964,1805.2,0.062,ASK
1445127965,1805.32,0.01,ASK
1445127965,1805.21,0.0681,ASK
1445127966,1805.3,0.08,BID
1445127967,1805.3,0.01,BID
1445127970,1805.29,0.01,BID
1445127970,1805.29,0.001,BID
1445127972,1805.29,0.1868,BID
1445127972,1805.3,0.0029,BID
1445127972,1805.31,0.001,BID
1445127974,1805.31,0.01,BID
1445127976,1805.31,0.01,BID
1445127976,1805.3,1.2601,ASK
1445127977,1805.47,0.005,BID
1445127978,1805.31,0.4,ASK
1445127978,1805.3,0.25,ASK
1445127978,1805.3,0.1763,ASK
1445127979,1805.3,0.65,ASK
1445127980,1805.3,0.65,ASK
1445127981,1805.3,0.65,ASK
1445127982,1805.31,0.0512,ASK
1445127982,1805.31,0.0495,ASK
1445127982,1805.31,0.02,ASK
1445127982,1805.3,0.5293,ASK
1445127982,1805.3,0.6446,ASK
1445127982,1805.3,0.0054,ASK
1445127983,1805.3,0.1924,ASK
1445127983,1805.3,0.1978,ASK
1445127983,1805.29,0.2598,BID
1445127984,1805.31,0.1402,ASK
1445127986,1805.29,0.002,BID
1445127988,1805.27,0.1827,BID
1445127988,1805.29,0.5078,BID
1445127988,1805.29,0.234,BID
1445127988,1805.29,0.3365,BID
1445127989,1805.29,0.002,BID
1445127990,1805.28,0.1508,ASK
1445127992,1805.28,0.0319,ASK
1445127993,1805.21,0.0923,ASK
1445127993,1805.2,0.0061,ASK
1445127993,1805.17,0.0656,ASK
1445127994,1805.17,0.0257,ASK
1445127994,1805.13,0.0543,ASK
1445127994,1805.28,0.002,BID
1445127994,1805.13,0.1407,ASK
1445127994,1805.13,0.195,ASK
1445127997,1805.07,0.164,ASK
1445127998,1805.07,0.01,ASK
1445127999,1805.07,0.1899,ASK
1445128000,1805.07,0.0361,ASK
1445128000,1805.06,0.109,ASK
1445128001,1805.01,0.1472,ASK
1445128002,1805.06,0.0909,BID
1445128002,1805.06,0.226,BID
1445128004,1805.08,0.0188,ASK
1445128005,1805.07,0.266,ASK
1445128005,1805.08,0.01,BID
1445128007,1805.07,0.01,ASK
1445128008,1805.07,0.0409,ASK
1445128008,1805.07,0.1321,ASK
1445128008,1805.07,0.092,ASK
1445128009,1805.07,0.0928,ASK
1445128012,1805.02,0.0196,ASK
1445128012,1805.01,0.0658,ASK
1445128013,1805.01,0.2821,ASK
1445128013,1805.01,0.3679,ASK
1445128021,1805.05,0.0316,BID
1445128021,1805.06,0.275,BID
1445128021,1805.06,0.3578,BID
1445128021,1805.11,0.07,BID
1445128021,1805.28,0.0156,BID
1445128021,1805.29,0.3115,BID
1445128021,1805.47,0.0319,BID
1445128021,1805.49,0.0141,BID
1445128021,1805.5,0.282,BID
1445128021,1805.53,0.464,BID
1445128021,1805.55,0.023,BID
1445128021,1805.62,0.721,BID
1445128021,1806.06,0.122,BID
1445128021,1806.08,0.036,BID
1445128025,1805.06,0.01,ASK
1445128028,1805.06,0.01,ASK
1445128038,1805.8,0.0109,BID
1445128038,1805.8,0.2891,BID
1445128042,1805.12,0.01,ASK
1445128066,1805.12,0.06,ASK
1445128066,1805.12,0.0018,ASK
1445128066,1805.11,0.1702,ASK
1445128066,1805.07,0.091,ASK
1445128066,1805.07,0.0004,ASK
1445128066,1805.06,0.0116,ASK
1445128066,1805.01,0.1272,ASK
1445128066,1805.0,0.091,ASK
1445128066,1804.99,0.0531,ASK
1445128066,1804.87,0.0442,ASK
1445128066,1804.86,0.4525,ASK
1445128068,1805.05,0.3,BID
1445128071,1805.05,0.023,BID
1445128071,1805.12,0.01,BID
1445128072,1805.13,0.058,ASK
1445128072,1804.86,0.395,ASK
1445128073,1805.06,0.023,ASK
1445128073,1805.06,0.023,ASK
1445128073,1804.86,0.037,ASK
1445128074,1804.83,0.021,ASK
1445128076,1804.7,0.004,BID
1445128076,1804.85,0.349,BID
1445128076,1804.85,0.293,BID
1445128078,1804.48,0.025,ASK
1445128102,1804.8,0.1889,BID
1445128102,1804.81,0.1411,BID
1445128118,1804.75,0.0294,BID
1445128118,1804.76,0.0484,BID
1445128119,1804.76,0.0216,BID
1445128119,1804.77,0.0032,BID
1445128119,1804.78,0.0078,BID
1445128119,1804.81,0.0009,BID
1445128123,1804.84,0.01,BID
1445128127,1804.84,0.01,BID
1445128130,1804.84,0.01,BID
1445128131,1804.84,0.01,BID
1445128133,1804.84,0.01,BID
1445128135,1804.84,0.01,BID
1445128137,1804.84,0.01,BID
1445128139,1804.84,0.0031,BID
1445128139,1804.84,0.0069,BID
1445128140,1804.84,0.01,BID
1445128147,1804.83,0.01,BID
1445128147,1804.58,0.06,ASK
1445128147,1804.57,0.1401,ASK
1445128147,1804.55,0.1452,ASK
1445128147,1804.52,0.1864,ASK
1445128147,1804.51,0.1517,ASK
1445128147,1804.47,0.002,ASK
1445128147,1804.27,0.001,ASK
1445128147,1804.26,0.001,ASK
1445128147,1804.01,0.001,ASK
1445128147,1803.83,0.433,ASK
1445128147,1803.78,0.0225,ASK
1445128147,1803.77,0.45,ASK
1445128147,1803.77,0.0224,ASK
1445128147,1803.76,8.052,ASK
1445128147,1803.75,0.004,ASK
1445128147,1803.53,0.617,ASK
1445128147,1803.38,0.1,ASK
1445128147,1803.38,0.1,ASK
1445128147,1803.2,0.1,ASK
1445128147,1803.11,0.1,ASK
1445128147,1803.11,0.1,ASK
1445128147,1803.08,0.001,ASK
1445128147,1802.76,0.001,ASK
1445128147,1802.51,0.001,ASK
1445128147,1802.46,0.554,ASK
1445128147,1802.45,0.0833,ASK
1445128147,1802.43,0.377,ASK
1445128147,1802.43,0.377,ASK
1445128147,1802.4,0.001,ASK
1445128147,1802.4,0.001,ASK
1445128147,1802.3,0.008,ASK
1445128147,1802.24,0.377,ASK
1445128147,1802.14,2.02,ASK
1445128147,1802.13,6.8654,ASK
1445128147,1802.01,0.001,ASK
1445128147,1801.84,0.433,ASK
1445128147,1801.48,3.0,ASK
1445128147,1800.99,6.4938,ASK
1445128148,1804.82,6.0,ASK
1445128148,1804.82,9.199,ASK
1445128149,1804.83,0.0725,BID
1445128149,1804.83,0.2295,BID
1445128149,1804.83,0.302,BID
1445128150,1804.83,0.302,BID
1445128150,1804.83,0.302,BID
1445128151,1804.84,0.0333,BID
1445128151,1804.84,0.0169,BID
1445128154,1804.85,0.139,BID
1445128154,1804.85,0.077,BID
1445128154,1804.84,0.0223,ASK
1445128154,1804.84,0.0377,ASK
1445128155,1804.85,0.355,BID
1445128155,1804.85,0.1991,BID
1445128155,1804.85,0.2329,BID
1445128158,1804.87,0.0294,ASK
1445128158,1804.86,0.0098,ASK
1445128174,1804.87,0.01,ASK
1445128180,1804.87,0.05,ASK
1445128180,1804.86,0.026,ASK
1445128180,1804.86,0.188,ASK
1445128181,1804.86,0.05,ASK
1445128181,1804.86,0.0474,ASK
1445128181,1804.86,0.0026,ASK
1445128181,1804.86,0.5515,ASK
1445128181,1804.86,0.197,ASK
1445128181,1804.86,0.3571,ASK
1445128181,1804.85,0.3919,ASK
1445128181,1804.85,0.136,ASK
1445128182,1804.85,0.0721,ASK
1445128182,1804.84,0.0348,ASK
1445128184,1804.69,0.0412,BID
1445128184,1804.85,0.0659,BID
1445128184,1804.85,0.6,BID
1445128184,1804.85,0.0419,BID
1445128189,1804.84,0.06,BID
1445128189,1804.84,0.015,BID
1445128198,1804.83,0.01,BID
1445128254,1803.64,0.01,ASK
1445128256,1803.64,0.01,ASK
1445128263,1803.54,0.01,BID
1445128277,1802.78,0.0278,ASK
1445128277,1802.77,0.04,ASK
1445128277,1802.77,0.0922,ASK
1445128277,1802.78,0.0261,ASK
1445128277,1802.77,0.4739,ASK
1445128278,1802.76,0.334,ASK
1445128278,1802.76,0.166,ASK
1445128279,1802.67,0.0113,BID
1445128279,1802.01,0.1,ASK
1445128279,1801.91,0.214,ASK
1445128279,1801.91,0.186,ASK
1445128284,1802.37,0.0294,BID
1445128284,1802.38,0.0706,BID
1445128288,1802.37,0.06,BID
1445128288,1802.38,0.0954,BID
1445128288,1802.76,0.124,BID
1445128288,1803.14,0.0153,BID
1445128288,1803.43,0.5,BID
1445128288,1803.44,0.4,BID
1445128288,1803.45,0.01,BID
1445128288,1803.45,3.7953,BID
1445128289,1801.77,8.608,BID
1445128303,1802.34,0.01,BID
1445128307,1802.34,0.009,BID
1445128312,1802.59,0.455,BID
1445128314,1802.33,0.01,BID
1445128316,1802.59,0.025,ASK
1445128324,1802.6,0.01,ASK
1445128326,1802.6,0.05,ASK
1445128326,1802.59,0.011,ASK
1445128338,1802.56,0.0599,BID
1445128353,1802.41,0.01,BID
1445128355,1802.41,0.01,BID
1445128368,1802.38,0.102,BID
1445128378,1802.2,0.492,BID
1445128381,1802.2,0.492,BID
1445128381,1802.2,1.0,BID
1445128381,1802.2,1.3235,BID
1445128383,1802.45,0.244,BID
1445128383,1802.45,0.156,BID
1445128383,1802.45,0.4,BID
1445128384,1802.49,0.0227,BID
1445128384,1802.49,0.02,BID
1445128384,1802.5,0.4573,BID
1445128384,1802.47,0.0992,ASK
1445128384,1802.47,0.04,ASK
1445128385,1802.47,0.1048,ASK
1445128385,1802.46,0.3502,ASK
1445128386,1802.5,0.1048,BID
1445128386,1802.46,0.2046,ASK
1445128387,1802.46,0.0394,BID
1445128387,1802.5,0.5154,BID
1445128387,1802.5,1.491,BID
1445128388,1802.5,0.5,BID
1445128388,1802.5,0.05,BID
1445128388,1802.5,0.01,BID
1445128388,1802.5,0.0394,BID
1445128388,1802.5,0.5548,BID
1445128390,1802.5,0.55,BID
1445128390,1802.5,0.244,BID
1445128390,1802.49,9.0,BID
1445128390,1802.49,7.982,BID
1445128390,1802.5,0.316,BID
1445128390,1802.5,0.42,BID
1445128390,1802.5,0.244,BID
1445128391,1802.5,0.42,BID
1445128391,1802.5,0.42,BID
1445128391,1802.5,0.099,BID
1445128391,1802.5,0.0581,BID
1445128391,1803.0,0.5,BID
1445128391,1802.99,1.0,BID
1445128391,1802.99,4.604,BID
1445128391,1802.99,1.0,BID
1445128391,1802.99,12.0,BID
1445128391,1802.99,3.131,BID
1445128394,1803.0,0.1178,BID
1445128395,1803.0,0.01,BID
1445128395,1803.0,0.5546,BID
1445128395,1803.0,0.404,BID
1445128395,1803.0,0.1506,BID
1445128396,1803.0,0.5552,BID
1445128397,1803.0,0.01,BID
1445128397,1803.0,0.0853,BID
1445128397,1803.0,0.5546,BID
1445128398,1803.0,0.01,BID
1445128398,1803.0,0.5546,BID
1445128398,1803.0,0.7249,BID
1445128398,1803.0,0.01,BID
1445128398,1803.0,0.5546,BID
1445128399,1803.0,0.468,BID
1445128399,1803.0,0.277,BID
1445128399,1803.0,0.5546,BID
1445128400,1803.0,0.5,BID
1445128400,1803.0,0.05,BID
1445128400,1803.0,4.916,BID
1445128400,1803.0,0.2835,BID
1445128400,1803.0,0.5546,BID
1445128400,1803.0,0.6,BID
1445128401,1803.0,0.356,BID
1445128401,1803.0,0.5546,BID
1445128402,1803.0,0.5546,BID
1445128403,1803.0,0.5546,BID
1445128404,1803.0,0.5546,BID
1445128405,1803.0,0.5546,BID
1445128405,1803.0,0.1,BID
1445128406,1803.0,0.5546,BID
1445128407,1803.0,0.5546,BID
1445128407,1803.0,0.5546,BID
1445128407,1803.0,0.119,BID
1445128407,1803.0,0.119,BID
1445128408,1803.0,0.119,BID
1445128408,1803.0,0.5546,BID
1445128409,1803.0,0.1145,BID
1445128409,1803.0,0.5546,BID
1445128409,1803.0,0.5546,BID
1445128409,1803.0,0.684,BID
1445128409,1803.0,0.13,BID
1445128410,1802.99,0.0051,BID
1445128410,1803.0,0.0969,BID
1445128410,1803.0,0.85,BID
1445128410,1803.0,0.104,BID
1445128410,1803.0,0.104,BID
1445128410,1803.0,0.104,BID
1445128410,1803.0,0.104,BID
1445128410,1803.0,0.5546,BID
1445128411,1803.0,1.997,BID
1445128411,1803.0,0.104,BID
1445128411,1803.0,0.0595,BID
1445128411,1803.0,0.01,BID
1445128411,1803.0,0.5546,BID
1445128412,1803.0,0.1,BID
1445128412,1803.0,1.0,BID
1445128412,1803.0,0.01,BID
1445128413,1803.0,0.5,BID
1445128414,1803.0,2.0387,BID
1445128417,1803.74,0.0294,ASK
1445128417,1803.73,0.172,ASK
1445128417,1803.39,0.1,ASK
1445128417,1803.18,0.01,ASK
1445128417,1803.11,0.0446,ASK
1445128448,1803.97,0.01,BID
1445128448,1803.97,0.0194,BID
1445128448,1803.98,0.0046,BID
1445128448,1804.0,2.712,BID
1445128452,1804.0,0.5,BID
1445128454,1804.0,1.21,BID
1445128454,1804.0,1.21,BID
1445128454,1804.0,1.21,BID
1445128454,1804.0,1.0,BID
1445128454,1804.0,0.01,BID
1445128454,1804.0,0.2,BID
1445128455,1804.0,1.104,BID
1445128455,1804.0,1.0,BID
1445128455,1804.0,0.4,BID
1445128455,1804.0,0.426,BID
1445128455,1804.0,0.234,BID
1445128455,1804.0,0.5,BID
1445128455,1803.98,6.0,BID
1445128455,1803.98,7.597,BID
1445128456,1803.99,0.05,BID
1445128457,1803.99,0.0802,BID
1445128457,1804.0,2.9198,BID
1445128458,1804.0,1.0,BID
1445128458,1804.0,0.5,BID
1445128458,1804.0,0.5,BID
1445128458,1804.0,3.0,BID
1445128458,1804.0,0.5,BID
1445128458,1804.0,3.0,BID
1445128460,1804.0,3.334,BID
1445128460,1804.0,3.0,BID
1445128460,1804.0,1.794,BID
1445128460,1804.0,2.0,BID
1445128460,1804.0,0.5543,BID
1445128460,1803.99,3.0,BID
1445128460,1803.99,16.515,BID
1445128461,1804.0,2.0,BID
1445128461,1804.0,0.0802,BID
1445128461,1804.0,0.5543,BID
1445128461,1804.0,0.5543,BID
1445128462,1804.0,0.964,BID
1445128462,1804.0,0.5,BID
1445128462,1804.0,0.01,BID
1445128463,1804.0,1.0,BID
1445128463,1804.0,0.2,BID
1445128463,1804.0,0.5543,BID
1445128468,1804.31,1.0,ASK
1445128469,1804.29,0.0294,BID
1445128469,1804.29,0.01,BID
1445128470,1804.29,0.06,BID
1445128480,1804.03,0.02,ASK
1445128480,1804.03,0.025,ASK
1445128480,1804.02,0.4,ASK
1445128480,1804.02,0.0554,ASK
1445128480,1804.02,0.2462,ASK
1445128481,1804.02,0.2538,ASK
1445128481,1804.01,0.5543,ASK
1445128481,1804.01,0.5543,ASK
1445128481,1804.0,0.8315,ASK
1445128481,1803.97,1.0705,ASK
1445128484,1804.03,0.4,ASK
1445128484,1803.97,1.884,ASK
1445128492,1804.54,0.01,BID
1445128520,1803.89,0.01,ASK
1445128521,1803.89,0.0168,ASK
1445128521,1803.89,0.0174,ASK
1445128521,1803.88,0.6958,ASK
1445128521,1803.88,0.0442,ASK
1445128521,1803.88,0.145,ASK
1445128524,1803.69,0.02,ASK
1445128524,1803.68,0.4,ASK
1445128527,1803.55,0.0425,ASK
1445128527,1803.54,0.3545,ASK
1445128528,1803.54,0.0425,ASK
1445128529,1803.54,0.016,ASK
1445128529,1803.54,0.136,ASK
1445128529,1803.54,0.301,ASK
1445128529,1803.01,0.5546,ASK
1445128529,1803.01,0.3244,ASK
1445128536,1803.03,0.02,ASK
1445128536,1803.02,0.4,ASK
1445128536,1803.02,0.0223,ASK
1445128536,1803.01,0.2302,ASK
1445128536,1803.01,0.5075,ASK
1445128537,1803.01,0.0471,ASK
1445128537,1803.0,0.3949,ASK
1445128539,1803.0,0.1,ASK
1445128540,1803.0,0.68,ASK
1445128541,1803.0,0.01,ASK
1445128541,1803.0,0.1,ASK
1445128541,1803.0,0.68,ASK
1445128541,1803.0,0.4,ASK
1445128541,1803.0,0.68,ASK
1445128541,1803.0,0.5,ASK
1445128542,1803.0,0.65,ASK
1445128542,1803.0,0.1,ASK
1445128542,1803.0,0.65,ASK
1445128542,1803.0,0.65,ASK
1445128543,1803.0,0.65,ASK
1445128543,1803.0,0.154,ASK
1445128543,1803.0,0.114,ASK
1445128543,1803.0,0.65,ASK
1445128543,1803.0,0.65,ASK
1445128544,1803.0,0.1871,ASK
1445128544,1803.0,0.4629,ASK
1445128544,1803.0,0.65,ASK
1445128544,1803.0,0.1,ASK
1445128545,1803.0,0.541,ASK
1445128545,1803.0,0.65,ASK
1445128546,1803.0,0.1,ASK
1445128546,1803.0,0.65,ASK
1445128547,1803.0,1.3461,ASK
1445128548,1802.52,0.0013,ASK
1445128548,1802.51,0.1257,ASK
1445128575,1802.51,0.2089,ASK
1445128579,1802.51,0.01,ASK
1445128581,1802.51,0.04,ASK
1445128582,1802.51,0.01,ASK
1445128582,1802.51,0.1602,ASK
1445128582,1802.5,0.06,ASK
1445128584,1802.5,0.4,ASK
1445128584,1802.5,2.1709,ASK
1445128584,1802.5,0.6,ASK
1445128584,1802.5,1.0,ASK
1445128585,1802.5,0.5,ASK
1445128585,1802.5,0.4,ASK
1445128585,1802.5,0.6,ASK
1445128585,1802.5,0.4,ASK
1445128585,1802.5,5.062,ASK
1445128585,1802.5,0.6,ASK
1445128585,1802.5,0.6,ASK
1445128585,1802.5,0.01,ASK
1445128585,1802.5,1.0,ASK
1445128585,1802.5,0.65,ASK
1445128585,1802.5,0.65,ASK
1445128586,1802.52,0.01,BID
1445128586,1802.5,0.65,ASK
1445128587,1802.5,0.65,ASK
1445128588,1802.5,0.65,ASK
1445128588,1802.5,0.65,ASK
1445128589,1802.5,0.65,ASK
1445128589,1802.5,0.65,ASK
1445128591,1802.52,0.01,ASK
1445128591,1802.5,0.64,ASK
1445128592,1802.5,0.65,ASK
1445128592,1802.5,0.65,ASK
1445128593,1802.94,10.0,ASK
1445128593,1802.94,9.724,ASK
1445128593,1802.5,0.099,ASK
1445128593,1802.5,0.01,ASK
1445128601,1802.5,0.1382,ASK
1445128602,1802.5,0.01,ASK
1445128602,1802.5,0.65,ASK
1445128603,1802.5,0.039,ASK
1445128603,1802.5,0.2105,ASK
1445128604,1802.5,0.01,ASK
1445128606,1802.5,0.1,ASK
1445128607,1802.5,0.565,ASK
1445128607,1802.5,0.4,ASK
1445128608,1802.51,8.0,ASK
1445128608,1802.51,3.816,ASK
1445128608,1802.5,0.095,ASK
1445128608,1802.5,1.18,ASK
1445128609,1802.51,12.561,ASK
1445128609,1802.5,0.1,ASK
1445128609,1802.5,0.01,ASK
1445128609,1802.5,0.5,ASK
1445128609,1802.5,0.012,ASK
1445128609,1802.5,0.65,ASK
1445128609,1802.5,0.65,ASK
1445128610,1802.5,0.65,ASK
1445128611,1802.5,0.01,ASK
1445128611,1802.5,0.098,ASK
1445128611,1802.5,0.65,ASK
1445128612,1802.5,0.5,ASK
1445128613,1802.5,0.65,ASK
1445128614,1802.5,0.1956,ASK
1445128614,1802.5,0.65,ASK
1445128614,1802.5,0.65,ASK
1445128614,1802.5,0.65,ASK
1445128614,1802.5,1.493,ASK
1445128614,1802.5,0.5,ASK
1445128614,1802.5,0.098,ASK
1445128615,1802.5,0.01,ASK
1445128615,1802.5,0.65,ASK
1445128615,1802.5,0.65,ASK
1445128615,1802.51,11.0,ASK
1445128615,1802.51,8.462,ASK
1445128616,1802.5,0.2282,ASK
1445128616,1802.5,0.042,ASK
1445128617,1802.5,0.841,ASK
1445128617,1802.5,2.231,ASK
1445128617,1802.5,0.6,ASK
1445128617,1802.5,0.01,ASK
1445128618,1802.5,1.04,ASK
1445128618,1802.5,1.2003,ASK
1445128618,1802.5,0.7997,ASK
1445128618,1802.5,1.04,ASK
1445128619,1802.5,0.5,ASK
1445128619,1802.5,1.008,ASK
1445128619,1802.5,0.112,ASK
1445128619,1802.5,1.119,ASK
1445128619,1802.53,0.1788,BID
1445128619,1802.6,0.1353,BID
1445128619,1802.91,1.5039,BID
1445128619,1802.5,0.01,ASK
1445128621,1802.53,0.01,ASK
1445128621,1802.5,0.4113,ASK
1445128622,1802.5,1.1316,BID
1445128622,1802.85,0.1803,BID
1445128622,1802.9,0.0818,BID
1445128622,1802.91,0.06,BID
1445128622,1802.94,0.037,BID
1445128623,1802.9,0.3068,ASK
1445128626,1802.49,0.1,BID
1445128627,1802.48,0.1932,BID
1445128628,1802.48,0.01,BID
1445128628,1802.48,0.1028,BID
1445128628,1802.49,0.0902,BID
1445128630,1802.49,0.003,BID
1445128631,1802.88,0.0153,BID
1445128631,1802.89,0.3068,BID
1445128631,1802.91,0.1559,ASK
1445128632,1802.87,0.2441,BID
1445128632,1802.92,0.0884,BID
1445128632,1802.92,0.0639,BID
1445128632,1802.93,0.5056,BID
1445128632,1802.93,0.01,BID
1445128635,1802.66,0.01,BID
1445128636,1802.66,0.01,BID
1445128669,1802.73,0.01,BID
1445128672,1802.71,6.0,BID
1445128672,1802.71,1.957,BID
1445128676,1802.72,0.01,BID
1445128679,1802.73,0.01,BID
1445128683,1802.73,0.01,BID
1445128685,1802.6,0.01,BID
1445128691,1802.55,0.2148,BID
1445128691,1802.73,0.0191,BID
1445128691,1802.78,0.4,BID
1445128691,1802.79,0.2825,BID
1445128694,1801.78,0.1606,ASK
1445128694,1801.77,4.767,ASK
1445128694,1801.63,0.483,ASK
1445128694,1801.52,0.06,ASK
1445128694,1801.5,0.5,ASK
1445128694,1801.28,0.184,ASK
1445128694,1801.21,0.284,ASK
1445128694,1801.19,0.333,ASK
1445128694,1801.05,0.555,ASK
1445128694,1801.05,0.186,ASK
1445128694,1800.87,0.555,ASK
1445128694,1800.79,0.91,ASK
1445128694,1800.52,1.0224,ASK
1445128713,1802.63,0.011,BID
1445128715,1801.81,0.0976,ASK
1445128715,1801.81,0.0823,ASK
1445128718,1801.81,0.3177,ASK
1445128719,1801.81,0.0835,BID
1445128723,1801.78,0.01,ASK
1445128724,1801.8,0.01,BID
1445128725,1801.78,0.084,ASK
1445128727,1801.78,0.0316,ASK
1445128731,1801.7,0.01,BID
1445128734,1801.69,0.0189,BID
1445128739,1801.79,0.01,BID
1445128739,1801.79,0.01,BID
1445128741,1801.79,0.01,BID
1445128742,1801.79,0.0598,BID
1445128742,1801.79,0.06,BID
1445128745,1802.0,0.714,ASK
1445128746,1802.01,0.0289,ASK
1445128746,1802.0,0.2762,ASK
1445128747,1800.93,0.1593,ASK
1445128747,1800.85,0.4,ASK
1445128747,1800.77,0.147,ASK
1445128747,1800.77,4.8885,ASK
1445128747,1800.76,0.0981,ASK
1445128748,1800.75,0.5,BID
1445128749,1800.75,0.05,BID
1445128749,1800.75,0.5553,BID
1445128749,1800.75,0.573,BID
1445128749,1800.75,0.188,BID
1445128749,1800.75,0.5,BID
1445128749,1800.75,1.0,BID
1445128749,1800.75,0.993,BID
1445128751,1801.79,0.0357,BID
1445128751,1801.8,0.4643,BID
1445128752,1801.53,0.001,ASK
1445128754,1801.53,0.026,ASK
1445128755,1801.26,0.05,ASK
1445128755,1801.2,0.1,ASK
1445128755,1801.0,0.3794,ASK
1445128761,1801.01,0.0203,ASK
1445128761,1801.01,0.0107,ASK
1445128761,1801.0,0.068,ASK
1445128762,1801.0,0.031,ASK
1445128762,1801.0,0.5,ASK
1445128763,1801.0,0.0216,ASK
1445128763,1800.94,0.0284,ASK
1445128763,1801.5,0.0029,BID
1445128763,1801.01,0.0169,ASK
1445128763,1801.01,0.0107,ASK
1445128763,1800.94,0.0969,ASK
1445128763,1800.77,0.2,ASK
1445128763,1800.76,0.3,ASK
1445128763,1800.76,0.1,ASK
1445128763,1800.92,2.0,ASK
1445128763,1800.92,12.93,ASK
1445128764,1800.76,0.1553,ASK
1445128764,1800.61,0.01,ASK
1445128764,1800.6,0.3347,ASK
1445128764,1800.93,0.06,BID
1445128766,1800.51,2.58,ASK
1445128766,1800.51,0.0216,ASK
1445128768,1800.51,0.01,ASK
1445128768,1800.51,0.5,ASK
1445128770,1800.51,0.032,ASK
1445128771,1800.51,0.62,ASK
1445128771,1800.51,3.269,ASK
1445128771,1800.51,1.0,ASK
1445128771,1800.51,0.7079,ASK
1445128771,1800.5,0.2921,ASK
1445128771,1800.5,0.542,ASK
1445128771,1800.5,1.437,ASK
1445128771,1800.5,0.5,ASK
1445128771,1800.5,0.1,ASK
1445128772,1800.5,0.326,ASK
1445128773,1800.5,0.153,ASK
1445128773,1800.5,0.5,ASK
1445128774,1800.5,0.284,ASK
1445128774,1800.5,0.153,ASK
1445128774,1800.5,0.774,ASK
1445128774,1800.5,0.2,ASK
1445128774,1800.5,0.774,ASK
1445128774,1800.5,1.261,ASK
1445128774,1800.5,0.2232,ASK
1445128774,1800.0,0.2768,ASK
1445128775,1800.49,0.27,BID
1445128775,1800.0,0.154,ASK
1445128776,1800.4,0.4242,BID
1445128776,1800.46,0.1312,BID
1445128776,1800.46,0.0688,BID
1445128776,1800.48,0.4866,BID
1445128778,1800.0,0.179,ASK
1445128778,1800.0,0.1306,ASK
1445128779,1800.0,2.0374,ASK
1445128779,1800.0,0.9626,ASK
1445128779,1800.0,0.2,ASK
1445128779,1800.0,1.0,ASK
1445128779,1800.0,0.5,ASK
1445128779,1800.0,1.581,ASK
1445128779,1800.0,4.025,ASK
1445128779,1800.01,6.0,ASK
1445128779,1800.01,3.493,ASK
1445128781,1800.0,1.0,ASK
1445128782,1800.0,0.02,ASK
1445128782,1800.0,0.46,ASK
1445128782,1800.0,0.2514,ASK
1445128782,1800.0,1.2134,ASK
1445128783,1800.0,2.062,ASK
1445128783,1800.0,0.205,ASK
1445128783,1800.0,0.07,ASK
1445128783,1800.0,0.5,ASK
1445128784,1800.0,0.02,ASK
1445128784,1800.0,3.0,ASK
1445128784,1800.01,0.0566,ASK
1445128784,1800.0,0.4434,ASK
1445128785,1800.0,0.931,ASK
1445128785,1800.0,0.251,ASK
1445128785,1800.0,0.01,ASK
1445128786,1800.44,1.0,ASK
1445128786,1800.44,16.82,ASK
1445128786,1800.0,0.118,ASK
1445128786,1800.45,2.58,BID
1445128787,1800.0,0.777,ASK
1445128787,1800.0,0.04,ASK
1445128787,1800.0,0.04,ASK
1445128787,1800.0,1.799,ASK
1445128788,1800.0,0.01,ASK
1445128790,1800.3,0.919,BID
1445128790,1800.32,0.0314,ASK
1445128791,1800.32,0.2696,ASK
1445128791,1800.01,0.01,ASK
1445128792,1800.01,0.0165,ASK
1445128792,1800.0,17.1469,ASK
1445128793,1800.01,0.0314,ASK
1445128793,1800.01,0.0223,ASK
1445128793,1800.0,0.4463,ASK
1445128799,1800.0,0.269,ASK
1445128799,1800.0,0.5,ASK
1445128799,1800.0,0.01,ASK
1445128803,1800.01,0.0297,ASK
1445128803,1800.0,0.4703,ASK
1445128804,1800.0,0.01,ASK
1445128806,1800.0,0.01,ASK
1445128807,1800.0,0.01,ASK
1445128808,1800.0,0.5,ASK
1445128809,1800.0,0.01,ASK
1445128809,1800.0,0.65,ASK
1445128811,1800.0,0.01,ASK
1445128811,1800.0,0.5,ASK
1445128813,1800.01,0.0052,ASK
1445128813,1800.0,0.0118,ASK
1445128815,1800.0,0.01,ASK
1445128816,1800.0,0.5,ASK
1445128817,1800.0,0.01,ASK
1445128817,1800.0,0.55,ASK
1445128817,1800.0,0.65,ASK
1445128819,1800.0,0.01,ASK
1445128821,1800.01,0.01,ASK
1445128823,1800.01,0.01,ASK
1445128823,1800.01,0.0404,ASK
1445128823,1800.0,0.6066,ASK
1445128826,1800.0,0.381,ASK
1445128826,1800.0,1.9049,ASK
1445128826,1800.0,1.3071,ASK
1445128826,1800.0,0.5,ASK
1445128827,1800.0,1.0,ASK
1445128827,1800.0,1.0,ASK
1445128828,1800.0,0.4,ASK
1445128828,1800.0,0.5,ASK
1445128828,1800.13,1.0,ASK
1445128828,1800.13,1.0,ASK
1445128828,1800.13,17.388,ASK
1445128829,1800.0,0.8427,ASK
1445128829,1800.0,0.01,ASK
1445128829,1800.0,0.5,ASK
1445128830,1800.0,0.01,ASK
1445128830,1800.0,0.198,ASK
1445128831,1800.0,0.01,ASK
1445128831,1800.0,0.9222,ASK
1445128831,1800.0,0.2978,ASK
1445128831,1800.0,2.0,ASK
1445128831,1800.0,3.0,ASK
1445128831,1800.0,1.707,ASK
1445128832,1800.0,2.0,ASK
1445128832,1800.0,0.5,ASK
1445128832,1800.0,0.275,ASK
1445128832,1800.0,0.5,ASK
1445128833,1800.0,0.18,ASK
1445128833,1800.0,0.18,ASK
1445128834,1800.0,0.2,ASK
1445128834,1800.0,0.2127,ASK
1445128836,1799.42,0.016,ASK
1445128838,1799.98,0.4,BID
1445128838,1799.98,0.0294,BID
1445128838,1799.99,0.7906,BID
1445128851,1799.88,0.01,BID
1445128851,1799.88,0.06,BID
1445128851,1799.88,0.483,BID
1445128861,1799.09,0.001,ASK
1445128863,1799.86,7.0,ASK
1445128863,1799.86,6.0,ASK
1445128863,1799.86,4.956,ASK
1445128865,1799.87,0.08,BID
1445128865,1799.88,0.017,BID
1445128865,1799.88,0.02,BID
1445128865,1800.14,0.0679,BID
1445128865,1800.27,0.3657,BID
1445128871,1799.89,0.01,ASK
1445128875,1799.89,0.01,BID
1445128875,1800.25,0.1175,BID
1445128875,1800.25,0.109,BID
1445128875,1800.27,0.0343,BID
1445128875,1800.56,0.025,BID
1445128875,1800.58,0.0354,BID
1445128880,1799.89,0.01,ASK
1445128885,1799.85,0.003,BID
1445128886,1799.85,0.039,BID
1445128886,1799.85,0.028,BID
1445128886,1800.25,0.0051,BID
1445128888,1799.44,0.01,ASK
1445128888,1799.24,0.0301,ASK
1445128888,1799.24,0.0404,ASK
1445128888,1799.22,0.06,ASK
1445128888,1799.13,0.4,ASK
1445128888,1799.12,1.0445,ASK
1445128923,1800.48,0.02,BID
1445128923,1800.49,0.4,BID
1445128924,1800.5,0.06,ASK
1445128924,1800.54,0.02,BID
1445128924,1800.55,0.4,BID
1445128924,1800.56,0.1096,BID
1445128926,1800.56,0.0704,ASK
1445128926,1800.5,0.34,ASK
1445128926,1800.5,0.42,ASK
1445128926,1800.5,0.1696,ASK
1445128926,1800.57,0.134,BID
1445128928,1800.56,0.01,BID
1445128929,1800.56,0.0376,BID
1445128929,1800.59,0.5,BID
1445128930,1800.78,0.006,ASK
1445128934,1800.91,0.01,ASK
1445128934,1800.79,0.06,ASK
1445128934,1800.6,0.01,ASK
1445128935,1800.99,0.093,BID
1445128939,1800.99,0.339,BID
1445128939,1800.99,0.188,BID
1445128940,1800.62,0.01,ASK
1445128951,1800.57,0.0476,ASK
1445128954,1800.57,0.0156,ASK
1445128966,1799.5,0.01,ASK
1445128969,1800.8,0.1,BID
1445128969,1800.81,3.2495,BID
1445128997,1799.5,0.0068,ASK
1445129001,1799.5,0.01,BID
1445129003,1799.49,0.01,BID
1445129005,1799.49,0.01,BID
1445129006,1799.49,0.01,BID
1445129008,1799.49,0.01,BID
1445129025,1799.02,0.0091,ASK
1445129030,1799.02,0.01,ASK
1445129031,1799.02,0.0209,ASK
1445129031,1799.01,0.02,ASK
1445129031,1799.0,0.4003,ASK
1445129033,1798.96,0.002,ASK
1445129033,1798.77,0.001,ASK
1445129033,1798.76,0.001,ASK
1445129034,1798.63,0.1,ASK
1445129048,1798.51,0.001,ASK
1445129048,1798.24,0.004,ASK
1445129048,1798.18,0.0367,ASK
1445129070,1797.82,0.06,BID
1445129070,1797.85,0.01,BID
1445129070,1797.9,0.0149,BID
1445129070,1797.91,0.62,BID
1445129070,1797.93,0.337,BID
1445129070,1797.99,0.352,BID
1445129070,1798.15,4.6767,BID
1445129070,1798.16,0.0166,BID
1445129070,1798.19,0.483,BID
1445129070,1798.51,20.0,BID
1445129070,1798.97,0.02,BID
1445129070,1798.98,0.5,BID
1445129070,1799.24,0.62,BID
1445129070,1799.24,0.62,BID
1445129070,1799.24,0.8325,BID
1445129070,1799.25,0.88,BID
1445129070,1799.43,0.88,BID
1445129070,1799.45,0.4,BID
1445129070,1799.45,0.4,BID
1445129070,1799.47,0.1751,BID
1445129070,1799.48,0.1606,BID
1445129070,1799.49,0.01,ASK
1445129071,1799.49,0.4,ASK
1445129072,1799.49,0.5,ASK
1445129074,1799.49,0.1816,ASK
1445129075,1797.15,0.18,ASK
1445129078,1797.83,0.0201,BID
1445129078,1797.86,0.123,BID
1445129078,1797.98,0.0391,BID
1445129080,1797.17,0.0295,ASK
1445129080,1797.17,0.06,ASK
1445129080,1797.15,0.22,ASK
1445129080,1797.14,0.0254,ASK
1445129082,1797.05,0.017,BID
1445129082,1797.05,0.5541,BID
1445129082,1797.49,0.01,BID
1445129084,1797.49,0.01,BID
1445129085,1797.48,0.01,BID
1445129085,1797.48,0.0195,BID
1445129085,1797.49,0.0425,BID
1445129085,1797.49,0.0095,BID
1445129087,1797.95,0.1787,BID
1445129089,1798.66,0.1743,BID
1445129091,1798.66,0.054,BID
1445129091,1798.65,0.01,BID
1445129092,1798.65,0.01,BID
1445129092,1798.65,0.04,BID
1445129092,1798.66,0.3887,BID
1445129095,1799.01,0.0385,BID
1445129095,1798.68,0.0093,ASK
1445129095,1798.67,0.0688,ASK
1445129097,1799.01,0.0215,BID
1445129099,1799.02,0.0385,ASK
1445129101,1798.99,0.0175,BID
1445129101,1799.01,0.0385,BID
1445129101,1799.01,0.0385,BID
1445129101,1799.18,0.4055,BID
1445129103,1799.0,0.027,BID
1445129104,1799.0,0.077,BID
1445129104,1799.0,0.0048,BID
1445129111,1799.17,0.0341,BID
1445129111,1799.18,0.0945,BID
1445129111,1799.18,0.405,BID
1445129111,1799.2,0.0254,ASK
1445129111,1799.2,0.0346,ASK
1445129115,1799.22,0.016,ASK
1445129115,1799.21,0.0294,ASK
1445129115,1799.2,0.4546,ASK
1445129118,1799.47,0.0763,BID
1445129118,1799.47,0.0457,BID
1445129118,1799.48,0.604,BID
1445129119,1799.46,0.0294,BID
1445129119,1799.48,0.046,BID
1445129119,1799.5,0.1352,BID
1445129119,1799.88,0.1363,BID
1445129119,1800.0,1.89,BID
1445129119,1800.34,0.524,BID
1445129119,1800.35,0.3,ASK
1445129120,1801.02,0.002,BID
1445129120,1801.18,0.0367,BID
1445129120,1801.41,0.0513,BID
1445129120,1801.41,0.5,BID
1445129122,1800.36,0.0294,ASK
1445129122,1800.35,0.4706,ASK
1445129125,1800.86,0.01,ASK
1445129127,1800.87,0.06,ASK
1445129127,1800.36,0.08,ASK
1445129127,1800.36,0.4,ASK
1445129127,1800.36,0.0038,ASK
1445129127,1800.35,0.0102,ASK
1445129134,1800.33,0.01,ASK
1445129139,1800.31,0.0763,ASK
1445129141,1799.79,0.025,ASK
1445129141,1799.78,0.475,ASK
1445129142,1799.78,0.025,ASK
1445129142,1799.33,0.05,ASK
1445129142,1799.18,0.0341,ASK
1445129142,1799.14,0.032,ASK
1445129142,1799.01,0.1088,ASK
1445129142,1799.01,0.1088,ASK
1445129142,1798.96,0.1,ASK
1445129144,1798.9,0.5,BID
1445129144,1798.9,0.4,BID
1445129144,1798.9,0.6,BID
1445129144,1798.9,0.039,BID
1445129145,1798.9,0.4,BID
1445129146,1798.9,1.0589,BID
1445129146,1798.89,0.5,BID
1445129146,1798.9,0.0559,BID
1445129146,1798.9,0.5559,BID
1445129147,1798.89,0.06,BID
1445129147,1798.9,0.4959,BID
1445129149,1798.9,0.5559,BID
1445129149,1798.66,0.005,ASK
1445129150,1798.89,0.18,BID
1445129150,1798.9,0.3759,BID
1445129151,1798.89,0.1504,BID
1445129151,1798.9,0.4055,BID
1445129153,1798.89,0.0216,BID
1445129153,1798.9,0.5343,BID
1445129154,1798.89,0.025,BID
1445129154,1798.9,0.1254,BID
1445129154,1798.9,0.1504,BID
1445129155,1798.9,0.5559,BID
1445129155,1798.9,0.5559,BID
1445129156,1798.9,2.7299,BID
1445129157,1798.9,0.5559,BID
1445129158,1798.9,0.5559,BID
1445129159,1798.9,0.5559,BID
1445129159,1798.9,0.6,BID
1445129159,1798.9,0.5559,BID
1445129160,1798.89,0.4,BID
1445129160,1798.9,0.1559,BID
1445129161,1798.9,0.5559,BID
1445129161,1798.9,0.0378,BID
1445129161,1798.9,0.5,BID
1445129162,1798.9,0.156,BID
1445129162,1798.9,0.5559,BID
1445129162,1798.9,0.5559,BID
1445129162,1798.9,0.01,BID
1445129163,1798.9,0.5559,BID
1445129163,1798.9,0.5559,BID
1445129164,1798.9,0.5559,BID
1445129164,1798.9,0.5559,BID
1445129165,1798.9,0.5,BID
1445129165,1798.9,0.278,BID
1445129165,1798.9,0.5559,BID
1445129165,1798.9,0.278,BID
1445129165,1798.9,0.01,BID
1445129166,1798.9,0.2501,BID
1445129178,1799.24,0.142,BID
1445129182,1799.25,0.1971,ASK
1445129183,1799.16,0.01,ASK
1445129185,1799.24,0.0697,BID
1445129186,1799.24,0.1274,BID
1445129186,1799.25,0.0188,BID
1445129192,1799.25,0.0509,ASK
1445129192,1799.25,0.1971,ASK
1445129192,1799.25,0.1971,ASK
1445129192,1799.25,0.008,ASK
1445129192,1799.17,0.06,ASK
1445129198,1799.12,0.06,BID
1445129198,1799.15,5.075,BID
1445129210,1799.14,0.01,BID
1445129213,1799.14,0.01,BID
1445129213,1799.14,0.2,BID
1445129213,1799.15,0.371,BID
1445129214,1799.15,0.22,BID
1445129224,1799.15,0.01,BID
1445129227,1799.13,0.06,ASK
1445129227,1799.13,0.06,ASK
1445129228,1799.13,0.225,BID
1445129228,1799.15,0.175,BID
1445129229,1799.12,0.12,BID
1445129229,1799.12,0.12,BID
1445129229,1799.15,0.3158,BID
1445129234,1799.13,0.01,ASK
1445129238,1799.13,0.01,BID
1445129239,1799.13,0.15,BID
1445129239,1799.13,0.15,BID
1445129239,1799.13,0.15,BID
1445129239,1799.13,0.129,BID
1445129239,1799.13,0.15,BID
1445129239,1799.13,0.173,BID
1445129239,1799.13,0.15,BID
1445129240,1799.13,0.5558,BID
1445129240,1799.13,0.5558,BID
1445129241,1799.13,0.5558,BID
1445129241,1799.13,0.0731,BID
1445129241,1799.13,0.5,BID
1445129242,1799.13,0.5558,BID
1445129242,1799.13,0.4489,BID
1445129246,1799.15,0.301,BID
1445129246,1799.15,0.301,BID
1445129246,1799.15,0.0069,BID
1445129247,1799.15,0.5558,BID
1445129247,1799.15,0.5558,BID
1445129247,1799.15,0.01,BID
1445129248,1799.15,0.2092,BID
1445129248,1799.15,0.01,BID
1445129248,1799.15,0.5558,BID
1445129249,1799.15,0.5558,BID
1445129249,1799.15,0.6255,BID
1445129250,1799.15,2.0,BID
1445129250,1799.15,0.5558,BID
1445129250,1799.15,3.0,BID
1445129250,1799.15,3.0,BID
1445129250,1799.15,1.017,BID
1445129250,1799.15,0.0605,BID
1445129251,1799.24,0.4451,BID
1445129251,1799.27,0.014,BID
1445129258,1799.59,0.01,ASK
1445129262,1799.59,0.01,ASK
1445129270,1800.0,1.16,BID
1445129270,1800.0,1.0,BID
1445129270,1800.0,1.0,BID
1445129270,1800.0,0.5,BID
1445129270,1800.0,0.4179,BID
1445129270,1800.0,0.01,BID
1445129271,1800.0,0.4,BID
1445129271,1800.0,0.916,BID
1445129272,1800.0,0.391,BID
1445129272,1800.0,0.101,BID
1445129272,1800.0,0.5409,BID
1445129272,1799.99,2.0,BID
1445129272,1799.99,9.0,BID
1445129272,1799.99,6.565,BID
1445129273,1800.0,0.048,BID
1445129273,1800.0,0.01,BID
1445129273,1800.0,0.17,BID
1445129273,1800.0,0.703,BID
1445129273,1800.0,0.01,BID
1445129273,1800.0,5.5999,BID
1445129274,1800.0,0.0223,BID
1445129274,1800.0,0.2777,BID
1445129274,1800.0,0.5,BID
1445129275,1800.0,1.18,BID
1445129275,1799.64,0.0835,ASK
1445129275,1799.63,1.67,ASK
1445129275,1799.59,0.506,BID
1445129275,1799.59,0.02,BID
1445129276,1799.59,0.406,BID
1445129276,1799.59,0.44,BID
1445129276,1799.59,0.374,BID
1445129276,1799.59,0.1,BID
1445129276,1799.59,0.0835,BID
1445129276,1799.59,0.01,BID
1445129277,1799.59,0.5,BID
1445129277,1799.59,0.5557,BID
1445129277,1799.59,1.049,BID
1445129277,1799.59,0.15,BID
1445129277,1799.41,1.0,BID
1445129277,1799.41,4.003,BID
1445129278,1799.59,0.772,BID
1445129278,1799.59,3.0,BID
1445129278,1799.59,2.0,BID
1445129278,1799.59,2.755,BID
1445129278,1799.59,0.403,BID
1445129278,1799.59,1.191,BID
1445129278,1799.59,0.5557,BID
1445129278,1799.59,0.15,BID
1445129279,1799.59,1.18,BID
1445129279,1799.59,0.5557,BID
1445129279,1799.59,0.5557,BID
1445129280,1799.58,0.01,BID
1445129281,1799.58,0.0735,BID
1445129281,1799.58,0.0835,BID
1445129281,1799.58,0.02,BID
1445129281,1799.59,0.9342,BID
1445129281,1800.0,0.5,BID
1445129282,1800.0,0.6,BID
1445129284,1800.0,1.18,BID
1445129285,1800.0,0.1,BID
1445129286,1800.0,0.2,BID
1445129297,1799.62,0.06,ASK
1445129297,1799.61,0.0278,ASK
1445129297,1799.61,0.0225,ASK
1445129297,1799.6,0.0837,ASK
1445129302,1799.95,0.01,BID
1445129303,1799.96,0.06,ASK
1445129305,1799.99,0.0278,BID
1445129305,1799.99,0.0225,BID
1445129306,1800.0,0.01,BID
1445129306,1800.0,0.0503,BID
1445129307,1800.0,0.01,BID
1445129307,1800.0,0.172,BID
1445129307,1800.0,1.788,BID
1445129307,1800.0,0.3178,BID
1445129307,1800.0,0.6822,BID
1445129308,1800.0,0.2427,BID
1445129308,1800.14,0.0383,BID
1445129309,1800.22,0.9617,ASK
1445129309,1800.22,0.1,ASK
1445129309,1800.01,2.7573,ASK
1445129309,1800.01,3.0,ASK
1445129309,1800.01,2.81,ASK
1445129309,1800.01,3.273,ASK
1445129309,1800.01,2.0,ASK
1445129309,1800.01,1.264,ASK
1445129310,1800.0,0.246,BID
1445129310,1800.0,0.01,BID
1445129310,1800.0,0.243,BID
1445129310,1800.0,1.02,BID
1445129310,1800.0,0.194,BID
1445129311,1800.0,0.2427,BID
1445129312,1800.0,0.01,BID
1445129313,1800.0,0.329,BID
1445129313,1800.0,0.1,BID
1445129313,1800.0,0.5,BID
1445129314,1799.99,2.0,BID
1445129314,1799.99,8.0,BID
1445129314,1799.99,12.284,BID
1445129314,1800.0,0.01,BID
1445129315,1799.9,0.04,ASK
1445129315,1800.0,0.01,BID
1445129316,1800.0,0.01,BID
1445129317,1800.0,0.01,BID
1445129318,1800.0,2.971,BID
1445129318,1800.0,1.034,BID
1445129319,1800.0,0.683,BID
1445129319,1800.0,1.031,BID
1445129319,1800.0,1.0,BID
1445129321,1800.0,0.25,BID
1445129322,1800.0,0.02,BID
1445129323,1800.0,0.01,BID
1445129323,1800.0,0.303,BID
1445129325,1800.0,0.148,BID
1445129325,1800.0,0.148,BID
1445129325,1800.0,0.028,BID
1445129325,1800.0,0.148,BID
1445129325,1800.0,0.5991,BID
1445129325,1799.66,0.036,ASK
1445129325,1799.66,0.02,ASK
1445129325,1799.65,0.4,ASK
1445129325,1799.63,0.1937,ASK
1445129325,1799.62,0.0464,ASK
1445129325,1799.61,0.0061,ASK
1445129325,1799.6,0.472,ASK
1445129325,1799.59,1.263,BID
1445129325,1799.59,0.0236,BID
1445129325,1799.59,2.366,BID
1445129326,1799.59,0.5,BID
1445129326,1799.59,1.744,BID
1445129326,1799.59,0.2,BID
1445129326,1799.59,0.01,BID
1445129326,1799.59,0.821,BID
1445129327,1799.59,1.0,BID
1445129327,1799.59,0.821,BID
1445129327,1799.59,0.821,BID
1445129327,1799.59,0.2,BID
1445129327,1799.59,0.821,BID
1445129327,1799.59,0.821,BID
1445129327,1799.59,0.01,BID
1445129327,1799.59,1.0,BID
1445129327,1799.59,3.0,BID
1445129327,1799.59,0.193,BID
1445129327,1799.59,0.5,BID
1445129327,1799.59,0.06,BID
1445129328,1799.59,0.5,BID
1445129328,1799.59,0.2,BID
1445129328,1799.59,0.828,BID
1445129328,1799.59,3.672,BID
1445129328,1799.59,0.06,BID
1445129328,1799.59,2.746,BID
1445129328,1799.59,2.746,BID
1445129329,1799.59,1.563,BID
1445129330,1799.59,0.75,BID
1445129330,1799.59,0.2262,BID
1445129330,1799.99,0.0236,BID
1445129330,1799.99,0.02,BID
1445129330,1800.0,0.4564,BID
1445129330,1800.0,0.01,BID
1445129330,1800.0,0.47,BID
1445129331,1800.0,0.01,BID
1445129331,1800.0,0.1,BID
1445129332,1800.0,0.01,BID
1445129332,1800.0,0.282,BID
1445129333,1799.94,0.1816,ASK
1445129334,1800.0,0.1878,BID
1445129334,1800.3,0.0763,BID
1445129337,1800.39,0.1115,ASK
1445129337,1800.34,0.0529,ASK
1445129337,1800.2,0.02,BID
1445129345,1799.72,0.165,ASK
1445129347,1799.72,0.0264,ASK
1445129347,1799.71,0.025,ASK
1445129347,1799.7,0.4836,ASK
1445129348,1799.71,0.025,BID
1445129350,1799.7,0.0164,ASK
1445129350,1799.68,0.09,ASK
1445129350,1799.64,0.01,ASK
1445129350,1799.63,0.2,ASK
1445129350,1799.63,0.01,ASK
1445129350,1799.62,0.2,ASK
1445129351,1799.51,0.01,BID
1445129352,1799.51,0.0573,BID
1445129354,1799.32,0.4,ASK
1445129354,1799.32,0.02,ASK
1445129354,1799.31,0.4,ASK
1445129354,1799.3,0.0738,ASK
1445129354,1799.17,0.0803,ASK
1445129354,1799.16,0.5,ASK
1445129354,1799.16,0.5,ASK
1445129354,1799.16,0.05,ASK
1445129354,1799.16,0.5558,ASK
1445129354,1799.14,0.1069,ASK
1445129354,1799.14,0.5558,ASK
1445129354,1799.0,0.2499,ASK
1445129354,1799.0,1.0,ASK
1445129354,1798.91,0.5559,ASK
1445129354,1798.91,0.5559,ASK
1445129354,1798.66,0.045,ASK
1445129354,1798.5,0.1787,ASK
1445129354,1798.36,0.113,ASK
1445129354,1798.36,0.113,ASK
1445129354,1798.29,0.113,ASK
1445129354,1798.27,0.113,ASK
1445129354,1798.11,0.1,ASK
1445129354,1798.06,0.45,ASK
1445129354,1797.73,0.0375,ASK
1445129354,1797.21,0.113,ASK
1445129354,1797.05,0.1,ASK
1445129354,1797.03,0.113,ASK
1445129354,1797.03,0.113,ASK
1445129354,1797.03,0.113,ASK
1445129354,1797.01,0.001,ASK
1445129354,1797.01,0.3667,ASK
1445129354,1796.96,0.8012,ASK
1445129354,1796.87,0.1,ASK
1445129354,1796.81,8.0712,ASK
1445129354,1796.8,0.008,ASK
1445129354,1796.51,0.001,ASK
1445129354,1796.23,0.1,ASK
1445129354,1795.27,0.0038,ASK
1445129354,1795.26,0.2634,ASK
1445129356,1799.6,17.859,ASK
1445129359,1797.89,0.84,ASK
1445129370,1798.56,0.001,ASK
1445129372,1798.56,0.001,ASK
1445129386,1798.58,0.01,ASK
1445129403,1798.72,0.0169,BID
1445129408,1798.58,0.01,ASK
1445129410,1798.72,0.0815,ASK
1445129412,1798.58,0.1,ASK
1445129413,1798.58,0.0505,ASK
1445129413,1798.57,0.1,ASK
1445129413,1798.57,0.0798,ASK
1445129415,1798.56,0.053,ASK
1445129416,1798.56,0.0849,ASK
1445129416,1798.55,0.116,ASK
1445129428,1797.95,0.0312,BID
1445129431,1797.95,0.0288,BID
1445129431,1797.97,0.1,BID
1445129431,1797.98,0.0292,ASK
1445129432,1797.94,0.0002,BID
1445129435,1798.48,0.01,BID
1445129435,1798.48,0.01,BID
1445129435,1798.49,0.39,BID
1445129435,1798.49,0.01,BID
1445129435,1798.5,0.4,BID
1445129435,1798.5,0.02,BID
1445129435,1798.51,0.4,BID
1445129435,1798.53,0.1385,BID
1445129435,1798.53,0.1021,BID
1445129435,1798.55,0.0219,BID
1445129435,1798.55,0.1379,BID
1445129435,1798.57,0.0707,BID
1445129435,1798.57,0.1505,BID
1445129435,1798.71,0.0176,BID
1445129435,1799.03,0.1612,BID
1445129435,1798.55,0.0142,ASK
1445129436,1798.55,0.06,ASK
1445129437,1798.55,0.0251,ASK
1445129437,1799.03,0.01,BID
1445129438,1799.02,7.0,BID
1445129438,1799.02,11.299,BID
1445129444,1799.03,0.268,BID
1445129446,1799.03,0.0608,BID
1445129446,1799.05,0.0392,BID
1445129446,1799.05,0.01,BID
1445129447,1799.05,0.0188,BID
1445129452,1799.02,0.0813,BID
1445129452,1799.05,0.0369,BID
1445129452,1799.06,0.001,BID
1445129452,1799.1,0.0978,BID
1445129452,1799.1,0.0325,BID
1445129452,1799.5,0.0488,BID
1445129453,1799.5,0.0813,BID
1445129453,1799.5,0.0813,BID
1445129454,1799.5,0.01,BID
1445129456,1799.5,0.036,BID
1445129457,1799.5,0.0097,BID
1445129457,1799.5,0.1329,BID
1445129457,1799.56,0.001,BID
1445129457,1799.62,0.0547,BID
1445129458,1799.38,0.0154,ASK
1445129458,1799.12,0.0129,ASK
1445129458,1799.01,0.0294,BID
1445129459,1799.01,0.0733,BID
1445129459,1799.62,0.249,BID
1445129459,1799.62,0.417,BID
1445129459,1799.61,0.0129,BID
1445129459,1799.62,0.0381,BID
1445129460,1799.62,0.0733,BID
1445129460,1799.61,11.0,BID
1445129460,1799.61,3.031,BID
1445129462,1799.61,0.0294,BID
1445129462,1799.62,0.4706,BID
1445129463,1799.62,0.0294,BID
1445129464,1799.62,0.0112,BID
1445129464,1799.62,0.0294,BID
1445129464,1799.62,0.016,BID
1445129465,1799.62,1.0,BID
1445129465,1799.62,0.0294,BID
1445129466,1799.62,0.5,BID
1445129466,1799.62,0.587,BID
1445129466,1799.62,0.016,BID
1445129466,1799.62,0.1,BID
1445129466,1799.62,0.5557,BID
1445129467,1799.62,0.017,BID
1445129467,1799.62,0.5,BID
1445129468,1799.62,0.59,BID
1445129468,1799.62,0.161,BID
1445129468,1799.62,0.59,BID
1445129468,1799.62,0.59,BID
1445129468,1799.62,0.0014,BID
1445129468,1799.62,0.569,BID
1445129469,1799.62,0.1,BID
1445129469,1799.62,0.59,BID
1445129469,1799.62,0.01,BID
1445129469,1799.62,0.59,BID
1445129469,1799.62,0.2406,BID
1445129469,1799.62,0.5,BID
1445129469,1799.62,0.101,BID
1445129469,1799.62,0.149,BID
1445129470,1799.6,0.1617,BID
1445129470,1799.62,0.0383,BID
1445129470,1799.62,0.2,BID
1445129470,1799.62,0.445,BID
1445129470,1799.62,1.0,BID
1445129470,1799.62,0.2,BID
1445129470,1799.62,0.159,BID
1445129470,1799.62,0.0014,BID
1445129470,1799.62,0.05,BID
1445129471,1799.62,1.0,BID
1445129471,1799.62,1.0,BID
1445129471,1799.62,0.18,BID
1445129471,1799.62,0.15,BID
1445129472,1799.62,0.136,BID
1445129472,1799.62,0.253,BID
1445129472,1799.62,0.1617,BID
1445129472,1799.62,0.59,BID
1445129472,1799.62,0.0014,BID
1445129472,1799.62,0.793,BID
1445129472,1799.62,0.5,BID
1445129473,1799.62,0.56,BID
1445129473,1799.62,0.2,BID
1445129474,1799.62,0.0014,BID
1445129474,1799.62,0.14,BID
1445129474,1799.62,0.02,BID
1445129476,1799.62,0.0014,BID
1445129476,1799.62,0.5,BID
1445129477,1799.62,0.8,BID
1445129477,1799.62,0.1,BID
1445129477,1799.62,1.0,BID
1445129478,1799.62,0.2,BID
1445129478,1799.62,0.0014,BID
1445129478,1799.62,0.925,BID
1445129478,1799.62,3.9398,BID
1445129478,1799.99,0.024,BID
1445129478,1800.0,0.1921,BID
1445129478,1800.0,11.9539,BID
1445129479,1800.0,0.5,BID
1445129479,1800.0,0.1,BID
1445129483,1800.0,0.5,BID
1445129483,1800.0,0.011,BID
1445129485,1800.0,0.1,BID
1445129486,1800.0,0.5,BID
1445129487,1800.0,0.1,BID
1445129487,1800.0,0.0014,BID
1445129487,1800.0,0.01,BID
1445129488,1800.0,0.137,BID
1445129488,1800.0,0.137,BID
1445129488,1799.98,0.008,ASK
1445129489,1800.0,0.1,BID
1445129489,1800.0,0.872,BID
1445129490,1800.0,0.5,BID
1445129490,1800.0,0.0014,BID
1445129490,1800.0,0.01,BID
1445129491,1800.0,0.1,BID
1445129491,1800.0,0.0096,BID
1445129492,1800.0,1.0,BID
1445129492,1800.0,0.0014,BID
1445129492,1800.0,0.026,BID
1445129494,1800.0,0.524,BID
1445129496,1800.0,0.01,BID
1445129497,1800.0,0.234,BID
1445129498,1800.0,0.0014,BID
1445129502,1800.0,0.1,BID
1445129513,1800.0,0.01,BID
1445129518,1799.98,0.002,ASK
1445129518,1799.98,1.9,BID
1445129525,1799.98,0.1,BID
1445129526,1799.98,0.01,BID
1445129531,1799.98,0.01,BID
1445129534,1799.97,0.0109,BID
1445129534,1799.98,0.0361,BID
1445129538,1799.98,0.02,BID
1445129538,1799.98,0.5,BID
1445129538,1799.98,0.011,BID
1445129539,1799.98,0.01,BID
1445129539,1799.98,0.102,BID
1445129540,1799.98,0.1,BID
1445129541,1799.98,1.1387,BID
1445129542,1800.0,0.5,BID
1445129543,1800.0,0.278,BID
1445129543,1800.0,0.1,BID
1445129544,1800.0,0.545,BID
1445129545,1799.98,0.1602,ASK
1445129545,1800.0,0.1,BID
1445129546,1800.0,0.5,BID
1445129546,1799.98,0.65,ASK
1445129546,1800.0,0.208,BID
1445129547,1799.99,0.0851,ASK
1445129547,1799.98,0.5649,ASK
1445129547,1799.98,0.4862,ASK
1445129548,1799.97,0.1,BID
1445129548,1799.97,0.01,BID
1445129548,1799.97,0.0538,BID
1445129548,1800.0,0.5162,BID
1445129548,1799.97,0.5,BID
1445129549,1799.97,0.15,BID
1445129549,1800.0,0.35,BID
1445129549,1800.0,0.5556,BID
1445129549,1800.0,0.5556,BID
1445129550,1800.0,0.15,BID
1445129550,1800.0,1.0,BID
1445129550,1800.0,0.5,BID
1445129550,1800.0,0.16,BID
1445129551,1800.0,0.8,BID
1445129551,1800.0,0.2,BID
1445129551,1800.0,0.5,BID
1445129552,1800.0,0.999,BID
1445129552,1800.0,0.2483,BID
1445129552,1800.0,0.7517,BID
1445129552,1800.0,0.5,BID
1445129553,1800.0,0.3,BID
1445129553,1800.0,0.1,BID
1445129553,1800.0,0.5556,BID
1445129553,1800.0,0.5556,BID
1445129553,1800.0,0.1,BID
1445129554,1800.0,0.5,BID
1445129554,1800.0,0.293,BID
1445129554,1800.0,0.8,BID
1445129555,1800.0,0.2,BID
1445129555,1800.0,0.06,BID
1445129555,1799.99,0.0526,BID
1445129555,1800.0,0.2574,BID
1445129555,1800.0,0.193,BID
1445129556,1800.0,0.01,BID
1445129556,1800.0,0.591,BID
1445129556,1800.0,0.021,BID
1445129556,1800.0,0.183,BID
1445129556,1800.0,0.5,BID
1445129556,1799.98,0.02,ASK
1445129556,1799.98,0.01,ASK
1445129557,1799.98,0.07,BID
1445129557,1800.0,0.042,BID
1445129557,1800.0,0.2,BID
1445129557,1800.0,0.479,BID
1445129557,1800.0,0.2,BID
1445129557,1800.0,0.5,BID
1445129557,1800.0,0.5,BID
1445129557,1800.0,0.5,BID
1445129557,1800.0,0.5,BID
1445129558,1800.0,0.04,BID
1445129559,1800.0,0.1,BID
1445129559,1800.0,0.4677,BID
1445129559,1800.0,0.5323,BID
1445129559,1800.0,0.1,BID
1445129559,1800.0,0.3517,BID
