timestamp,price,amount,side
1444348792,1565.39,0.01,BID
1444348792,1565.39,0.001,BID
1444348795,1565.25,0.01,ASK
1444348808,1565.26,0.0998,ASK
1444348809,1565.26,0.0991,ASK
1444348810,1565.26,0.001,ASK
1444348813,1565.37,0.001,BID
1444348831,1565.27,0.001,ASK
1444348835,1565.27,0.0998,ASK
1444348836,1565.36,0.001,BID
1444348836,1565.37,0.1401,BID
1444348836,1565.37,0.0135,BID
1444348836,1565.38,0.2701,BID
1444348836,1565.39,0.0166,BID
1444348836,1565.4,0.2269,BID
1444348836,1565.4,0.105,BID
1444348836,1565.41,0.0101,BID
1444348837,1565.41,0.0135,ASK
1444348838,1565.41,0.1408,ASK
1444348839,1565.41,0.545,ASK
1444348840,1565.41,0.118,ASK
1444348840,1565.41,0.118,ASK
1444348841,1565.41,0.375,ASK
1444348846,1565.42,0.001,BID
1444348847,1565.44,5.735,BID
1444348848,1565.42,0.566,ASK
1444348850,1565.42,0.8,ASK
1444348853,1565.41,0.8064,ASK
1444348854,1565.39,0.001,BID
1444348857,1565.28,0.0019,ASK
1444348873,1565.39,0.001,BID
1444348879,1565.3,0.001,ASK
1444348883,1565.3,0.032,ASK
1444348883,1565.29,0.072,ASK
1444348886,1565.3,0.0294,ASK
1444348886,1565.29,0.1874,ASK
1444348887,1565.29,0.0998,ASK
1444348900,1565.3,0.001,ASK
1444348901,1565.3,0.014,ASK
1444348908,1565.3,0.015,ASK
1444348908,1565.29,0.0064,ASK
1444348908,1565.29,0.0765,ASK
1444348909,1565.29,0.17,ASK
1444348914,1565.36,0.001,BID
1444348916,1565.29,0.0479,ASK
1444348917,1565.28,0.0155,ASK
1444348917,1565.27,0.0345,ASK
1444348918,1565.27,0.0058,ASK
1444348918,1565.27,0.1222,ASK
1444348920,1565.28,0.0113,ASK
1444348920,1565.27,0.112,ASK
1444348922,1565.27,0.0013,ASK
1444348924,1565.27,0.0013,ASK
1444348925,1565.27,0.0333,ASK
1444348925,1565.26,0.0957,ASK
1444348926,1565.26,0.0013,ASK
1444348934,1565.28,0.001,BID
1444348945,1565.26,0.0013,ASK
1444348946,1565.26,0.0998,ASK
1444348946,1565.29,0.004,BID
1444348948,1565.26,0.0013,ASK
1444348950,1565.26,0.0027,ASK
1444348950,1565.26,0.0013,ASK
1444348953,1565.27,0.001,ASK
1444348953,1565.26,0.0003,ASK
1444348954,1565.29,0.004,BID
1444348974,1565.26,0.001,ASK
1444348974,1565.26,0.0896,ASK
1444348974,1565.26,0.0102,ASK
1444348974,1565.29,0.001,BID
1444348994,1565.26,0.001,BID
1444348995,1565.25,0.001,ASK
1444349001,1565.25,0.094,ASK
1444349001,1565.25,0.0058,ASK
1444349011,1565.25,0.0013,ASK
1444349013,1565.25,0.0013,ASK
1444349015,1565.25,0.0013,ASK
1444349017,1565.26,0.004,BID
1444349020,1565.25,0.0013,ASK
1444349020,1565.25,0.001,ASK
1444349022,1565.25,0.0013,ASK
1444349024,1565.25,0.0013,ASK
1444349026,1565.25,0.0998,ASK
1444349028,1565.26,0.003,BID
1444349030,1565.25,0.0013,ASK
1444349033,1565.25,0.0013,ASK
1444349035,1565.26,0.001,BID
1444349035,1565.25,0.0013,ASK
1444349037,1565.26,0.004,BID
1444349039,1565.25,0.0013,ASK
1444349041,1565.25,0.0013,ASK
1444349044,1565.25,0.0013,ASK
1444349045,1565.26,0.004,BID
1444349046,1565.25,0.001,ASK
1444349048,1565.25,0.0013,ASK
1444349050,1565.25,0.0013,ASK
1444349052,1565.25,0.0013,ASK
1444349053,1565.25,0.0998,ASK
1444349054,1565.26,0.004,BID
1444349054,1565.26,0.001,BID
1444349055,1565.26,0.01,BID
1444349056,1565.25,0.001,ASK
1444349057,1565.21,0.001,ASK
1444349071,1565.21,0.0013,ASK
1444349078,1565.21,0.0998,ASK
1444349078,1565.25,0.001,BID
1444349093,1565.21,0.0013,ASK
1444349095,1565.24,0.001,BID
1444349099,1565.24,0.004,BID
1444349103,1565.21,0.0366,ASK
1444349103,1565.2,0.0044,ASK
1444349108,1565.19,0.001,BID
1444349123,1565.18,0.0013,ASK
1444349132,1565.18,0.0013,ASK
1444349133,1565.18,0.0525,ASK
1444349141,1565.18,0.0019,BID
1444349141,1565.18,0.01,BID
1444349143,1565.18,0.01,BID
1444349159,1565.17,0.054,ASK
1444349159,1565.17,0.04,ASK
1444349166,1565.16,0.001,BID
1444349186,1565.07,0.001,ASK
1444349186,1565.02,0.0705,ASK
1444349188,1565.02,0.01,BID
1444349190,1565.02,0.0027,BID
1444349190,1565.02,0.01,BID
1444349192,1565.02,0.0056,BID
1444349207,1565.01,0.035,ASK
1444349207,1564.93,0.001,ASK
1444349207,1564.89,0.06,ASK
1444349207,1564.77,0.6946,ASK
1444349208,1564.77,0.015,ASK
1444349208,1564.77,0.2743,ASK
1444349212,1564.7,0.001,ASK
1444349212,1564.69,0.0003,BID
1444349212,1564.76,0.0007,BID
1444349216,1564.76,0.004,ASK
1444349230,1564.42,0.061,ASK
1444349233,1564.43,0.11,ASK
1444349237,1564.42,0.0013,ASK
1444349238,1564.46,0.001,BID
1444349238,1564.42,0.035,ASK
1444349239,1564.42,0.0546,ASK
1444349239,1564.42,0.0013,ASK
1444349240,1564.42,0.0126,ASK
1444349240,1564.41,0.0474,ASK
1444349245,1564.41,0.0259,ASK
1444349245,1564.4,0.0001,ASK
1444349247,1564.4,0.026,ASK
1444349248,1564.4,0.026,ASK
1444349249,1564.4,0.0013,ASK
1444349249,1564.4,0.099,ASK
1444349251,1564.4,0.083,ASK
1444349251,1564.39,0.001,ASK
1444349251,1564.39,0.004,BID
1444349257,1564.36,0.01,ASK
1444349258,1564.36,0.159,ASK
1444349258,1564.36,0.1,ASK
1444349259,1564.36,0.0013,ASK
1444349261,1564.42,0.001,BID
1444349269,1564.36,0.0998,ASK
1444349271,1564.36,0.0013,ASK
1444349273,1564.36,0.14,ASK
1444349273,1564.36,0.14,ASK
1444349274,1564.36,0.14,ASK
1444349274,1564.36,0.0013,ASK
1444349277,1564.42,0.003,BID
1444349279,1564.36,0.0013,ASK
1444349287,1564.39,0.001,ASK
1444349287,1564.36,0.0003,ASK
1444349289,1564.36,0.0013,ASK
1444349290,1564.39,0.004,BID
1444349293,1564.36,0.0013,ASK
1444349295,1564.36,0.0013,ASK
1444349297,1564.36,0.0218,ASK
1444349297,1564.36,0.001,ASK
1444349297,1564.36,0.001,ASK
1444349304,1564.28,0.001,BID
1444349305,1564.26,0.001,ASK
1444349305,1564.24,0.0003,ASK
1444349307,1564.28,0.004,BID
1444349318,1564.28,0.071,BID
1444349318,1564.38,0.0229,BID
1444349318,1564.38,0.0541,BID
1444349318,1564.39,0.148,BID
1444349321,1564.38,0.0716,BID
1444349321,1564.39,0.0793,BID
1444349321,1564.39,0.165,BID
1444349322,1564.39,0.6392,BID
1444349325,1564.36,0.071,ASK
1444349325,1564.29,0.0288,ASK
1444349328,1564.35,0.071,BID
1444349328,1564.38,0.0235,BID
1444349328,1564.39,0.3355,BID
1444349328,1564.39,0.5,BID
1444349328,1564.4,1.65,BID
1444349345,1564.4,2.522,BID
1444349346,1564.4,0.6392,BID
1444349347,1564.4,0.4706,BID
1444349347,1564.4,0.1686,BID
1444349347,1564.4,0.01,BID
1444349348,1564.4,0.8,BID
1444349348,1564.4,0.6392,BID
1444349349,1564.4,0.6392,BID
1444349350,1564.4,0.6392,BID
1444349351,1564.4,0.6392,BID
1444349352,1564.4,0.01,BID
1444349352,1564.4,0.6392,BID
1444349353,1564.4,0.6392,BID
1444349354,1564.4,0.5512,BID
1444349355,1564.41,0.088,ASK
1444349355,1564.37,0.0118,ASK
1444349355,1564.41,0.261,ASK
1444349356,1564.41,0.291,ASK
1444349357,1564.41,0.0872,ASK
1444349359,1564.4,0.0008,BID
1444349359,1564.4,0.0002,BID
1444349363,1564.38,0.02,ASK
1444349371,1564.38,0.4,ASK
1444349385,1564.4,0.001,BID
1444349385,1564.38,0.08,ASK
1444349385,1564.38,0.0198,ASK
1444349386,1564.38,0.4802,ASK
1444349386,1564.37,0.0998,ASK
1444349387,1564.37,0.58,ASK
1444349387,1564.4,0.01,BID
1444349406,1564.4,0.002,BID
1444349409,1564.37,0.02,ASK
1444349410,1564.37,0.0998,ASK
1444349411,1564.37,0.5971,ASK
1444349411,1564.36,0.0529,ASK
1444349412,1564.36,0.0181,ASK
1444349412,1564.36,0.001,ASK
1444349415,1564.29,0.0462,ASK
1444349415,1564.24,0.1397,ASK
1444349415,1564.21,0.001,ASK
1444349415,1564.2,0.004,ASK
1444349415,1564.07,2.1093,ASK
1444349430,1564.35,0.0013,BID
1444349436,1564.35,0.01,BID
1444349438,1564.32,0.001,ASK
1444349438,1564.09,0.0988,ASK
1444349439,1564.31,0.01,BID
1444349439,1564.34,13.0,BID
1444349439,1564.34,3.06,BID
1444349443,1564.35,0.3142,BID
1444349447,1564.34,0.1418,BID
1444349447,1564.34,0.3102,BID
1444349449,1564.34,0.01,BID
1444349450,1564.34,0.0442,BID
1444349450,1564.34,0.06,BID
1444349450,1564.35,0.0044,BID
1444349450,1564.36,0.6309,BID
1444349450,1564.4,0.365,BID
1444349450,1564.42,0.0958,BID
1444349452,1564.5,0.1293,ASK
1444349461,1564.5,0.08,ASK
1444349462,1564.5,0.5904,ASK
1444349472,1564.36,0.1,ASK
1444349482,1564.37,0.0103,ASK
1444349482,1564.36,0.0409,ASK
1444349482,1564.36,0.1654,ASK
1444349482,1564.35,0.1134,ASK
1444349489,1564.35,0.0008,ASK
1444349489,1564.32,0.0005,BID
1444349489,1564.45,0.0103,BID
1444349489,1564.46,0.2444,BID
1444349489,1564.47,0.1409,BID
1444349489,1564.47,0.1654,BID
1444349489,1564.49,0.0596,BID
1444349489,1564.49,0.3789,BID
1444349491,1564.28,16.0,BID
1444349491,1564.28,2.404,BID
1444349492,1564.27,0.001,ASK
1444349492,1564.16,0.06,ASK
1444349492,1564.11,0.001,ASK
1444349492,1564.11,0.0182,ASK
1444349492,1564.1,0.3638,ASK
1444349497,1564.28,0.0113,ASK
1444349501,1564.28,0.06,ASK
1444349502,1564.28,0.1557,ASK
1444349508,1564.26,0.001,BID
1444349508,1564.26,0.01,BID
1444349509,1564.26,0.0026,BID
1444349509,1564.27,0.06,BID
1444349509,1564.27,0.2157,BID
1444349509,1564.41,0.2777,BID
1444349509,1564.43,0.011,BID
1444349519,1564.25,0.01,BID
1444349521,1564.25,0.01,BID
1444349521,1564.22,0.001,ASK
1444349521,1564.18,0.0111,ASK
1444349521,1564.17,0.0877,ASK
1444349525,1564.25,0.01,BID
1444349527,1564.25,0.01,BID
1444349543,1564.22,0.001,ASK
1444349544,1564.16,0.01,ASK
1444349545,1564.22,0.01,BID
1444349547,1564.16,0.0998,ASK
1444349548,1564.22,0.01,ASK
1444349548,1564.16,0.0618,ASK
1444349548,1564.15,0.0898,ASK
1444349549,1564.15,0.0102,ASK
1444349550,1564.11,0.1,ASK
1444349550,1564.15,0.01,BID
1444349552,1564.15,0.01,BID
1444349552,1564.15,0.1314,BID
1444349552,1564.25,0.1316,BID
1444349555,1564.3,0.0763,ASK
1444349555,1564.3,0.01,ASK
1444349556,1564.3,0.65,ASK
1444349557,1564.31,0.116,ASK
1444349557,1564.3,0.0007,ASK
1444349560,1564.25,0.0011,ASK
1444349560,1564.16,0.0989,ASK
1444349560,1564.28,0.0157,BID
1444349560,1564.29,0.1944,BID
1444349569,1564.28,0.01,BID
1444349570,1564.28,0.1071,BID
1444349570,1564.28,0.1574,BID
1444349570,1564.29,0.3389,BID
1444349572,1564.35,14.763,BID
1444349576,1564.3,0.396,ASK
1444349577,1564.3,0.0006,ASK
1444349577,1564.29,0.0994,ASK
1444349577,1564.29,0.0208,ASK
1444349577,1564.29,0.1543,ASK
1444349580,1564.21,0.001,ASK
1444349580,1564.17,0.1574,ASK
1444349580,1564.16,0.0525,ASK
1444349580,1564.11,0.1777,ASK
1444349580,1564.1,0.0006,ASK
1444349580,1564.08,0.181,ASK
1444349580,1564.07,4.7183,ASK
1444349585,1564.27,0.0198,BID
1444349585,1564.28,0.396,BID
1444349585,1564.28,0.0121,BID
1444349585,1564.29,0.2423,BID
1444349588,1564.3,0.329,ASK
1444349589,1564.3,0.0008,ASK
1444349589,1564.25,0.0972,ASK
1444349592,1564.25,0.0428,ASK
1444349592,1564.25,0.7212,ASK
1444349596,1564.25,0.44,ASK
1444349598,1564.28,0.001,BID
1444349598,1564.26,0.0181,ASK
1444349598,1564.25,0.3929,ASK
1444349604,1564.28,0.0155,BID
1444349604,1564.29,0.3298,BID
1444349604,1564.3,0.0998,ASK
1444349607,1564.3,0.348,ASK
1444349608,1564.3,0.2069,ASK
1444349614,1564.26,0.01,ASK
1444349632,1564.26,0.016,ASK
1444349632,1564.25,0.0838,ASK
1444349633,1564.25,0.1,ASK
1444349637,1564.26,0.001,ASK
1444349640,1564.26,0.019,ASK
1444349640,1564.25,0.305,ASK
1444349642,1564.25,0.0004,ASK
1444349642,1564.07,0.0606,ASK
1444349648,1564.07,0.1118,ASK
1444349648,1564.06,0.001,ASK
1444349648,1564.0,0.2112,ASK
1444349648,1564.0,0.0788,ASK
1444349648,1564.0,0.2462,ASK
1444349648,1564.0,0.0538,ASK
1444349650,1563.95,0.001,ASK
1444349650,1563.95,0.001,ASK
1444349650,1563.94,0.001,ASK
1444349650,1563.82,0.001,ASK
1444349650,1563.8,0.001,ASK
1444349650,1563.79,0.001,ASK
1444349650,1563.73,0.003,ASK
1444349652,1563.73,0.624,BID
1444349654,1563.74,0.0557,ASK
1444349656,1563.74,0.5838,ASK
1444349656,1563.6,0.1658,ASK
1444349656,1563.58,0.0557,ASK
1444349656,1563.57,0.001,ASK
1444349656,1563.52,0.001,ASK
1444349656,1563.51,0.001,ASK
1444349656,1563.51,0.001,ASK
1444349656,1563.5,0.3,ASK
1444349656,1563.5,0.001,ASK
1444349656,1563.44,0.001,ASK
1444349656,1563.44,0.001,ASK
1444349656,1563.44,0.001,ASK
1444349656,1563.43,0.001,ASK
1444349656,1563.38,0.001,ASK
1444349656,1563.38,0.001,ASK
1444349656,1563.38,0.001,ASK
1444349656,1563.35,0.001,ASK
1444349656,1563.35,0.001,ASK
1444349656,1563.29,0.001,ASK
1444349656,1563.26,0.001,ASK
1444349656,1563.26,0.001,ASK
1444349656,1563.15,0.001,ASK
1444349656,1563.07,0.4886,ASK
1444349656,1563.06,0.733,ASK
1444349656,1563.05,0.8144,ASK
1444349656,1563.04,0.6408,ASK
1444349658,1563.72,10.469,ASK
1444349658,1563.73,0.323,BID
1444349658,1563.73,0.01,BID
1444349659,1563.73,0.001,BID
1444349660,1563.72,0.0292,BID
1444349660,1563.73,0.2498,BID
1444349661,1563.76,0.0125,ASK
1444349662,1563.76,0.0595,ASK
1444349664,1563.71,0.365,BID
1444349666,1563.7,0.01,BID
1444349677,1563.7,0.01,BID
1444349677,1563.7,0.001,BID
1444349687,1563.69,0.01,BID
1444349694,1563.68,0.0053,BID
1444349694,1563.69,0.0002,BID
1444349694,1563.7,0.0161,BID
1444349694,1563.71,0.0007,BID
1444349694,1563.75,0.0497,BID
1444349695,1563.52,0.0053,ASK
1444349697,1563.52,0.05,BID
1444349697,1563.52,0.0445,BID
1444349698,1563.66,18.769,BID
1444349700,1563.67,0.01,BID
1444349703,1563.67,0.0025,BID
1444349704,1563.67,0.0707,BID
1444349704,1563.7,0.0122,BID
1444349704,1563.71,0.2432,BID
1444349712,1563.73,0.01,BID
1444349722,1563.75,0.01,BID
1444349725,1563.72,0.001,ASK
1444349726,1563.71,0.001,BID
1444349735,1563.71,0.0005,BID
1444349735,1563.75,0.0095,BID
1444349736,1563.75,0.0028,BID
1444349736,1563.78,0.001,BID
1444349738,1563.88,0.01,BID
1444349740,1563.71,0.012,BID
1444349742,1563.71,0.09,BID
1444349743,1563.71,1.008,BID
1444349743,1563.71,0.01,BID
1444349744,1563.7,0.01,BID
1444349744,1563.68,0.0732,ASK
1444349744,1563.64,0.0266,BID
1444349744,1563.7,0.365,BID
1444349744,1563.71,0.2479,BID
1444349745,1563.71,0.01,BID
1444349745,1563.71,0.375,BID
1444349747,1563.67,0.01,BID
1444349747,1563.67,0.0632,BID
1444349747,1563.71,0.72,BID
1444349747,1563.72,0.3218,BID
1444349748,1563.7,0.036,BID
1444349748,1563.71,0.051,BID
1444349748,1563.72,0.513,BID
1444349748,1563.72,0.6,BID
1444349748,1563.72,0.4,BID
1444349748,1563.72,0.8,BID
1444349748,1563.72,0.6395,BID
1444349749,1563.72,2.5459,BID
1444349749,1563.72,0.977,BID
1444349750,1563.71,0.4,BID
1444349753,1563.71,0.01,BID
1444349753,1563.71,0.09,BID
1444349753,1563.72,8.0043,BID
1444349753,1563.88,0.03,BID
1444349754,1563.95,0.023,BID
1444349754,1563.96,0.4601,BID
1444349754,1564.06,0.0169,BID
1444349754,1563.9,0.5,ASK
1444349756,1563.9,0.6,ASK
1444349757,1563.9,0.125,ASK
1444349757,1563.9,0.65,ASK
1444349758,1563.91,0.01,ASK
1444349758,1563.91,0.001,ASK
1444349758,1563.91,0.4,ASK
1444349758,1563.91,0.089,ASK
1444349758,1563.9,0.561,ASK
1444349760,1563.91,0.16,ASK
1444349761,1563.89,0.0108,BID
1444349763,1563.76,0.038,ASK
1444349764,1563.77,0.06,ASK
1444349768,1563.89,0.01,ASK
1444349768,1563.77,0.2968,ASK
1444349769,1563.74,0.01,ASK
1444349770,1563.74,0.01,ASK
1444349772,1563.74,0.01,ASK
1444349774,1563.75,0.01,BID
1444349776,1563.74,0.002,ASK
1444349776,1563.73,0.101,ASK
1444349777,1563.73,0.0089,ASK
1444349779,1563.73,0.01,ASK
1444349780,1563.73,0.17,ASK
1444349781,1563.73,0.01,ASK
1444349781,1563.73,0.0519,ASK
1444349782,1563.73,0.2877,ASK
1444349787,1563.7,0.001,ASK
1444349787,1563.69,0.009,BID
1444349787,1563.72,0.001,BID
1444349788,1563.72,0.004,BID
1444349791,1563.72,0.2369,BID
1444349791,1563.75,0.0898,BID
1444349791,1563.75,0.0148,BID
1444349791,1563.75,0.001,BID
1444349791,1563.76,0.2968,BID
1444349791,1563.93,0.04,BID
1444349791,1564.06,0.0949,BID
1444349793,1564.06,0.6,ASK
1444349793,1564.06,0.6658,ASK
1444349794,1563.73,0.2409,ASK
1444349795,1563.53,0.0387,ASK
1444349795,1563.53,0.0945,ASK
1444349796,1563.53,0.01,BID
1444349796,1563.53,0.06,BID
1444349797,1563.53,0.1427,BID
1444349797,1563.53,1.294,BID
1444349797,1563.54,0.0998,BID
1444349806,1563.56,0.01,ASK
1444349811,1563.56,0.01,ASK
1444349819,1563.57,0.01,ASK
1444349824,1563.68,0.0122,BID
1444349824,1563.69,0.244,BID
1444349824,1563.69,0.0721,BID
1444349824,1563.7,0.0812,BID
1444349824,1563.71,0.1425,BID
1444349825,1563.67,0.01,BID
1444349832,1563.67,0.01,BID
1444349833,1563.67,0.0271,BID
1444349833,1563.71,0.0002,BID
1444349837,1563.8,0.01,ASK
1444349837,1563.78,0.01,ASK
1444349837,1563.71,0.0798,ASK
1444349838,1563.71,0.0729,ASK
1444349844,1563.7,0.01,BID
1444349845,1563.68,0.0371,ASK
1444349845,1563.68,0.001,ASK
1444349845,1563.58,0.0471,ASK
1444349845,1563.58,0.4509,ASK
1444349845,1563.57,0.0621,ASK
1444349845,1563.56,0.0612,ASK
1444349845,1563.54,0.6396,ASK
1444349845,1563.51,0.0102,ASK
1444349845,1563.5,0.0161,ASK
1444349845,1563.09,0.7,ASK
1444349845,1563.07,0.5,ASK
1444349845,1563.06,0.3638,ASK
1444349845,1563.04,0.2318,ASK
1444349845,1563.03,0.7271,ASK
1444349845,1563.03,0.7,ASK
1444349845,1563.01,0.5,ASK
1444349845,1563.01,3.0738,ASK
1444349845,1563.01,0.7,ASK
1444349845,1563.01,0.7,ASK
1444349845,1563.0,0.3,ASK
1444349845,1563.0,0.7962,ASK
1444349846,1563.69,15.0,ASK
1444349846,1563.69,2.299,ASK
1444349846,1563.7,0.0698,BID
1444349846,1563.7,0.1527,BID
1444349846,1563.71,0.0381,ASK
1444349847,1563.71,0.0111,ASK
1444349851,1563.78,0.001,BID
1444349851,1563.81,0.001,BID
1444349865,1563.72,0.0998,ASK
1444349866,1563.72,0.1456,ASK
1444349866,1563.71,0.0998,ASK
1444349867,1563.71,0.1285,ASK
1444349867,1563.71,0.1169,ASK
1444349875,1563.86,0.001,BID
1444349878,1563.85,0.001,BID
1444349885,1563.72,0.001,BID
1444349885,1563.85,0.0487,BID
1444349885,1563.86,0.0203,BID
1444349885,1563.86,0.0161,BID
1444349885,1563.87,0.0099,BID
1444349886,1563.8,1.0,BID
1444349889,1563.8,0.01,BID
1444349889,1563.78,0.001,ASK
1444349890,1563.8,0.001,BID
1444349891,1563.8,0.01,BID
1444349894,1563.8,0.01,BID
1444349895,1563.71,0.0624,ASK
1444349896,1563.71,0.0432,ASK
1444349896,1563.7,0.01,BID
1444349898,1563.7,0.01,BID
1444349898,1563.7,0.0424,BID
1444349898,1563.7,0.1056,BID
1444349898,1563.79,0.5,BID
1444349898,1563.8,1.352,BID
1444349899,1563.75,0.001,ASK
1444349899,1563.79,9.0,BID
1444349899,1563.79,3.178,BID
1444349900,1563.8,0.6908,BID
1444349900,1563.87,0.4163,BID
1444349900,1563.87,0.3217,BID
1444349900,1563.88,0.025,ASK
1444349900,1563.88,0.049,ASK
1444349901,1563.88,0.0369,ASK
1444349901,1563.88,0.0284,ASK
1444349903,1563.89,0.01,BID
1444349903,1563.88,0.5,ASK
1444349904,1563.88,0.4964,ASK
1444349905,1563.89,0.01,BID
1444349907,1563.89,0.01,BID
1444349909,1563.89,0.01,BID
1444349911,1563.89,0.01,BID
1444349913,1563.89,0.01,BID
1444349915,1563.89,0.01,BID
1444349917,1563.89,0.01,BID
1444349919,1563.89,0.01,BID
1444349921,1563.89,0.01,BID
1444349925,1563.89,0.01,BID
1444349928,1563.89,0.1256,BID
1444349928,1563.9,0.2454,BID
1444349928,1564.0,0.3,BID
1444349928,1564.08,0.06,BID
1444349928,1564.27,0.1409,BID
1444349928,1564.3,0.3081,BID
1444349931,1564.17,0.1645,BID
1444349931,1564.3,1.0155,BID
1444349933,1563.9,0.01,ASK
1444349934,1563.91,0.06,ASK
1444349934,1563.91,0.0473,ASK
1444349934,1563.9,0.0647,ASK
1444349934,1563.9,0.0509,ASK
1444349934,1563.89,0.0249,ASK
1444349934,1563.89,0.0469,ASK
1444349934,1563.88,0.0029,ASK
1444349936,1563.9,0.01,BID
1444349940,1563.92,0.001,ASK
1444349940,1563.92,0.0253,ASK
1444349940,1563.91,0.0745,ASK
1444349963,1563.94,0.001,ASK
1444349967,1564.09,0.01,BID
1444349967,1564.14,0.0214,BID
1444349967,1564.14,0.06,BID
1444349967,1564.15,0.1666,BID
1444349967,1564.15,0.2607,BID
1444349967,1564.16,0.0473,BID
1444349967,1564.3,0.0849,BID
1444349967,1564.38,0.0298,BID
1444349967,1564.39,0.2555,BID
1444349967,1564.39,0.2,BID
1444349967,1564.4,0.0105,BID
1444349967,1564.41,0.0333,BID
1444349969,1564.4,14.0,BID
1444349969,1564.4,6.232,BID
1444349971,1564.15,0.01,ASK
1444349971,1564.15,0.0714,ASK
1444349971,1563.95,0.0284,ASK
1444349976,1564.06,0.01,BID
1444349977,1563.97,0.01,ASK
1444349978,1563.97,0.01,ASK
1444349984,1563.97,0.004,ASK
1444349987,1563.98,0.01,ASK
1444349993,1563.99,0.01,ASK
1444349995,1564.0,0.0385,ASK
1444349995,1563.99,0.0104,ASK
1444349995,1563.98,0.0509,ASK
1444350001,1564.13,0.001,BID
1444350010,1564.0,0.0181,ASK
1444350010,1563.99,0.0174,ASK
1444350010,1563.99,0.0293,ASK
1444350010,1563.99,0.3319,ASK
1444350010,1563.98,0.1734,ASK
1444350021,1564.11,0.001,BID
1444350023,1564.01,0.0998,ASK
1444350035,1564.1,0.01,BID
1444350037,1564.1,0.0036,BID
1444350051,1564.01,0.0998,ASK
1444350052,1564.01,0.0132,ASK
1444350053,1564.0,0.01,BID
1444350056,1564.0,0.01,BID
1444350061,1564.0,0.001,BID
1444350062,1564.0,0.01,BID
1444350064,1564.0,0.01,BID
1444350081,1564.0,0.001,BID
1444350082,1563.98,0.0998,ASK
1444350083,1564.0,0.01,BID
1444350085,1564.0,0.01,BID
1444350087,1564.0,0.01,BID
1444350089,1564.0,0.01,BID
1444350094,1564.0,0.01,BID
1444350107,1563.98,0.0738,ASK
1444350122,1563.98,0.001,BID
1444350134,1563.98,0.025,BID
1444350135,1563.99,0.095,ASK
1444350135,1563.97,0.0048,ASK
1444350138,1563.99,0.026,ASK
1444350138,1563.97,0.0162,ASK
1444350138,1563.95,0.0868,ASK
1444350139,1563.99,8.0,ASK
1444350139,1563.99,5.0,ASK
1444350139,1563.99,1.266,ASK
1444350141,1563.95,0.1572,ASK
1444350141,1563.94,0.139,ASK
1444350141,1563.94,0.4251,ASK
1444350141,1563.94,0.001,ASK
1444350141,1563.93,0.1666,ASK
1444350141,1563.92,0.2607,ASK
1444350141,1563.89,0.0304,ASK
1444350142,1563.98,0.001,BID
1444350142,1563.98,0.01,BID
1444350142,1563.98,0.01,BID
1444350144,1563.98,0.005,BID
1444350152,1564.0,0.0078,BID
1444350159,1564.08,0.025,BID
1444350159,1564.09,0.4992,BID
1444350159,1564.1,0.0135,BID
1444350159,1564.11,0.2534,BID
1444350160,1564.07,0.025,BID
1444350162,1564.06,0.0201,BID
1444350162,1564.07,0.3819,BID
1444350162,1563.98,0.05,ASK
1444350162,1563.97,0.0498,ASK
1444350164,1564.06,0.0271,BID
1444350164,1564.07,0.0208,BID
1444350164,1564.07,0.1393,BID
1444350169,1564.11,0.0167,BID
1444350169,1564.12,0.0293,BID
1444350169,1564.13,0.0375,BID
1444350169,1564.14,0.0814,BID
1444350176,1564.2,0.2678,ASK
1444350176,1564.09,0.06,ASK
1444350176,1564.08,0.2155,ASK
1444350176,1564.08,0.1601,ASK
1444350176,1563.99,0.0201,ASK
1444350176,1563.98,0.4392,ASK
1444350176,1563.98,0.0274,ASK
1444350176,1563.98,0.0201,ASK
1444350176,1563.97,0.9502,ASK
1444350177,1563.97,0.06,BID
1444350178,1563.97,0.817,BID
1444350178,1563.97,0.0042,BID
1444350193,1564.02,0.001,ASK
1444350193,1564.0,0.0988,ASK
1444350207,1564.04,0.001,ASK
1444350215,1564.05,0.01,ASK
1444350216,1564.05,0.0029,ASK
1444350216,1564.04,0.0071,ASK
1444350221,1564.04,0.0645,ASK
1444350222,1564.03,0.0645,ASK
1444350223,1564.04,0.01,BID
1444350225,1564.04,0.01,BID
1444350227,1564.04,0.01,BID
1444350229,1564.04,0.0053,BID
1444350241,1564.03,0.001,ASK
1444350245,1564.03,0.0998,ASK
1444350246,1564.03,0.0178,ASK
1444350246,1564.02,0.001,ASK
1444350248,1564.02,0.01,BID
1444350248,1564.02,0.0888,BID
1444350258,1564.19,0.1965,BID
1444350261,1564.22,0.0227,BID
1444350261,1564.22,0.1328,BID
1444350261,1564.22,0.0395,BID
1444350262,1564.21,0.0562,BID
1444350262,1564.22,0.0205,BID
1444350262,1564.23,0.1388,BID
1444350263,1564.2,0.01,ASK
1444350263,1564.23,0.2155,BID
1444350274,1564.2,0.0998,ASK
1444350275,1564.2,0.0867,ASK
1444350281,1564.19,0.05,BID
1444350282,1564.19,0.0498,BID
1444350282,1564.19,0.1865,BID
1444350284,1564.2,0.05,ASK
1444350284,1564.2,0.2863,ASK
1444350291,1564.04,0.02,ASK
1444350291,1564.03,0.0562,ASK
1444350291,1564.01,0.0191,ASK
1444350291,1564.0,0.1196,ASK
1444350291,1564.0,0.263,ASK
1444350291,1563.98,0.0363,ASK
1444350291,1564.18,0.01,BID
1444350295,1563.98,0.021,ASK
1444350295,1563.98,0.06,ASK
1444350295,1563.97,0.518,ASK
1444350296,1563.97,0.0084,ASK
1444350304,1564.02,0.001,ASK
1444350304,1563.99,0.0988,ASK
1444350306,1563.99,0.0943,ASK
1444350307,1563.97,0.01,ASK
1444350307,1563.97,0.056,ASK
1444350314,1563.97,0.1098,ASK
1444350315,1563.97,0.2978,ASK
1444350318,1563.96,0.1758,BID
1444350318,1563.96,0.01,BID
1444350318,1563.96,0.4732,BID
1444350319,1563.96,0.0004,BID
1444350332,1563.97,0.0998,ASK
1444350337,1563.98,0.0988,BID
1444350337,1564.13,0.0707,BID
1444350337,1564.14,0.1931,BID
1444350337,1564.17,0.06,BID
1444350337,1564.18,0.01,BID
1444350337,1564.18,0.026,BID
1444350337,1564.19,0.05,BID
1444350337,1564.19,0.4696,BID
1444350337,1564.19,0.1221,BID
1444350337,1564.19,0.0402,BID
1444350337,1564.2,4.3311,BID
1444350345,1564.0,0.0732,ASK
1444350347,1563.99,0.01,ASK
1444350348,1563.99,0.0888,ASK
1444350348,1563.98,0.077,ASK
1444350348,1563.97,0.2072,ASK
1444350348,1564.0,0.1434,BID
1444350349,1563.98,0.0666,BID
1444350351,1563.98,0.0322,BID
1444350351,1564.0,0.3256,BID
1444350352,1564.0,0.01,ASK
1444350353,1564.0,0.0566,ASK
1444350353,1563.99,0.0834,ASK
1444350355,1563.99,0.0154,ASK
1444350357,1563.97,0.332,ASK
1444350357,1563.97,0.013,ASK
1444350359,1563.99,0.0512,BID
1444350360,1564.13,0.0114,BID
1444350360,1564.14,0.0153,BID
1444350360,1564.15,0.3056,BID
1444350360,1564.15,0.4101,BID
1444350360,1564.16,0.0732,BID
1444350360,1564.19,0.0399,BID
1444350360,1564.2,1.8414,BID
1444350360,1564.21,0.0714,BID
1444350360,1564.23,0.0995,BID
1444350360,1564.25,1.0,BID
1444350360,1564.31,0.0129,BID
1444350360,1564.31,0.2267,BID
1444350360,1564.31,0.215,BID
1444350360,1564.0,0.0998,ASK
1444350363,1564.0,0.01,ASK
1444350367,1564.0,0.2491,ASK
1444350367,1564.0,0.0512,ASK
1444350367,1563.98,0.0494,ASK
1444350367,1563.97,0.2503,ASK
1444350368,1563.97,0.6,ASK
1444350368,1563.97,0.1367,ASK
1444350369,1563.96,0.1157,BID
1444350370,1563.96,0.5,BID
1444350370,1563.96,0.0476,BID
1444350370,1563.97,0.4026,BID
1444350370,1563.98,0.1498,BID
1444350370,1563.95,0.001,ASK
1444350370,1563.93,0.001,ASK
1444350370,1563.91,0.001,ASK
1444350370,1563.88,1.373,ASK
1444350371,1563.93,0.19,BID
1444350371,1563.98,0.1315,BID
1444350371,1563.98,0.01,BID
1444350372,1563.97,0.01,ASK
1444350373,1563.97,0.4394,ASK
1444350373,1563.88,0.0357,ASK
1444350373,1563.88,0.0239,ASK
1444350373,1563.88,0.1321,ASK
1444350374,1563.88,0.1166,ASK
1444350374,1563.95,0.0009,BID
1444350374,1563.96,0.423,BID
1444350374,1563.97,0.4494,ASK
1444350374,1563.97,0.1219,ASK
1444350375,1563.97,0.0048,ASK
1444350375,1563.88,0.0752,ASK
1444350377,1563.88,0.1461,ASK
1444350377,1563.88,0.004,ASK
1444350377,1563.87,0.1918,BID
1444350377,1563.93,0.1933,BID
1444350377,1563.95,0.022,BID
1444350377,1563.96,0.4394,BID
1444350377,1563.96,0.01,BID
1444350377,1563.98,0.0087,BID
1444350377,1564.26,0.0124,BID
1444350377,1564.27,0.1157,BID
1444350377,1564.27,0.1315,BID
1444350377,1564.28,0.001,BID
1444350377,1564.3,0.0502,BID
1444350377,1564.31,0.564,BID
1444350378,1563.88,0.01,BID
1444350378,1563.98,0.0113,ASK
1444350379,1563.84,0.05,ASK
1444350379,1563.83,0.35,ASK
1444350379,1563.87,0.0594,BID
1444350379,1563.87,0.15,BID
1444350381,1563.99,0.0221,BID
1444350381,1563.98,0.02,ASK
1444350382,1563.98,0.422,ASK
1444350382,1563.97,0.02,ASK
1444350382,1563.97,0.442,ASK
1444350383,1563.97,0.442,ASK
1444350383,1563.99,0.001,BID
1444350383,1563.99,0.0375,BID
1444350384,1563.97,0.096,ASK
1444350384,1563.88,0.0038,BID
1444350384,1563.99,0.1287,BID
1444350385,1564.0,0.0031,ASK
1444350386,1564.0,0.0316,ASK
1444350386,1564.0,0.1672,ASK
1444350389,1563.96,0.2868,BID
1444350390,1563.96,0.0524,BID
1444350390,1563.97,0.198,ASK
1444350390,1563.97,0.0217,ASK
1444350391,1563.97,0.126,ASK
1444350391,1563.97,0.01,ASK
1444350392,1563.97,0.5919,ASK
1444350392,1563.97,0.3271,ASK
1444350392,1563.97,0.0121,ASK
1444350392,1563.97,0.3392,ASK
1444350394,1563.79,0.06,ASK
1444350394,1563.71,0.001,ASK
1444350397,1563.39,0.241,ASK
1444350398,1563.39,0.259,ASK
1444350398,1563.38,0.003,ASK
1444350401,1563.28,0.001,ASK
1444350401,1563.04,0.999,ASK
1444350404,1563.3,0.01,BID
1444350405,1563.05,0.0208,ASK
1444350405,1563.04,0.001,ASK
1444350405,1563.01,1.0452,ASK
1444350405,1563.28,1.0,ASK
1444350405,1563.28,2.469,ASK
1444350410,1563.06,0.01,ASK
1444350411,1563.06,0.01,ASK
1444350412,1563.06,0.0998,ASK
1444350414,1563.06,0.01,ASK
1444350414,1563.06,0.02,ASK
1444350415,1563.05,0.0132,BID
1444350416,1563.04,0.0608,ASK
1444350417,1563.05,0.01,BID
1444350418,1563.05,0.0966,BID
1444350419,1563.06,0.0104,ASK
1444350419,1563.06,0.1066,ASK
1444350419,1563.05,0.01,ASK
1444350419,1563.04,0.627,ASK
1444350420,1563.04,1.224,ASK
1444350422,1563.05,0.01,ASK
1444350422,1563.04,0.19,ASK
1444350424,1563.04,1.067,ASK
1444350425,1563.06,0.01,ASK
1444350428,1563.22,0.004,BID
1444350429,1563.06,0.4076,ASK
1444350429,1563.05,0.0829,ASK
1444350429,1563.04,0.0095,ASK
1444350431,1563.04,1.323,ASK
1444350431,1563.04,0.4987,ASK
1444350432,1563.01,0.27,ASK
1444350432,1563.03,0.0183,BID
1444350432,1563.03,1.6952,BID
1444350432,1563.01,0.522,ASK
1444350432,1563.01,0.5,ASK
1444350433,1563.01,0.01,ASK
1444350433,1563.01,0.01,ASK
1444350434,1563.01,0.01,ASK
1444350434,1563.01,0.2898,ASK
1444350434,1563.01,0.4172,ASK
1444350434,1563.0,0.0428,ASK
1444350434,1563.0,0.2572,ASK
1444350435,1562.99,0.0797,BID
1444350435,1562.87,0.001,ASK
1444350435,1562.81,0.001,ASK
1444350435,1562.78,0.001,ASK
1444350435,1562.78,0.001,ASK
1444350435,1562.73,0.001,ASK
1444350435,1562.72,0.001,ASK
1444350435,1562.64,0.04,ASK
1444350435,1562.61,0.001,ASK
1444350435,1562.5,0.3,ASK
1444350435,1562.22,0.153,ASK
1444350436,1562.99,0.0362,BID
1444350437,1562.98,0.0265,BID
1444350437,1562.99,0.4948,BID
1444350437,1563.0,0.0894,BID
1444350440,1562.22,0.167,ASK
1444350444,1562.66,0.001,BID
1444350445,1562.65,0.01,BID
1444350447,1562.65,0.01,BID
1444350450,1562.64,0.001,BID
1444350450,1562.64,0.01,BID
1444350451,1562.64,0.01,BID
1444350452,1562.64,0.01,BID
1444350454,1562.64,0.01,BID
1444350457,1562.63,0.04,BID
1444350457,1562.64,0.1689,BID
1444350457,1562.64,0.0124,BID
1444350457,1562.65,0.1077,BID
1444350461,1562.29,0.04,ASK
1444350461,1562.28,0.1673,ASK
1444350472,1562.61,0.001,BID
1444350477,1562.32,0.0998,ASK
1444350479,1562.6,0.01,BID
1444350482,1562.33,0.03,ASK
1444350482,1562.29,0.08,ASK
1444350482,1562.28,0.0807,ASK
1444350482,1562.18,0.001,ASK
1444350482,1562.16,0.001,ASK
1444350482,1562.14,0.001,ASK
1444350482,1562.11,0.001,ASK
1444350482,1562.11,1.0363,ASK
1444350493,1562.58,0.001,BID
1444350498,1562.57,0.07,BID
1444350498,1562.58,0.0217,BID
1444350498,1562.58,0.0563,BID
1444350499,1562.58,0.0005,BID
1444350499,1562.58,0.0695,BID
1444350504,1562.58,0.01,BID
1444350506,1562.38,0.06,ASK
1444350506,1562.33,0.0398,ASK
1444350507,1562.58,0.01,BID
1444350510,1562.33,0.01,ASK
1444350511,1562.33,0.0018,ASK
1444350512,1562.33,0.0118,BID
1444350514,1562.32,0.0259,ASK
1444350515,1562.33,0.2359,ASK
1444350518,1562.33,0.01,ASK
1444350518,1562.33,0.01,ASK
1444350519,1562.43,0.001,BID
1444350519,1562.33,0.7441,ASK
1444350519,1562.32,0.0199,ASK
1444350520,1562.32,0.1901,ASK
1444350522,1562.31,0.0568,ASK
1444350523,1562.31,0.0522,BID
1444350523,1562.32,0.4599,BID
1444350523,1562.33,0.01,BID
1444350523,1562.33,0.0568,ASK
1444350523,1562.33,0.01,ASK
1444350524,1562.33,0.01,ASK
1444350525,1562.33,0.058,ASK
1444350526,1562.33,0.319,ASK
1444350527,1562.34,0.01,ASK
1444350530,1562.33,0.01,ASK
1444350531,1562.33,0.01,ASK
1444350534,1562.33,0.0041,ASK
1444350534,1562.33,0.3249,ASK
1444350535,1562.33,0.05,ASK
1444350536,1562.34,0.0043,ASK
1444350536,1562.33,0.085,ASK
1444350536,1562.33,0.3747,ASK
1444350537,1562.33,0.0998,ASK
1444350540,1562.42,0.0025,BID
1444350540,1562.33,0.05,ASK
1444350541,1562.33,0.0073,ASK
1444350543,1562.33,0.05,ASK
1444350548,1562.41,0.01,BID
1444350549,1562.33,0.135,ASK
1444350555,1562.34,0.01,ASK
1444350558,1562.34,0.0009,ASK
1444350558,1562.34,0.0091,ASK
1444350562,1562.35,0.001,BID
1444350563,1562.35,0.009,BID
1444350563,1562.41,0.001,BID
1444350564,1562.34,0.0009,ASK
1444350564,1562.34,0.0133,ASK
1444350564,1562.34,0.0277,ASK
1444350564,1562.33,0.0579,ASK
1444350565,1562.33,0.0419,ASK
1444350569,1562.33,0.01,ASK
1444350572,1562.41,0.0196,BID
1444350572,1562.42,0.0018,BID
1444350572,1562.42,0.4096,BID
1444350572,1562.42,0.0001,BID
1444350576,1562.43,0.05,ASK
1444350578,1562.53,0.1147,BID
1444350578,1562.54,0.0105,BID
1444350578,1562.55,0.211,BID
1444350578,1562.56,0.0363,BID
1444350578,1562.57,0.0085,BID
1444350580,1562.54,0.1147,ASK
1444350583,1562.36,0.11,ASK
1444350584,1562.37,0.0265,ASK
1444350596,1562.4,0.01,ASK
1444350597,1562.4,0.0001,ASK
1444350597,1562.39,0.0997,ASK
1444350600,1562.48,0.0265,BID
1444350600,1562.49,0.0101,BID
1444350600,1562.49,0.0117,BID
1444350600,1562.5,0.0847,BID
1444350600,1562.5,0.117,BID
1444350600,1562.5,0.124,BID
1444350601,1562.5,0.0101,BID
1444350601,1562.5,0.1008,BID
1444350601,1562.52,0.119,BID
1444350601,1562.53,0.0101,ASK
1444350601,1562.53,0.0117,ASK
1444350604,1562.56,0.0331,BID
1444350604,1562.57,0.2171,BID
1444350604,1562.57,0.1598,BID
1444350605,1562.57,0.0331,BID
1444350605,1562.53,0.241,ASK
1444350607,1562.53,2.0,ASK
1444350607,1562.56,0.0201,BID
1444350607,1562.57,0.3071,BID
1444350607,1562.57,0.0426,BID
1444350607,1562.58,0.0282,BID
1444350607,1562.58,0.782,BID
1444350608,1562.58,2.0,BID
1444350612,1562.58,0.01,BID
1444350613,1562.58,1.2803,BID
1444350613,1562.59,0.1253,BID
1444350613,1562.61,0.08,BID
1444350613,1562.63,0.4597,BID
1444350613,1562.73,0.0547,BID
1444350620,1562.73,0.0053,BID
1444350620,1562.73,0.01,ASK
1444350622,1562.73,0.0998,ASK
1444350623,1562.96,0.001,BID
1444350623,1562.96,0.001,BID
1444350629,1562.76,0.001,ASK
1444350630,1563.04,0.01,BID
1444350632,1563.04,0.0898,BID
1444350632,1563.07,0.001,BID
1444350632,1563.07,0.001,BID
1444350632,1563.08,0.001,ASK
1444350633,1563.08,0.0092,ASK
1444350633,1563.03,0.0235,BID
1444350646,1563.15,0.001,BID
1444350650,1563.06,0.1155,ASK
1444350650,1563.06,0.0062,ASK
1444350650,1563.05,0.0663,ASK
1444350650,1562.86,0.0327,ASK
1444350650,1562.84,0.0766,ASK
1444350650,1562.83,2.0,ASK
1444350650,1562.74,0.0942,ASK
1444350650,1562.73,0.597,ASK
1444350653,1563.05,0.01,BID
1444350655,1563.05,0.01,BID
1444350656,1563.05,0.01,BID
1444350658,1563.05,0.01,BID
1444350662,1563.05,0.01,BID
1444350662,1563.05,0.0717,BID
1444350662,1563.06,0.0998,BID
1444350662,1563.07,0.0025,BID
1444350664,1563.07,0.007,ASK
1444350664,1563.06,0.0309,ASK
1444350673,1563.15,0.01,BID
1444350679,1563.06,0.01,ASK
1444350680,1563.06,0.001,ASK
1444350681,1563.15,0.01,BID
1444350683,1563.06,0.0398,ASK
1444350683,1563.04,0.0025,ASK
1444350683,1562.95,0.0575,ASK
1444350686,1562.96,0.0025,ASK
1444350692,1562.96,0.01,ASK
1444350699,1563.03,0.01,BID
1444350700,1563.03,0.001,BID
1444350707,1562.78,0.003,ASK
1444350713,1562.79,0.0164,ASK
1444350713,1562.78,0.3143,ASK
1444350713,1562.78,0.01,ASK
1444350713,1562.77,2.6593,BID
1444350713,1562.77,0.0998,BID
1444350713,1562.95,0.001,BID
1444350713,1563.0,0.8529,BID
1444350719,1562.94,0.0905,BID
1444350719,1562.99,0.0595,BID
1444350720,1562.99,0.0005,BID
1444350720,1563.0,0.002,BID
1444350727,1562.99,0.0025,BID
1444350727,1563.0,0.1451,BID
1444350728,1563.01,14.682,BID
1444350729,1563.0,0.3756,ASK
1444350731,1562.77,0.001,BID
1444350731,1562.97,0.01,BID
1444350733,1562.77,0.01,ASK
1444350735,1562.97,0.01,BID
1444350740,1562.77,0.0998,ASK
1444350741,1562.78,0.116,ASK
1444350742,1562.78,0.01,ASK
1444350745,1562.78,0.01,ASK
1444350754,1562.96,0.1152,BID
1444350756,1562.96,0.0108,ASK
1444350757,1562.95,0.01,BID
1444350762,1562.78,0.01,ASK
1444350762,1562.96,0.004,BID
1444350766,1562.97,0.001,BID
1444350768,1562.79,0.0652,ASK
1444350768,1562.78,0.0346,ASK
1444350774,1562.96,0.0652,BID
1444350774,1562.97,0.0344,BID
1444350774,1562.99,0.127,BID
1444350774,1563.03,0.0967,BID
1444350774,1563.05,0.0398,BID
1444350774,1563.06,0.012,BID
1444350774,1563.15,0.0945,BID
1444350774,1563.15,0.0062,BID
1444350774,1563.16,0.0797,BID
1444350774,1563.24,0.001,BID
1444350774,1563.27,0.001,BID
1444350774,1563.3,0.001,BID
1444350774,1563.34,0.001,BID
1444350774,1563.37,0.001,BID
1444350774,1563.49,0.015,BID
1444350774,1563.5,0.3,BID
1444350774,1563.58,0.025,BID
1444350774,1563.59,0.5,BID
1444350774,1563.65,0.17,BID
1444350774,1563.67,0.17,BID
1444350774,1563.67,0.17,BID
1444350774,1563.69,0.001,BID
1444350774,1563.7,0.7,BID
1444350774,1563.78,0.06,BID
1444350774,1563.87,0.001,BID
1444350774,1563.96,0.65,BID
1444350774,1564.0,0.3,BID
1444350774,1564.28,0.001,BID
1444350774,1564.34,0.001,BID
1444350774,1564.35,0.003,BID
1444350774,1564.43,0.001,BID
1444350774,1564.5,0.0998,BID
1444350774,1564.5,0.017,BID
1444350774,1564.5,0.3,BID
1444350774,1564.7,0.001,BID
1444350774,1564.71,0.001,BID
1444350774,1564.72,0.001,BID
1444350774,1564.82,0.003,BID
1444350774,1564.9,0.162,BID
1444350774,1564.91,0.001,BID
1444350774,1564.93,0.0998,BID
1444350774,1564.93,0.001,BID
1444350774,1564.94,0.001,BID
1444350774,1564.94,0.001,BID
1444350774,1564.95,0.001,BID
1444350774,1564.95,0.001,BID
1444350774,1564.95,0.001,BID
1444350774,1564.99,0.3081,BID
1444350777,1562.95,0.01,BID
1444350779,1562.78,0.01,ASK
1444350784,1562.94,0.0474,BID
1444350785,1563.0,0.0912,ASK
1444350787,1563.5,0.3,ASK
1444350787,1563.28,0.073,BID
1444350787,1563.49,0.3,BID
1444350787,1563.49,0.1573,BID
1444350787,1563.0,0.1614,ASK
1444350790,1563.0,0.01,BID
1444350790,1563.0,0.0336,BID
1444350790,1563.29,0.01,BID
1444350790,1563.48,0.017,BID
1444350790,1563.49,0.1187,BID
1444350790,1563.49,0.1424,BID
1444350793,1563.01,0.0436,ASK
1444350793,1562.95,0.0034,ASK
1444350809,1562.97,0.01,ASK
1444350811,1563.0,0.01,ASK
1444350813,1563.0,0.01,ASK
1444350814,1563.0,0.01,ASK
1444350816,1563.0,0.01,ASK
1444350819,1563.0,0.4617,ASK
1444350821,1562.99,0.1329,BID
1444350821,1563.0,0.1111,BID
1444350821,1563.0,0.244,BID
1444350823,1563.0,0.1329,BID
1444350825,1563.0,0.0503,BID
1444350825,1563.0,0.0998,BID
1444350825,1563.17,0.0095,BID
1444350825,1563.18,0.0541,BID
1444350825,1563.21,0.1058,BID
1444350828,1563.24,0.001,ASK
1444350828,1563.23,0.009,ASK
1444350829,1563.23,0.0546,ASK
1444350832,1563.23,0.01,ASK
1444350833,1563.23,0.01,ASK
1444350842,1563.39,0.01,ASK
1444350845,1563.33,0.01,BID
1444350846,1563.24,0.001,ASK
1444350851,1563.25,0.017,ASK
1444350851,1563.24,0.0517,ASK
1444350851,1563.24,0.0311,ASK
1444350851,1563.36,0.01,BID
1444350853,1563.24,0.07,ASK
1444350859,1563.25,0.01,ASK
1444350868,1563.25,0.0025,ASK
1444350869,1563.25,0.008,ASK
1444350869,1563.25,0.01,ASK
1444350871,1563.25,0.0675,ASK
1444350871,1563.24,0.1867,ASK
1444350871,1563.23,0.0231,ASK
1444350881,1563.24,0.01,BID
1444350881,1563.23,0.0917,ASK
1444350890,1563.05,0.01,ASK
1444350894,1563.18,0.2528,BID
1444350894,1563.18,0.0286,BID
1444350894,1563.19,0.0983,BID
1444350894,1563.24,0.0755,BID
1444350894,1563.25,0.0998,BID
1444350894,1563.35,0.098,BID
1444350896,1563.36,1.5289,ASK
1444350898,1563.36,0.2452,ASK
1444350899,1563.36,0.2229,ASK
1444350900,1563.27,0.01,ASK
1444350905,1563.2,0.0141,ASK
1444350905,1563.19,0.1779,ASK
1444350911,1563.19,0.0025,ASK
1444350918,1563.25,1.3421,BID
1444350924,1563.36,0.0016,BID
1444350928,1563.27,0.01,ASK
1444350938,1563.28,0.0998,ASK
1444350939,1563.28,0.1902,ASK
1444350939,1563.27,0.0125,ASK
1444350939,1563.27,0.0129,ASK
1444350949,1563.26,0.0016,ASK
1444350956,1563.26,0.29,ASK
1444350957,1563.26,0.0122,ASK
1444350964,1563.26,0.0998,ASK
1444350965,1563.26,0.0016,ASK
1444350966,1563.27,0.0122,BID
1444350966,1563.36,0.0982,BID
1444350966,1563.37,0.0427,BID
1444350966,1563.37,0.0324,BID
1444350966,1563.38,0.6145,BID
1444350980,1563.28,0.0114,ASK
1444350980,1563.27,0.1336,ASK
1444350980,1563.27,0.0814,ASK
1444350980,1563.27,0.0117,ASK
1444350980,1563.26,0.2345,ASK
1444350980,1563.25,0.5274,ASK
1444350991,1563.27,0.0998,BID
1444350991,1563.36,0.0812,BID
1444350992,1563.36,0.0002,BID
1444350995,1563.37,0.0812,ASK
1444350995,1563.26,0.426,ASK
1444350995,1563.25,0.1022,ASK
1444350996,1563.25,0.426,ASK
1444351007,1563.36,0.0129,BID
1444351007,1563.37,0.259,BID
1444351007,1563.38,0.0201,BID
1444351012,1563.38,0.01,BID
1444351017,1563.28,0.0114,ASK
1444351017,1563.27,0.0884,ASK
1444351019,1563.36,0.0114,BID
1444351019,1563.37,0.227,BID
1444351019,1563.38,0.0033,BID
1444351019,1563.41,0.1348,BID
1444351021,1563.35,8.0,BID
1444351021,1563.35,1.629,BID
1444351025,1563.5,0.01,BID
1444351031,1563.29,0.0108,ASK
1444351031,1563.28,0.0092,ASK
1444351032,1563.28,0.004,ASK
1444351036,1563.29,0.0114,ASK
1444351036,1563.28,0.0817,ASK
1444351036,1563.28,0.0569,ASK
1444351037,1563.28,0.1441,ASK
1444351037,1563.28,0.0559,ASK
1444351037,1563.28,0.0041,ASK
1444351037,1563.27,0.1386,ASK
1444351037,1563.26,0.4,ASK
1444351038,1563.26,0.1,ASK
1444351038,1563.25,0.01,ASK
1444351038,1563.27,0.0573,BID
1444351043,1563.3,0.1465,ASK
1444351043,1563.27,1.4095,ASK
1444351043,1563.26,0.5,ASK
1444351043,1563.25,0.524,ASK
1444351044,1563.25,0.4237,ASK
1444351044,1563.25,0.7563,ASK
1444351045,1563.25,0.2437,ASK
1444351045,1563.22,0.06,ASK
1444351045,1563.19,0.101,ASK
1444351045,1563.06,0.2452,ASK
1444351045,1563.05,0.2428,ASK
1444351045,1563.05,0.0286,ASK
1444351045,1563.0,1.0787,ASK
1444351069,1563.27,0.001,ASK
1444351069,1563.26,0.0901,ASK
1444351069,1563.0,0.6989,ASK
1444351070,1563.0,0.549,ASK
1444351070,1563.0,0.8,ASK
1444351071,1563.0,0.091,ASK
1444351071,1563.01,21.615,ASK
1444351076,1563.16,0.01,ASK
1444351076,1563.0,0.371,ASK
1444351077,1563.24,0.0998,BID
1444351079,1563.25,0.01,ASK
1444351079,1563.25,0.8899,ASK
1444351079,1563.25,0.0101,ASK
1444351085,1563.25,0.0897,ASK
1444351099,1563.01,0.0872,ASK
1444351099,1563.0,0.0126,ASK
1444351100,1563.0,0.0872,ASK
1444351115,1563.0,0.06,ASK
1444351119,1563.0,1.18,ASK
1444351120,1563.0,0.5,ASK
1444351122,1563.0,0.5,ASK
1444351123,1563.0,1.18,ASK
1444351124,1563.0,0.0998,ASK
1444351125,1563.0,0.5,ASK
1444351128,1563.0,0.1038,ASK
1444351131,1562.98,0.001,ASK
1444351131,1562.98,0.18,ASK
1444351133,1562.96,0.001,ASK
1444351133,1562.96,0.001,ASK
1444351133,1562.94,0.001,ASK
1444351133,1562.94,0.001,ASK
1444351133,1562.94,0.001,ASK
1444351133,1562.93,0.001,ASK
1444351133,1562.93,0.001,ASK
1444351133,1562.93,0.001,ASK
1444351137,1562.81,0.2346,ASK
1444351138,1562.74,0.01,ASK
1444351142,1562.74,0.337,ASK
1444351144,1562.74,0.0619,ASK
1444351144,1562.73,0.0941,ASK
1444351145,1562.8,11.908,ASK
1444351151,1562.73,0.162,ASK
1444351153,1562.73,0.18,ASK
1444351153,1562.73,0.162,ASK
1444351155,1562.73,0.162,ASK
1444351157,1562.73,0.162,ASK
1444351159,1562.73,0.162,ASK
1444351160,1562.73,0.162,ASK
1444351165,1562.73,0.001,ASK
1444351179,1562.73,0.0408,ASK
1444351179,1562.69,0.001,ASK
1444351181,1562.61,0.3042,ASK
1444351181,1562.6,0.19,ASK
1444351181,1562.57,0.011,ASK
1444351181,1562.53,0.7173,ASK
1444351181,1562.5,0.3,ASK
1444351181,1562.43,0.001,ASK
1444351181,1562.37,0.001,ASK
1444351181,1562.34,0.001,ASK
1444351181,1562.3,0.001,ASK
1444351181,1562.24,0.001,ASK
1444351181,1562.1,0.001,ASK
1444351181,1562.1,0.001,ASK
1444351181,1562.1,0.003,ASK
1444351181,1562.09,0.001,ASK
1444351181,1562.07,0.001,ASK
1444351181,1562.07,0.001,ASK
1444351181,1562.01,0.1,ASK
1444351181,1562.01,1.1763,ASK
1444351181,1562.01,0.169,ASK
1444351181,1562.0,0.3,ASK
1444351181,1562.0,0.239,ASK
1444351181,1562.0,0.22,ASK
1444351181,1562.0,0.6392,ASK
1444351181,1561.96,0.001,ASK
1444351181,1561.96,0.001,ASK
1444351181,1561.55,1.0,ASK
1444351181,1561.55,1.0,ASK
1444351181,1561.42,1.644,ASK
1444351201,1562.63,0.4743,BID
1444351201,1562.64,0.06,BID
1444351201,1562.65,0.1325,BID
1444351201,1562.65,0.0237,ASK
1444351202,1562.65,0.5,ASK
1444351202,1562.65,0.0237,ASK
1444351203,1562.65,0.1303,ASK
1444351203,1562.65,0.0237,ASK
1444351209,1562.65,0.5856,ASK
1444351210,1562.65,0.0462,ASK
1444351210,1562.46,0.0536,ASK
1444351217,1562.46,0.0064,ASK
1444351217,1561.75,0.001,ASK
1444351217,1561.64,1.0,ASK
1444351217,1561.64,1.0,ASK
1444351217,1561.43,0.0441,ASK
1444351217,1561.43,0.0135,ASK
1444351217,1561.43,0.0135,ASK
1444351217,1561.42,4.3215,ASK
1444351218,1561.43,22.0,ASK
1444351218,1561.43,2.569,ASK
1444351218,1562.66,0.058,BID
1444351218,1562.66,0.06,BID
1444351219,1562.66,0.1583,ASK
1444351219,1562.66,0.354,ASK
1444351234,1562.69,0.19,ASK
1444351235,1562.7,0.0244,BID
1444351235,1562.72,0.0408,BID
1444351235,1562.72,0.001,BID
1444351235,1562.74,0.0998,BID
1444351235,1562.75,0.001,BID
1444351235,1562.88,0.0705,BID
1444351235,1562.89,1.4095,BID
1444351235,1562.99,0.0774,BID
1444351235,1563.0,0.3,BID
1444351235,1563.0,2.3256,BID
1444351236,1562.71,0.0244,BID
1444351242,1562.71,0.0998,ASK
1444351251,1562.72,0.0231,ASK
1444351251,1562.71,0.3617,ASK
1444351251,1562.7,0.0705,ASK
1444351251,1562.69,0.3987,ASK
1444351252,1562.73,0.0231,ASK
1444351257,1562.74,0.06,ASK
1444351257,1562.73,0.039,ASK
1444351258,1562.73,0.0425,ASK
1444351259,1562.73,0.0133,BID
1444351265,1562.72,0.6,BID
1444351266,1562.72,0.468,BID
1444351266,1562.73,0.0042,BID
1444351269,1562.73,0.3278,ASK
1444351269,1562.73,0.1358,ASK
1444351272,1562.73,0.0998,ASK
1444351275,1562.91,0.025,BID
1444351275,1562.92,0.5,BID
1444351275,1562.93,0.0133,BID
1444351275,1562.96,0.1046,BID
1444351275,1562.99,0.0448,BID
1444351275,1562.99,0.0482,BID
1444351275,1563.0,0.4441,BID
1444351276,1562.93,0.06,BID
1444351276,1563.0,1.94,BID
1444351276,1562.92,0.0205,ASK
1444351277,1563.0,2.58,BID
1444351277,1563.0,1.18,BID
1444351277,1562.92,0.0045,ASK
1444351283,1562.9,0.3301,BID
1444351283,1562.99,0.0855,BID
1444351283,1563.0,0.7644,BID
1444351284,1563.0,0.353,BID
1444351284,1563.0,0.6577,BID
1444351284,1563.09,0.001,BID
1444351284,1563.1,0.4504,BID
1444351284,1563.11,0.0721,BID
1444351284,1563.11,0.114,BID
1444351284,1563.11,0.001,BID
1444351284,1563.12,0.4361,BID
1444351284,1563.24,0.0897,BID
1444351284,1563.27,0.178,BID
1444351286,1563.27,0.322,BID
1444351286,1563.28,0.0998,BID
1444351286,1563.29,0.1465,BID
1444351286,1563.43,0.001,BID
1444351286,1563.46,1.4307,BID
1444351287,1563.03,10.893,BID
1444351302,1563.02,0.032,ASK
1444351302,1563.01,0.0678,ASK
1444351303,1563.02,0.032,ASK
1444351304,1563.01,0.032,ASK
1444351305,1563.02,0.0286,ASK
1444351305,1563.01,0.2912,ASK
1444351306,1563.02,0.027,ASK
1444351306,1563.01,0.2488,ASK
1444351307,1563.0,0.012,BID
1444351307,1563.02,0.0004,ASK
1444351307,1563.01,0.012,BID
1444351308,1563.01,0.0162,BID
1444351308,1563.08,0.001,BID
1444351325,1563.42,0.0034,BID
1444351325,1563.43,0.0147,BID
1444351325,1563.44,0.2944,BID
1444351325,1563.44,0.1154,BID
1444351325,1563.45,0.0533,BID
1444351325,1563.45,0.0252,BID
1444351325,1563.46,1.5693,BID
1444351325,1563.49,0.0949,BID
1444351325,1563.5,0.0898,BID
1444351325,1563.5,0.2714,BID
1444351328,1563.05,0.0119,ASK
1444351328,1563.04,0.0879,ASK
1444351349,1563.11,0.0243,ASK
1444351349,1563.11,0.0107,ASK
1444351349,1563.11,0.025,ASK
1444351349,1563.1,0.4851,ASK
1444351349,1563.1,0.2158,ASK
1444351349,1563.1,0.5,ASK
1444351349,1563.07,0.0791,ASK
1444351349,1563.07,0.38,ASK
1444351349,1563.04,0.0858,ASK
1444351349,1563.04,0.0034,ASK
1444351350,1563.04,0.06,BID
1444351351,1563.04,0.388,BID
1444351351,1563.04,0.39,BID
1444351351,1563.04,0.6,BID
1444351351,1563.04,5.2829,BID
1444351352,1563.04,0.6398,BID
1444351352,1563.04,0.46,BID
1444351353,1563.04,0.42,BID
1444351353,1563.04,0.6398,BID
1444351355,1563.04,0.6398,BID
1444351355,1563.04,0.3,BID
1444351356,1563.03,0.1154,ASK
1444351356,1563.03,0.0147,ASK
1444351356,1563.03,0.3699,BID
1444351356,1563.04,0.2699,BID
1444351357,1563.02,0.1301,ASK
1444351358,1563.04,0.3,BID
1444351359,1563.04,0.01,BID
1444351359,1563.04,0.01,BID
1444351359,1563.04,0.01,BID
1444351359,1563.04,0.6398,BID
1444351360,1563.04,0.79,BID
1444351360,1563.04,0.6398,BID
1444351361,1563.04,0.05,BID
1444351361,1563.04,0.6398,BID
1444351362,1563.04,0.65,BID
1444351362,1563.04,0.6398,BID
1444351363,1563.03,0.0998,BID
1444351363,1563.04,0.54,BID
1444351363,1563.04,5.7438,BID
1444351363,1563.04,0.01,BID
1444351364,1563.04,0.6398,BID
1444351366,1563.04,0.01,BID
1444351366,1563.04,0.727,BID
1444351367,1563.04,0.727,BID
1444351367,1563.04,0.727,BID
1444351367,1563.04,0.7272,BID
1444351368,1563.04,0.6398,BID
1444351369,1563.04,0.6398,BID
1444351369,1563.04,0.01,BID
1444351370,1563.02,0.01,ASK
1444351371,1563.04,0.6398,BID
1444351372,1563.04,0.01,BID
1444351372,1563.04,0.6398,BID
1444351373,1563.04,0.6398,BID
1444351374,1563.04,0.6398,BID
1444351375,1563.04,0.6398,BID
1444351376,1563.04,0.6398,BID
1444351377,1563.04,0.6398,BID
1444351377,1563.04,0.001,BID
1444351378,1563.04,0.6398,BID
1444351380,1563.04,0.5243,BID
1444351381,1563.05,0.0112,ASK
1444351391,1563.06,0.0998,ASK
1444351392,1563.11,0.001,BID
1444351392,1563.22,0.06,BID
1444351392,1563.22,0.727,ASK
1444351397,1563.28,0.0488,ASK
1444351398,1563.28,0.0012,ASK
1444351398,1563.23,0.05,ASK
1444351412,1563.23,0.05,ASK
1444351412,1563.23,0.0343,ASK
1444351413,1563.23,0.4157,ASK
1444351413,1563.22,0.0843,ASK
1444351414,1563.22,0.5,ASK
1444351423,1563.23,0.0998,ASK
1444351425,1563.23,0.4002,ASK
1444351425,1563.22,0.0998,ASK
1444351426,1563.22,0.5,ASK
1444351428,1563.22,0.605,ASK
1444351429,1563.22,0.65,ASK
1444351429,1563.27,0.001,BID
1444351430,1563.22,0.65,ASK
1444351431,1563.22,0.65,ASK
1444351432,1563.22,0.65,ASK
1444351433,1563.22,0.65,ASK
1444351434,1563.22,0.65,ASK
1444351435,1563.22,0.65,ASK
1444351436,1563.22,0.65,ASK
1444351438,1563.22,0.65,ASK
1444351439,1563.22,0.65,ASK
1444351440,1563.22,0.65,ASK
1444351442,1563.22,0.65,ASK
1444351443,1563.22,0.65,ASK
1444351444,1563.22,0.65,ASK
1444351445,1563.22,0.65,ASK
1444351446,1563.22,0.65,ASK
1444351447,1563.22,0.65,ASK
1444351448,1563.22,0.65,ASK
1444351452,1563.22,0.0998,ASK
1444351465,1563.23,0.1372,ASK
1444351465,1563.23,0.0278,ASK
1444351465,1563.22,5.4668,ASK
1444351482,1563.14,0.0998,ASK
1444351490,1563.14,0.001,ASK
1444351505,1563.21,0.001,BID
1444351507,1563.14,0.0792,ASK
1444351518,1563.05,0.001,ASK
1444351518,1563.05,0.001,ASK
1444351518,1563.02,0.154,ASK
1444351526,1563.02,0.0003,ASK
1444351526,1563.0,0.001,ASK
1444351526,1562.96,0.001,ASK
1444351526,1562.94,0.001,ASK
1444351526,1562.92,0.01,ASK
1444351526,1562.74,0.0205,ASK
1444351526,1562.73,0.0656,ASK
1444351526,1562.72,0.6654,ASK
1444351536,1562.76,0.01,BID
1444351538,1562.75,0.0898,BID
1444351538,1562.75,0.01,BID
1444351539,1562.75,0.305,BID
1444351539,1562.75,0.6,BID
1444351540,1562.75,0.4,BID
1444351541,1562.75,0.01,BID
1444351541,1562.75,0.5852,BID
1444351541,1562.76,0.0547,BID
1444351541,1562.76,0.0351,BID
1444351550,1562.77,0.595,ASK
1444351550,1562.76,0.6048,ASK
1444351550,1562.76,0.6399,ASK
1444351550,1562.73,0.1763,ASK
1444351550,1562.72,0.9345,ASK
1444351550,1562.69,1.4113,ASK
1444351551,1562.69,0.5,BID
1444351552,1562.59,0.05,ASK
1444351552,1562.45,1.13,ASK
1444351554,1562.45,0.87,ASK
1444351554,1562.3,0.001,ASK
1444351554,1562.3,0.001,ASK
1444351554,1562.11,0.001,ASK
1444351554,1562.11,0.001,ASK
1444351554,1562.09,0.001,ASK
1444351554,1562.08,0.001,ASK
1444351554,1562.0,0.3,ASK
1444351554,1561.92,0.004,ASK
1444351555,1561.92,0.161,ASK
1444351555,1561.73,2.419,ASK
1444351556,1562.05,0.174,ASK
1444351556,1561.93,0.349,ASK
1444351556,1561.77,0.349,ASK
1444351556,1561.73,1.128,ASK
1444351557,1561.73,1.18,ASK
1444351557,1562.43,0.0169,BID
1444351557,1562.44,0.3221,BID
1444351568,1562.4,0.1752,BID
1444351568,1562.43,0.06,BID
1444351568,1562.43,0.1003,BID
1444351568,1562.44,0.0165,BID
1444351592,1561.95,0.0998,ASK
1444351602,1561.97,0.0102,ASK
1444351602,1561.97,0.0125,ASK
1444351602,1561.97,0.937,ASK
1444351602,1561.96,1.063,ASK
1444351602,1561.96,0.06,ASK
1444351603,1561.96,0.5,BID
1444351604,1561.96,1.4963,BID
1444351613,1561.98,1.496,ASK
1444351613,1561.97,0.6402,ASK
1444351613,1561.97,0.6402,ASK
1444351613,1561.87,0.2202,ASK
1444351613,1561.72,0.001,ASK
1444351613,1561.7,0.001,ASK
1444351613,1561.69,0.001,ASK
1444351613,1561.55,0.152,ASK
1444351613,1561.46,3.3709,ASK
1444351613,1561.45,3.024,ASK
1444351613,1561.44,7.4113,ASK
1444351613,1561.43,4.3797,ASK
1444351613,1561.39,0.152,ASK
1444351613,1561.33,0.152,ASK
1444351613,1561.31,0.152,ASK
1444351613,1561.31,0.152,ASK
1444351613,1561.31,0.152,ASK
1444351613,1561.27,7.823,ASK
1444351613,1561.01,0.1,ASK
1444351613,1561.0,0.3,ASK
1444351613,1561.0,0.2,ASK
1444351613,1561.0,0.22,ASK
1444351613,1560.98,3.2923,ASK
1444351614,1562.47,14.818,ASK
1444351618,1562.34,0.201,BID
1444351618,1562.33,0.01,BID
1444351620,1562.35,0.191,ASK
1444351622,1562.0,0.109,BID
1444351623,1561.98,0.0998,BID
1444351639,1562.02,0.03,ASK
1444351655,1562.05,0.0998,ASK
1444351656,1562.05,0.65,ASK
1444351657,1562.05,0.65,ASK
1444351658,1562.05,0.65,ASK
1444351660,1562.05,0.06,ASK
1444351660,1562.05,5.143,ASK
1444351660,1562.19,0.004,BID
1444351661,1562.18,10.0,BID
1444351661,1562.18,3.599,BID
1444351668,1562.12,0.1963,BID
1444351668,1562.18,0.2643,BID
1444351668,1562.18,0.3046,BID
1444351668,1562.23,0.0705,BID
1444351668,1562.26,0.06,BID
1444351668,1562.29,0.1668,BID
1444351668,1562.39,0.1821,BID
1444351668,1562.4,4.896,BID
1444351676,1562.32,0.158,BID
1444351676,1562.38,0.0239,BID
1444351676,1562.39,0.1492,BID
1444351676,1562.4,0.2689,BID
1444351677,1562.39,9.0,BID
1444351677,1562.39,11.982,BID
1444351677,1562.33,0.158,ASK
1444351677,1562.14,0.0239,ASK
1444351677,1562.14,0.1211,ASK
1444351678,1562.14,0.0121,ASK
1444351678,1562.13,0.1963,ASK
1444351681,1562.06,0.0173,ASK
1444351681,1562.06,0.0662,ASK
1444351681,1562.06,0.1179,ASK
1444351681,1562.05,0.2076,ASK
1444351684,1562.06,0.089,ASK
1444351684,1562.06,0.0451,ASK
1444351684,1562.06,0.1188,ASK
1444351684,1562.05,0.0375,ASK
1444351684,1562.05,0.3519,ASK
1444351685,1562.05,0.157,ASK
1444351685,1562.05,1.344,ASK
1444351685,1562.07,0.06,BID
1444351685,1562.13,0.0239,BID
1444351685,1562.13,0.0998,BID
1444351685,1562.3,0.776,BID
1444351685,1562.38,0.1332,BID
1444351685,1562.39,0.0112,BID
1444351685,1562.39,0.0105,BID
1444351685,1562.39,0.0159,BID
1444351685,1562.4,2.2388,BID
1444351685,1562.43,0.1058,BID
1444351685,1562.45,0.183,BID
1444351685,1562.46,0.001,BID
1444351685,1562.47,0.0654,BID
1444351685,1562.52,0.0998,BID
1444351685,1562.55,0.001,BID
1444351685,1562.58,0.05,BID
1444351685,1562.69,0.001,BID
1444351685,1562.7,0.001,BID
1444351685,1562.73,0.5,BID
1444351685,1562.74,0.152,BID
1444351685,1562.76,0.595,BID
1444351685,1562.8,0.644,BID
1444351685,1562.91,0.2706,BID
1444351685,1563.0,0.162,BID
1444351685,1562.29,7.0,ASK
1444351685,1562.29,10.228,ASK
1444351686,1562.05,0.684,ASK
1444351687,1562.23,0.0025,ASK
1444351687,1562.08,0.06,ASK
1444351687,1562.06,0.0112,ASK
1444351687,1562.05,1.2013,ASK
1444351690,1562.24,0.538,ASK
1444351690,1562.24,0.6,ASK
1444351690,1562.24,0.2721,ASK
1444351690,1562.05,0.1279,ASK
1444351691,1562.05,0.5,ASK
1444351691,1562.06,14.0,ASK
1444351691,1562.06,8.611,ASK
1444351692,1562.05,0.306,ASK
1444351695,1562.22,0.0358,BID
1444351695,1562.23,0.116,BID
1444351695,1562.23,0.4427,BID
1444351696,1562.22,0.0358,BID
1444351697,1562.22,0.0358,BID
1444351698,1562.09,0.06,ASK
1444351698,1562.06,0.1062,ASK
1444351698,1562.06,0.2828,ASK
1444351698,1562.22,0.0346,BID
1444351699,1562.23,0.0012,ASK
1444351701,1562.06,0.0231,ASK
1444351701,1562.03,0.1339,ASK
1444351707,1562.05,0.001,BID
1444351708,1562.03,0.0329,ASK
1444351708,1562.02,0.0354,ASK
1444351709,1561.77,0.01,ASK
1444351713,1561.89,0.001,BID
1444351717,1561.8,0.5,ASK
1444351721,1561.8,0.6,ASK
1444351726,1561.8,0.011,ASK
1444351727,1561.87,0.001,BID
1444351731,1561.8,0.101,ASK
1444351731,1561.8,0.101,ASK
1444351731,1561.8,0.101,ASK
1444351731,1561.8,0.101,ASK
1444351733,1561.87,0.001,BID
1444351742,1561.8,0.485,ASK
1444351742,1561.79,0.238,ASK
1444351742,1561.79,0.1176,ASK
1444351742,1561.78,0.355,ASK
1444351746,1561.78,0.1274,BID
1444351746,1561.78,0.0976,BID
1444351749,1561.79,0.4167,ASK
1444351758,1561.79,0.2236,ASK
1444351759,1561.79,0.001,BID
1444351767,1561.77,0.009,ASK
1444351767,1561.55,0.001,ASK
1444351767,1561.52,0.016,ASK
1444351767,1561.5,0.013,ASK
1444351767,1561.48,0.018,ASK
1444351772,1561.46,0.001,ASK
1444351772,1561.45,0.016,ASK
1444351772,1561.42,0.013,ASK
1444351772,1561.41,0.013,ASK
1444351772,1561.36,0.013,ASK
1444351788,1561.35,0.3467,ASK
1444351788,1561.35,0.001,BID
1444351790,1561.34,0.152,BID
1444351799,1561.18,0.016,ASK
1444351799,1561.17,0.014,ASK
1444351799,1561.14,0.012,ASK
1444351799,1561.11,0.014,ASK
1444351799,1561.06,0.011,ASK
1444351799,1561.03,0.5,ASK
1444351799,1561.02,0.001,ASK
1444351799,1561.02,0.001,ASK
1444351799,1561.0,0.3,ASK
1444351801,1561.0,0.4,BID
1444351802,1560.99,0.5303,BID
1444351802,1561.0,0.0857,BID
1444351802,1561.0,0.6,BID
1444351803,1561.0,0.6406,BID
1444351804,1561.0,2.58,BID
1444351804,1561.0,0.303,BID
1444351804,1561.0,0.5,BID
1444351804,1561.0,0.446,BID
1444351805,1561.0,0.6,BID
1444351805,1561.0,0.6406,BID
1444351806,1561.0,0.01,BID
1444351806,1561.0,0.341,BID
1444351806,1561.0,0.6406,BID
1444351807,1560.99,0.01,BID
1444351807,1560.99,0.49,BID
1444351807,1561.0,0.01,BID
1444351807,1561.0,0.6406,BID
1444351808,1561.0,0.5,BID
1444351809,1561.0,0.1,BID
1444351809,1561.0,0.6406,BID
1444351809,1561.0,0.001,BID
1444351810,1561.0,0.6406,BID
1444351810,1561.0,0.5,BID
1444351810,1561.0,2.4886,BID
1444351811,1561.0,0.6406,BID
1444351812,1561.0,0.6406,BID
1444351813,1561.0,0.6406,BID
1444351814,1561.0,0.5,BID
1444351814,1560.99,0.01,ASK
1444351814,1560.99,0.6406,BID
1444351815,1560.99,0.6406,BID
1444351816,1560.99,0.01,BID
1444351816,1560.99,0.1089,BID
1444351816,1561.0,0.5317,BID
1444351817,1561.0,0.5,BID
1444351817,1561.0,0.6406,BID
1444351820,1561.0,0.5,BID
1444351821,1561.0,0.01,BID
1444351821,1561.0,0.01,BID
1444351821,1561.0,0.6406,BID
1444351822,1561.0,0.6406,BID
1444351823,1561.0,0.447,BID
1444351824,1561.0,0.5,BID
1444351824,1561.0,0.6406,BID
1444351824,1561.0,0.01,BID
1444351825,1561.0,0.6406,BID
1444351826,1561.0,0.6406,BID
1444351826,1561.0,0.01,BID
1444351826,1561.0,0.6406,BID
1444351827,1561.0,0.5,BID
1444351827,1561.0,0.6406,BID
1444351828,1561.0,0.01,BID
1444351828,1561.0,0.523,BID
1444351829,1561.0,0.6406,BID
1444351830,1561.0,0.01,BID
1444351830,1561.0,0.6406,BID
1444351830,1561.0,0.6406,BID
1444351831,1561.0,0.6406,BID
1444351832,1561.0,0.6406,BID
1444351833,1561.0,0.5,BID
1444351833,1561.0,0.6406,BID
1444351834,1561.0,0.01,BID
1444351835,1561.0,0.6406,BID
1444351836,1561.0,0.01,BID
1444351836,1561.0,0.6406,BID
1444351837,1561.0,0.01,BID
1444351837,1561.0,0.6406,BID
1444351838,1561.0,0.6406,BID
1444351839,1560.98,0.084,ASK
1444351839,1560.98,0.01,ASK
1444351839,1561.0,0.6406,BID
1444351840,1560.98,0.65,ASK
1444351841,1560.98,0.434,ASK
1444351842,1560.98,0.65,ASK
1444351842,1560.98,0.036,ASK
1444351842,1560.98,0.0998,ASK
1444351842,1560.98,0.65,ASK
1444351843,1560.98,0.65,ASK
1444351844,1560.98,0.65,ASK
1444351845,1560.98,0.914,ASK
1444351845,1560.98,0.65,ASK
1444351846,1560.98,0.6,ASK
1444351846,1560.98,0.6234,ASK
1444351846,1560.98,0.001,ASK
1444351851,1560.97,0.0256,BID
1444351851,1560.97,0.65,BID
1444351853,1560.98,0.0004,ASK
1444351853,1560.98,0.3028,ASK
1444351854,1560.98,0.3732,ASK
1444351854,1560.98,0.2768,ASK
1444351855,1560.99,0.124,BID
1444351855,1560.98,0.3232,ASK
1444351856,1560.97,0.238,BID
1444351856,1560.97,0.0888,BID
1444351856,1560.99,0.2755,BID
1444351856,1560.99,0.0179,BID
1444351856,1560.99,0.0123,BID
1444351856,1561.0,0.0352,BID
1444351858,1561.0,0.4297,BID
1444351863,1560.99,0.01,BID
1444351870,1560.89,0.08,ASK
1444351870,1560.74,0.0265,ASK
1444351870,1560.55,0.0818,ASK
1444351872,1560.55,0.914,BID
1444351873,1560.55,0.01,BID
1444351873,1560.55,0.6408,BID
1444351873,1560.55,1.1399,BID
1444351874,1560.55,0.6408,BID
1444351875,1560.55,0.6408,BID
1444351876,1560.55,0.6408,BID
1444351876,1560.54,0.01,ASK
1444351876,1560.5,0.01,ASK
1444351877,1560.55,0.6408,BID
1444351878,1560.55,0.6408,BID
1444351879,1560.55,0.6408,BID
1444351880,1560.55,0.6408,BID
1444351881,1560.55,0.6408,BID
1444351882,1560.55,0.1107,BID
1444351882,1560.56,0.0998,BID
1444351882,1560.57,15.494,BID
1444351897,1560.57,0.08,ASK
1444351897,1560.57,0.0025,ASK
1444351897,1560.56,0.4303,ASK
1444351897,1560.56,0.6408,ASK
1444351897,1560.51,0.0145,ASK
1444351897,1560.5,0.29,ASK
1444351907,1560.49,0.2274,BID
1444351907,1560.5,1.7736,BID
1444351908,1560.5,0.2274,BID
1444351913,1560.5,0.753,BID
1444351914,1560.5,0.6408,BID
1444351916,1560.5,0.6408,BID
1444351918,1560.5,0.6408,BID
1444351919,1560.5,0.6408,BID
1444351920,1560.5,0.6408,BID
1444351921,1560.5,0.6408,BID
1444351922,1560.5,0.6408,BID
1444351922,1560.5,0.01,BID
1444351923,1560.46,0.11,ASK
1444351923,1560.3,0.014,ASK
1444351923,1560.28,0.012,ASK
1444351923,1560.27,0.5,ASK
1444351923,1560.22,0.018,ASK
1444351923,1560.19,5.2203,ASK
1444351923,1560.18,24.1257,ASK
1444351923,1560.5,17.0743,BID
1444351924,1560.5,0.11,ASK
1444351928,1560.5,0.0998,ASK
1444351929,1560.5,0.65,ASK
1444351930,1560.58,0.01,BID
1444351930,1560.5,0.65,ASK
1444351931,1560.5,0.65,ASK
1444351932,1560.5,0.65,ASK
1444351933,1560.5,0.65,ASK
1444351934,1560.5,0.65,ASK
1444351935,1560.5,0.65,ASK
1444351936,1560.5,0.65,ASK
1444351937,1560.5,0.65,ASK
1444351939,1560.5,0.65,ASK
1444351939,1560.58,0.0898,BID
1444351939,1560.66,0.001,BID
1444351939,1560.7,0.06,BID
1444351939,1560.72,0.163,BID
1444351939,1560.73,0.0825,BID
1444351939,1560.88,0.08,BID
1444351939,1560.93,0.001,BID
1444351939,1560.98,0.0145,BID
1444351939,1560.98,0.0139,BID
1444351939,1560.99,0.0718,BID
1444351939,1560.99,0.5,BID
1444351939,1560.99,0.0126,BID
1444351939,1561.0,9.235,BID
1444351940,1560.5,0.65,ASK
1444351941,1560.51,0.0703,ASK
1444351941,1560.51,0.0535,ASK
1444351941,1560.5,0.5262,ASK
1444351942,1560.51,0.5305,ASK
1444351942,1560.5,0.1195,ASK
1444351943,1560.98,3.0,ASK
1444351943,1560.98,3.0,ASK
1444351943,1560.98,13.419,ASK
1444351943,1560.51,0.0915,ASK
1444351943,1560.5,0.5585,ASK
1444351944,1560.5,0.65,ASK
1444351945,1560.51,0.0636,ASK
1444351945,1560.5,0.5864,ASK
1444351946,1560.5,0.0353,ASK
1444351947,1560.49,0.6147,BID
1444351947,1560.58,0.65,ASK
1444351949,1560.58,0.55,ASK
1444351951,1560.58,0.02,ASK
1444351951,1560.58,1.0,ASK
1444351952,1560.59,0.336,ASK
1444351954,1560.59,0.164,ASK
1444351954,1560.58,0.154,ASK
1444351954,1560.58,0.11,ASK
1444351954,1560.58,0.6,ASK
1444351955,1560.58,0.0998,ASK
1444351955,1560.58,0.4,ASK
1444351956,1560.58,0.069,ASK
1444351957,1560.6,0.108,ASK
1444351957,1560.58,0.492,ASK
1444351959,1560.59,0.06,ASK
1444351959,1560.58,0.44,ASK
1444351961,1560.58,0.6,ASK
1444351961,1560.58,0.06,ASK
1444351963,1560.58,0.5,ASK
1444351965,1560.58,0.6,ASK
1444351965,1560.58,0.923,ASK
1444351966,1560.58,0.371,ASK
1444351968,1560.59,0.1,ASK
1444351984,1560.7,0.13,ASK
1444351984,1560.59,0.1605,ASK
1444351984,1560.58,0.2295,ASK
1444351984,1560.58,0.6,ASK
1444351984,1560.58,0.4,ASK
1444351985,1560.58,0.5,ASK
1444351985,1560.58,0.13,ASK
1444351986,1560.58,2.0,ASK
1444351986,1560.58,2.0,ASK
1444351986,1560.58,0.65,ASK
1444351987,1560.58,0.65,ASK
1444351988,1560.58,0.3,ASK
1444351988,1560.58,2.58,ASK
1444351988,1560.58,0.65,ASK
1444351988,1560.58,0.12,ASK
1444351989,1560.58,0.65,ASK
1444351990,1560.58,0.5,ASK
1444351991,1560.58,0.65,ASK
1444351992,1560.58,0.137,ASK
1444351992,1560.51,0.2114,ASK
1444351992,1560.5,0.6147,ASK
1444351992,1560.42,0.001,ASK
1444351992,1560.32,0.018,ASK
1444351992,1560.27,0.017,ASK
1444351992,1560.22,0.014,ASK
1444351992,1560.18,0.1239,ASK
1444351992,1560.18,2.0,ASK
1444351994,1560.56,0.0044,BID
1444351994,1560.18,0.5,ASK
1444351997,1560.18,1.0,ASK
1444351997,1560.18,0.5,ASK
1444352001,1560.18,2.074,ASK
1444352001,1560.19,4.0,ASK
1444352001,1560.19,20.246,ASK
1444352004,1560.18,1.0,ASK
1444352010,1560.19,0.0126,ASK
1444352010,1560.18,0.0872,ASK
1444352011,1560.18,0.6368,ASK
1444352015,1560.18,0.363,BID
1444352019,1560.18,0.0002,BID
1444352019,1560.32,0.06,BID
1444352019,1560.49,0.015,BID
1444352019,1560.49,0.085,BID
1444352019,1560.5,1.7,BID
1444352019,1560.51,0.0126,BID
1444352019,1560.52,0.1323,BID
1444352019,1560.56,0.0995,BID
1444352019,1560.57,0.65,BID
1444352019,1560.57,0.65,BID
1444352019,1560.57,0.65,BID
1444352019,1560.68,0.0044,BID
1444352019,1560.69,0.13,BID
1444352019,1560.7,0.0998,BID
1444352019,1560.76,0.5,BID
1444352019,1560.8,1.0,BID
1444352019,1560.8,1.0,BID
1444352019,1560.82,2.0,BID
1444352019,1560.91,0.2099,BID
1444352019,1560.93,0.001,BID
1444352019,1560.95,0.108,BID
1444352019,1560.97,0.2114,BID
1444352019,1561.0,6.1273,BID
1444352019,1561.0,7.4113,BID
1444352019,1561.01,0.001,BID
1444352019,1561.01,0.001,BID
1444352019,1561.07,0.001,BID
1444352019,1561.14,0.0998,BID
1444352019,1561.31,0.2451,BID
1444352019,1561.34,0.1947,BID
1444352019,1561.42,0.001,BID
1444352019,1561.44,0.3576,BID
1444352019,1561.49,0.0998,BID
1444352019,1561.5,0.3,BID
1444352019,1561.65,0.3467,BID
1444352019,1561.78,0.2236,BID
1444352019,1561.78,14.0745,BID
1444352019,1561.8,0.0998,BID
1444352019,1561.8,0.656,BID
1444352019,1561.85,0.168,BID
1444352019,1561.89,0.0407,BID
1444352019,1561.98,0.001,BID
1444352019,1562.0,0.3,BID
1444352019,1562.02,0.0329,BID
1444352019,1562.02,0.001,BID
1444352019,1562.02,0.001,BID
1444352019,1562.04,0.0998,BID
1444352019,1562.05,0.0221,BID
1444352019,1562.08,0.0588,BID
1444352019,1562.2,0.707,BID
1444352021,1560.11,3.0,BID
1444352021,1560.11,6.495,BID
1444352022,1560.16,7.0,BID
1444352022,1560.16,7.0,BID
1444352022,1560.16,5.596,BID
1444352022,1560.17,0.1,BID
1444352023,1560.16,5.0,BID
1444352023,1560.16,6.177,BID
1444352023,1560.17,0.2,BID
1444352024,1561.19,2.0,BID
1444352024,1561.19,15.674,BID
1444352032,1561.16,0.01,BID
1444352033,1561.14,2.0,BID
1444352033,1561.14,17.501,BID
1444352035,1561.17,0.0169,BID
1444352035,1561.18,0.1831,BID
1444352037,1560.51,0.015,ASK
1444352037,1560.5,0.0848,ASK
1444352038,1561.15,0.0217,BID
1444352038,1561.18,0.1556,BID
1444352043,1561.48,0.01,BID
1444352044,1561.19,0.06,ASK
1444352044,1561.18,0.1177,ASK
1444352044,1561.18,0.225,ASK
1444352044,1561.17,0.254,ASK
1444352044,1561.0,0.3,ASK
1444352044,1560.65,0.0794,ASK
1444352044,1560.64,0.1777,ASK
1444352044,1560.54,0.1,ASK
1444352045,1560.54,0.0794,BID
1444352045,1560.54,0.5,BID
1444352045,1560.54,0.0031,BID
1444352045,1560.53,4.0,ASK
1444352045,1560.53,2.553,ASK
1444352046,1560.54,0.5,BID
1444352046,1560.53,0.116,BID
1444352046,1560.53,0.4045,BID
1444352046,1560.54,0.0955,BID
1444352046,1560.54,0.446,BID
1444352046,1560.54,1.9835,BID
1444352046,1560.65,3.0,BID
1444352046,1560.65,0.71,BID
1444352058,1561.49,0.06,BID
1444352061,1561.5,0.001,BID
1444352065,1561.51,0.06,ASK
1444352065,1561.5,0.059,ASK
1444352065,1561.49,0.153,BID
1444352066,1561.51,0.0998,ASK
1444352074,1561.49,0.01,ASK
1444352074,1561.49,0.05,BID
1444352074,1561.49,0.01,BID
1444352075,1561.49,0.1917,BID
1444352075,1561.51,0.01,BID
1444352075,1561.69,0.06,BID
1444352085,1561.71,0.0593,ASK
1444352085,1561.52,0.202,ASK
1444352086,1561.5,0.001,ASK
1444352086,1561.52,0.06,BID
1444352089,1561.51,0.2528,BID
1444352089,1561.52,0.1782,BID
1444352090,1561.53,13.026,BID
1444352092,1561.7,0.0593,BID
1444352092,1561.95,0.001,BID
1444352092,1561.99,0.015,BID
1444352092,1562.0,0.1247,BID
1444352092,1561.55,0.01,ASK
1444352092,1561.53,0.0126,ASK
1444352092,1561.52,0.2302,ASK
1444352093,1561.71,0.0593,ASK
1444352098,1561.63,0.01,BID
1444352098,1561.63,0.0305,BID
1444352099,1561.72,0.3205,ASK
1444352104,1561.69,0.1144,BID
1444352104,1561.72,0.06,BID
1444352104,1562.0,0.1753,BID
1444352104,1562.03,0.001,BID
1444352104,1562.18,0.0126,BID
1444352104,1562.19,0.2511,BID
1444352104,1562.19,0.0647,BID
1444352104,1562.2,0.5509,BID
1444352107,1561.7,0.01,ASK
1444352111,1561.73,0.001,ASK
1444352123,1561.72,0.0998,BID
1444352125,1561.86,0.01,BID
1444352126,1561.86,0.01,BID
1444352132,1561.86,0.01,BID
1444352135,1561.86,0.001,BID
1444352137,1561.86,0.0281,BID
1444352137,1561.87,0.0009,BID
1444352138,1561.87,0.0061,BID
1444352141,1561.88,0.01,ASK
1444352141,1561.88,0.01,ASK
1444352146,1561.88,0.01,ASK
1444352148,1561.89,0.0998,ASK
1444352151,1561.89,0.01,ASK
1444352159,1562.0,0.06,ASK
1444352164,1562.06,0.07,ASK
1444352164,1562.0,1.9589,ASK
1444352164,1562.0,0.01,ASK
1444352165,1562.0,0.65,ASK
1444352168,1562.0,0.01,ASK
1444352168,1562.0,0.0031,ASK
1444352168,1562.0,1.308,ASK
1444352168,1561.91,0.0131,ASK
1444352168,1561.9,0.2623,ASK
1444352168,1561.89,0.0104,ASK
1444352168,1561.88,0.2076,ASK
1444352168,1561.87,0.022,ASK
1444352168,1561.75,0.0157,ASK
1444352168,1561.74,0.3146,ASK
1444352168,1561.73,0.0998,ASK
1444352169,1561.73,0.3,BID
1444352169,1561.73,0.2,BID
1444352169,1561.73,0.2,BID
1444352170,1561.73,0.193,BID
1444352170,1561.73,2.6654,BID
1444352170,1561.73,0.148,BID
1444352171,1561.73,0.01,BID
1444352171,1561.72,0.5,BID
1444352171,1561.73,2.563,BID
1444352172,1561.75,16.0,BID
1444352172,1561.75,4.0,BID
1444352172,1561.75,10.771,BID
1444352176,1561.74,0.01,ASK
1444352178,1561.98,0.0109,BID
1444352178,1561.98,0.0293,BID
1444352178,1561.99,0.65,BID
1444352178,1561.99,0.0878,BID
1444352178,1562.0,3.4875,BID
1444352178,1562.0,0.0998,BID
1444352178,1562.15,0.1329,BID
1444352179,1562.15,0.02,ASK
1444352182,1561.97,0.02,BID
1444352185,1561.9,0.1,ASK
1444352185,1561.89,1.88,ASK
1444352187,1561.9,0.1,ASK
1444352189,1561.98,0.1098,BID
1444352189,1562.0,0.001,BID
1444352189,1562.17,0.0109,BID
1444352199,1562.01,0.0705,ASK
1444352199,1562.0,1.3385,ASK
1444352200,1562.0,0.0707,ASK
1444352200,1562.0,0.0291,ASK
1444352200,1562.02,0.077,ASK
1444352200,1562.02,0.453,ASK
1444352200,1562.0,0.197,ASK
1444352202,1562.0,0.036,ASK
1444352202,1562.0,0.12,ASK
1444352202,1561.99,0.1098,ASK
1444352202,1561.97,0.0592,ASK
1444352206,1561.95,0.325,BID
1444352206,1561.99,0.156,BID
1444352208,1562.0,2.252,ASK
1444352208,1562.0,0.0006,ASK
1444352208,1561.96,0.325,ASK
1444352208,1561.95,0.325,ASK
1444352211,1561.87,5.4004,BID
1444352213,1561.87,0.6403,BID
1444352214,1561.87,0.001,BID
1444352214,1561.87,3.1892,BID
1444352214,1561.87,0.6403,BID
1444352216,1561.87,0.6403,BID
1444352216,1561.87,0.001,BID
1444352217,1561.87,1.0,BID
1444352218,1561.87,0.6403,BID
1444352219,1561.87,0.6403,BID
1444352219,1561.87,0.6403,BID
1444352220,1561.87,0.6403,BID
1444352222,1561.87,0.6403,BID
1444352222,1561.86,1.4092,BID
1444352222,1561.87,1.1424,BID
1444352223,1561.87,0.6403,BID
1444352226,1561.87,0.6382,BID
1444352226,1561.87,0.7708,BID
1444352226,1561.94,0.0217,BID
1444352226,1561.97,0.06,BID
1444352226,1561.98,0.0325,BID
1444352226,1561.99,0.295,BID
1444352229,1561.98,0.0178,BID
1444352229,1561.99,0.355,BID
1444352229,1562.15,0.0184,BID
1444352229,1562.16,0.2621,BID
1444352229,1562.16,0.4624,BID
1444352229,1562.18,0.2176,BID
1444352229,1562.2,0.6667,BID
1444352229,1561.88,0.0998,ASK
1444352231,1561.89,0.0191,ASK
1444352231,1561.88,0.5405,ASK
1444352232,1561.87,0.06,BID
1444352233,1561.87,0.0207,BID
1444352255,1561.92,0.001,ASK
1444352259,1561.93,0.0998,ASK
1444352290,1561.96,0.0998,ASK
1444352297,1562.05,0.131,BID
1444352302,1562.02,0.02,BID
1444352307,1562.04,0.0207,ASK
1444352308,1562.04,0.3583,ASK
1444352312,1562.02,0.172,BID
1444352313,1562.01,0.02,BID
1444352313,1562.02,0.02,BID
1444352313,1562.03,0.0207,BID
1444352313,1562.03,0.3383,BID
1444352317,1562.02,0.227,BID
1444352317,1562.03,0.0407,BID
1444352317,1562.04,0.0998,BID
1444352320,1562.09,0.131,BID
1444352320,1562.1,0.022,BID
1444352321,1562.1,0.0001,BID
1444352324,1562.1,0.07,ASK
1444352326,1562.1,0.0609,ASK
1444352326,1562.04,0.001,ASK
1444352345,1562.04,0.0104,ASK
1444352345,1562.03,0.0894,ASK
1444352378,1562.03,0.0998,ASK
1444352380,1562.03,0.0378,ASK
1444352386,1562.01,0.13,ASK
1444352386,1561.97,0.0151,ASK
1444352386,1561.96,0.2386,ASK
1444352386,1561.96,0.0642,ASK
1444352386,1561.95,0.131,ASK
1444352386,1561.94,0.0221,ASK
1444352386,1561.93,0.1519,ASK
1444352386,1561.92,0.0172,ASK
1444352386,1561.91,0.4099,ASK
1444352386,1561.91,0.0065,ASK
1444352386,1561.9,0.4697,ASK
1444352386,1561.88,0.0807,ASK
1444352386,1561.88,0.0807,ASK
1444352386,1561.82,0.001,ASK
1444352386,1561.79,0.001,ASK
1444352386,1561.79,0.001,ASK
1444352386,1561.79,0.001,ASK
1444352386,1561.79,0.001,ASK
1444352386,1561.77,0.0217,ASK
1444352386,1561.74,0.6303,ASK
1444352386,1561.74,0.6403,ASK
1444352386,1561.7,0.0651,ASK
1444352397,1561.98,0.0152,BID
1444352397,1561.98,0.06,BID
1444352397,1561.99,0.3032,BID
1444352397,1562.0,0.13,BID
1444352397,1562.01,0.0119,BID
1444352397,1562.02,0.0797,BID
1444352403,1561.96,0.0132,BID
1444352403,1561.97,0.0468,BID
1444352409,1561.95,0.1488,BID
1444352409,1561.96,0.0225,BID
1444352409,1561.97,0.2173,BID
1444352409,1561.97,0.1857,BID
1444352409,1562.02,0.0201,BID
1444352409,1562.02,0.1376,BID
1444352409,1562.08,0.01,BID
1444352409,1562.09,0.052,BID
1444352409,1561.87,0.0998,ASK
1444352410,1562.08,7.055,ASK
1444352443,1561.99,0.0998,ASK
1444352444,1561.99,0.0083,ASK
1444352461,1561.98,0.0998,BID
1444352470,1561.99,0.0998,ASK
1444352470,1561.99,0.3202,ASK
1444352470,1561.99,0.0998,ASK
1444352471,1561.99,0.08,ASK
1444352471,1561.98,0.5198,ASK
1444352472,1561.98,0.08,ASK
1444352475,1561.99,0.11,ASK
1444352476,1561.99,0.39,ASK
1444352476,1561.99,0.0515,ASK
1444352476,1561.99,0.0125,ASK
1444352476,1561.98,0.046,ASK
1444352477,1561.98,0.4415,ASK
1444352483,1561.98,0.02,ASK
1444352495,1561.98,0.4,ASK
1444352495,1561.98,0.4,ASK
1444352495,1561.98,0.8,ASK
1444352495,1561.98,0.69,ASK
1444352495,1561.98,0.6,ASK
1444352496,1561.98,0.6,ASK
1444352497,1561.98,0.65,ASK
1444352497,1561.98,1.0,ASK
1444352497,1561.98,0.5,ASK
1444352497,1561.98,0.65,ASK
1444352497,1562.06,1.0,ASK
1444352497,1562.06,9.693,ASK
1444352498,1562.0,0.001,ASK
1444352498,1561.98,0.649,ASK
1444352498,1561.98,0.83,ASK
1444352499,1561.99,0.0119,ASK
1444352499,1561.98,0.9881,ASK
1444352500,1561.98,0.0358,ASK
1444352500,1561.98,0.6142,ASK
1444352500,1561.98,0.5,ASK
1444352500,1561.98,0.51,ASK
1444352500,1561.98,0.65,ASK
1444352501,1561.98,0.0998,ASK
1444352501,1561.98,0.65,ASK
1444352501,1562.06,18.634,ASK
1444352503,1561.98,0.65,ASK
1444352504,1561.98,0.65,ASK
1444352505,1562.07,0.0236,BID
1444352505,1562.08,0.1081,BID
1444352505,1562.08,0.3638,BID
1444352505,1562.09,0.018,BID
1444352505,1562.09,0.1309,BID
1444352505,1562.16,0.0182,BID
1444352505,1562.17,0.001,BID
1444352505,1562.17,0.001,BID
1444352505,1562.18,0.0132,BID
1444352505,1562.19,0.4164,BID
1444352505,1562.2,0.0754,BID
1444352505,1562.29,0.148,BID
1444352505,1562.3,1.1221,BID
1444352505,1561.98,0.65,ASK
1444352507,1562.08,0.0236,ASK
1444352507,1561.99,0.4494,ASK
1444352510,1562.09,0.2279,ASK
1444352510,1561.99,0.0001,ASK
1444352511,1561.99,0.023,ASK
1444352515,1562.0,0.04,ASK
1444352528,1562.04,0.093,ASK
1444352528,1562.04,0.0409,ASK
1444352528,1562.03,0.001,ASK
1444352528,1562.02,0.0579,ASK
1444352532,1562.02,0.0021,ASK
1444352539,1562.02,0.4473,BID
1444352539,1562.03,0.1339,BID
1444352540,1562.2,0.401,ASK
1444352541,1562.2,0.2978,ASK
1444352547,1562.04,0.0224,ASK
1444352547,1562.03,0.3756,ASK
1444352548,1562.03,0.0224,ASK
1444352553,1562.05,0.022,ASK
1444352553,1562.04,0.2554,ASK
1444352553,1562.04,0.1626,ASK
1444352556,1562.04,0.0215,ASK
1444352556,1562.03,0.0493,ASK
1444352556,1562.01,0.1768,ASK
1444352557,1562.01,0.0214,BID
1444352558,1562.01,0.001,BID
1444352560,1562.01,1.18,BID
1444352560,1562.01,2.0,BID
1444352561,1562.01,0.6402,BID
1444352562,1562.01,0.6402,BID
1444352563,1562.01,0.6402,BID
1444352564,1562.01,0.4,BID
1444352564,1562.01,0.6402,BID
1444352565,1562.01,0.6402,BID
1444352566,1562.01,0.0797,BID
1444352566,1562.02,0.0265,BID
1444352577,1562.03,0.0998,BID
1444352577,1562.03,0.43,BID
1444352577,1562.17,0.0214,BID
1444352577,1562.18,0.0307,BID
1444352577,1562.19,0.65,BID
1444352577,1562.2,0.06,BID
1444352577,1562.23,0.1339,BID
1444352577,1562.26,0.1768,BID
1444352577,1562.27,0.0114,BID
1444352577,1562.28,0.2279,BID
1444352577,1562.29,0.0108,BID
1444352577,1562.3,0.1473,BID
1444352578,1562.3,2.58,BID
1444352578,1562.3,1.18,BID
1444352583,1562.06,0.0274,ASK
1444352583,1562.05,0.0265,ASK
1444352583,1562.05,0.0459,ASK
1444352584,1562.06,0.0304,ASK
1444352584,1562.05,0.0189,ASK
1444352584,1562.05,0.06,ASK
1444352584,1562.05,0.0265,ASK
1444352584,1562.04,0.3942,ASK
1444352587,1562.04,0.1356,ASK
1444352589,1562.04,0.1327,BID
1444352590,1562.04,0.3671,BID
1444352592,1562.05,0.1327,ASK
1444352592,1562.05,0.1673,ASK
1444352593,1562.05,0.1327,ASK
1444352594,1562.27,0.0459,BID
1444352594,1562.28,0.1327,BID
1444352594,1562.29,0.0189,BID
1444352594,1562.34,0.003,BID
1444352594,1562.39,0.0491,BID
1444352594,1562.4,0.9361,BID
1444352594,1562.05,0.1998,ASK
1444352596,1562.04,0.1327,BID
1444352597,1562.04,0.2622,BID
1444352597,1562.04,0.0378,BID
1444352597,1562.06,0.1957,BID
1444352597,1562.26,0.06,BID
1444352597,1562.28,0.025,BID
1444352597,1562.29,3.7997,BID
1444352597,1562.29,0.212,ASK
1444352597,1562.05,0.085,ASK
1444352600,1562.06,0.0155,ASK
1444352600,1562.06,0.7265,ASK
1444352601,1562.07,0.0712,ASK
1444352601,1562.06,0.4288,ASK
1444352603,1562.25,0.0131,BID
1444352603,1562.26,0.2622,BID
1444352603,1562.47,0.001,BID
1444352605,1562.08,0.5,ASK
1444352605,1562.24,0.2753,BID
1444352606,1562.08,0.03,ASK
1444352606,1562.08,0.0166,ASK
1444352606,1562.07,0.1294,ASK
1444352606,1562.07,0.1666,ASK
1444352606,1562.07,0.0145,ASK
1444352606,1562.06,0.0189,BID
1444352606,1562.06,0.2,BID
1444352606,1562.06,0.0902,BID
1444352607,1562.06,0.0371,BID
1444352607,1562.05,0.001,ASK
1444352607,1562.06,0.0727,BID
1444352607,1562.06,0.2,BID
1444352608,1562.08,0.2046,ASK
1444352608,1562.07,0.0108,ASK
1444352608,1562.05,0.046,ASK
1444352608,1562.05,0.2629,ASK
1444352608,1562.05,0.2371,ASK
1444352608,1562.06,0.0806,BID
1444352608,1562.23,0.0194,BID
1444352611,1562.07,0.0998,ASK
1444352612,1562.08,0.1579,ASK
1444352612,1562.07,0.3421,ASK
1444352613,1562.07,0.1581,ASK
1444352613,1562.05,0.1956,ASK
1444352613,1562.02,0.2463,ASK
1444352615,1562.02,0.2877,ASK
1444352615,1562.02,0.2123,ASK
1444352615,1562.06,0.6,BID
1444352615,1562.06,0.6,BID
1444352615,1562.06,0.6,BID
1444352615,1562.22,0.1579,BID
1444352615,1562.22,0.0229,BID
1444352615,1562.23,0.3857,BID
1444352616,1562.03,0.0303,ASK
1444352616,1562.02,0.4279,ASK
1444352617,1562.0,0.158,ASK
1444352619,1562.01,0.1918,BID
1444352620,1562.01,0.1918,BID
1444352621,1562.01,0.4582,BID
1444352623,1562.02,0.182,ASK
1444352623,1562.02,0.6402,ASK
1444352623,1562.0,0.0201,ASK
1444352623,1562.0,0.001,ASK
1444352623,1562.0,0.001,ASK
1444352623,1562.0,0.3,BID
1444352627,1562.0,4.9781,BID
1444352629,1562.01,0.182,BID
1444352631,1562.01,0.4582,ASK
1444352635,1561.99,0.6,BID
1444352635,1561.99,0.0971,BID
1444352635,1562.0,0.4,BID
1444352635,1562.0,0.1999,BID
1444352635,1562.0,0.6,BID
1444352636,1562.0,0.5,BID
1444352636,1562.0,0.6402,BID
1444352639,1561.98,0.0998,ASK
1444352640,1561.98,0.65,ASK
1444352641,1561.98,0.65,ASK
1444352642,1561.98,0.4262,ASK
1444352642,1561.97,0.0225,ASK
1444352663,1561.97,0.2013,BID
1444352663,1561.97,0.1987,BID
1444352664,1561.92,0.11,ASK
1444352664,1561.87,0.049,ASK
1444352664,1561.86,0.001,ASK
1444352664,1561.86,0.07,ASK
1444352664,1561.77,0.06,ASK
1444352664,1561.74,0.168,ASK
1444352664,1561.73,2.122,ASK
1444352664,1561.97,0.4513,BID
1444352665,1561.98,0.11,ASK
1444352667,1561.99,0.1217,BID
1444352667,1561.99,0.025,BID
1444352667,1562.0,0.3033,BID
1444352668,1562.0,0.1467,BID
1444352669,1562.0,0.147,BID
1444352670,1561.98,0.0789,ASK
1444352670,1561.98,0.0209,ASK
1444352671,1561.99,0.05,BID
1444352671,1562.0,0.5902,BID
1444352671,1561.98,0.5791,ASK
1444352672,1561.97,0.0709,BID
1444352672,1562.0,0.5693,BID
1444352686,1562.0,1.8136,BID
1444352687,1562.0,0.11,ASK
1444352696,1562.07,0.5,BID
1444352697,1562.07,0.5,BID
1444352697,1562.08,0.001,BID
1444352701,1562.08,0.0998,ASK
1444352702,1562.08,0.0394,ASK
1444352702,1562.08,0.6106,ASK
1444352703,1562.08,0.0296,ASK
1444352704,1562.07,0.2015,BID
1444352705,1562.07,0.3615,BID
1444352705,1562.07,0.0574,BID
1444352705,1562.07,0.563,BID
1444352706,1562.02,0.0345,ASK
1444352706,1562.01,0.6402,ASK
1444352706,1562.01,0.068,ASK
1444352706,1562.0,0.3767,ASK
1444352706,1562.07,0.029,BID
1444352708,1562.2,11.0,BID
1444352708,1562.2,1.0,BID
1444352708,1562.2,6.313,BID
1444352708,1562.08,0.0345,ASK
1444352710,1562.08,0.07,ASK
1444352711,1562.08,0.5067,ASK
1444352715,1562.01,0.0492,ASK
1444352715,1562.0,0.9823,ASK
1444352715,1562.0,0.001,ASK
1444352719,1562.0,0.001,BID
1444352725,1562.0,0.4228,BID
1444352725,1562.0,0.0472,BID
1444352726,1561.91,0.0998,ASK
1444352726,1562.0,0.002,BID
1444352727,1562.01,0.1,ASK
1444352728,1562.01,0.001,ASK
1444352734,1562.06,0.0323,BID
1444352734,1562.07,0.07,BID
1444352734,1562.07,0.5767,BID
1444352744,1562.07,1.18,ASK
1444352745,1562.07,0.191,ASK
1444352745,1562.07,0.0323,ASK
1444352745,1562.02,0.0185,ASK
1444352745,1562.01,0.37,ASK
1444352747,1561.91,0.0002,ASK
1444352747,1561.88,0.0588,ASK
1444352747,1561.87,1.6126,ASK
1444352747,1561.74,0.3284,ASK
1444352747,1561.74,1.18,ASK
1444352754,1561.74,0.1,ASK
1444352755,1561.98,18.883,ASK
1444352759,1561.98,0.001,BID
1444352770,1561.97,0.001,BID
1444352776,1561.84,0.0098,ASK
1444352776,1561.84,0.0637,ASK
1444352776,1561.84,0.5265,ASK
1444352776,1561.84,0.073,ASK
1444352777,1561.84,0.0735,ASK
1444352778,1561.85,0.0132,ASK
1444352778,1561.84,0.6368,ASK
1444352779,1561.84,0.5,ASK
1444352779,1561.84,0.65,ASK
1444352780,1561.84,0.099,ASK
1444352780,1561.84,0.65,ASK
1444352780,1561.95,1.0,ASK
1444352780,1561.95,16.1,ASK
1444352781,1561.84,0.65,ASK
1444352782,1561.84,0.358,ASK
1444352782,1561.84,0.115,ASK
1444352782,1561.84,0.5,ASK
1444352782,1561.84,0.0998,ASK
1444352782,1561.84,0.65,ASK
1444352783,1561.95,20.751,ASK
1444352783,1561.84,1.0,ASK
1444352783,1561.84,0.65,ASK
1444352784,1561.84,0.65,ASK
1444352785,1561.84,0.65,ASK
1444352786,1561.84,0.5,ASK
1444352786,1561.84,0.601,ASK
1444352786,1561.83,0.049,ASK
1444352787,1561.83,0.011,ASK
1444352787,1561.8,0.989,ASK
1444352791,1561.8,1.0,ASK
1444352792,1561.8,0.011,ASK
1444352797,1561.76,0.05,ASK
1444352798,1561.76,1.0,ASK
1444352798,1561.76,0.65,ASK
1444352799,1561.76,0.65,ASK
1444352800,1561.76,0.65,ASK
1444352802,1561.76,0.0566,ASK
1444352802,1561.74,0.6494,ASK
1444352802,1561.74,0.01,ASK
1444352807,1561.74,0.908,ASK
1444352811,1561.74,0.9228,ASK
1444352811,1561.73,45.5853,ASK
1444352812,1561.76,0.001,BID
1444352822,1561.73,4.0457,ASK
1444352835,1561.73,0.0998,ASK
1444352849,1561.73,0.5,ASK
1444352854,1561.73,4.4765,ASK
1444352859,1561.73,0.6,ASK
1444352859,1561.73,0.0998,ASK
1444352872,1561.73,8.4697,ASK
1444352876,1561.73,2.0,ASK
1444352878,1561.73,2.0,ASK
1444352879,1561.73,0.198,ASK
1444352882,1561.73,0.287,ASK
1444352883,1561.73,0.5,ASK
1444352886,1561.73,0.01,ASK
1444352889,1561.73,0.0998,ASK
1444352889,1561.73,0.5,ASK
1444352896,1561.76,0.0988,BID
1444352896,1561.76,2.9012,ASK
1444352896,1561.73,3.8136,ASK
1444352911,1561.77,0.098,ASK
1444352912,1561.77,0.0008,ASK
1444352913,1561.73,0.098,ASK
1444352916,1561.73,0.168,ASK
1444352918,1561.73,5.1875,ASK
1444352920,1561.73,4.0986,ASK
1444352927,1561.73,0.697,ASK
1444352927,1561.73,0.4,ASK
1444352927,1561.73,0.6,ASK
1444352927,1561.73,1.0,ASK
1444352928,1561.73,0.1,ASK
1444352928,1561.73,0.5,ASK
1444352928,1561.73,0.1,ASK
1444352931,1561.73,0.5,ASK
1444352931,1561.73,1.0,ASK
1444352932,1561.73,0.6,ASK
1444352933,1561.73,0.478,ASK
1444352933,1561.74,0.1,ASK
1444352934,1561.74,0.5,ASK
1444352935,1561.74,0.5,ASK
1444352937,1561.74,0.583,ASK
1444352937,1561.74,0.5,ASK
1444352937,1561.76,0.098,BID
1444352939,1561.76,0.132,ASK
1444352940,1561.76,0.5,ASK
1444352942,1561.76,1.0,ASK
1444352943,1561.76,0.5,ASK
1444352944,1561.76,1.2418,ASK
1444352945,1561.76,0.018,ASK
1444352946,1561.76,0.0998,ASK
1444352948,1561.76,0.5,ASK
1444352950,1561.76,1.0,ASK
1444352952,1561.76,0.5,ASK
1444352953,1561.76,1.0,ASK
1444352955,1561.77,0.0321,BID
1444352956,1561.77,0.0677,BID
1444352956,1561.78,0.0319,BID
1444352957,1561.78,0.0002,ASK
1444352957,1561.78,0.0317,BID
1444352958,1561.78,0.0681,ASK
1444352958,1561.76,0.1749,ASK
1444352958,1561.76,0.335,ASK
1444352959,1561.76,0.5,ASK
1444352959,1561.76,2.183,ASK
1444352963,1561.77,0.0319,ASK
1444352963,1561.77,0.0319,ASK
1444352963,1561.76,0.9362,ASK
1444352970,1561.76,0.5,ASK
1444352978,1561.77,0.0998,BID
1444352978,1561.78,0.0319,BID
1444352978,1561.79,0.639,BID
1444352978,1561.82,0.0325,BID
1444352978,1561.83,0.3768,BID
1444352983,1561.78,0.0998,ASK
1444352983,1561.77,0.0325,ASK
1444352983,1561.77,0.0319,ASK
1444352983,1561.76,0.8358,ASK
1444352988,1561.77,0.0998,BID
1444352989,1561.77,0.5,ASK
1444352991,1561.78,0.0998,ASK
1444352991,1561.77,0.9002,ASK
1444352994,1561.77,1.0,ASK
1444352997,1561.77,0.034,ASK
1444352998,1561.77,0.5,ASK
1444353000,1561.77,1.0,ASK
1444353003,1561.77,0.5,ASK
1444353003,1561.77,0.815,ASK
1444353005,1561.77,0.3658,ASK
1444353011,1561.77,0.744,ASK
1444353017,1561.78,0.0998,BID
1444353017,1561.82,0.0137,BID
1444353021,1561.82,0.064,ASK
1444353022,1561.82,0.4199,ASK
1444353022,1561.79,0.0801,ASK
1444353023,1561.79,0.018,ASK
1444353029,1561.79,0.0017,ASK
1444353029,1561.77,0.064,ASK
1444353029,1561.77,0.0137,ASK
1444353029,1561.76,0.0896,ASK
1444353029,1561.76,0.2,ASK
1444353031,1561.76,0.079,ASK
1444353031,1561.76,0.5,ASK
1444353033,1561.76,0.158,ASK
1444353034,1561.76,0.5,ASK
1444353036,1561.76,0.64,ASK
1444353037,1561.76,0.5,ASK
1444353040,1561.76,0.206,ASK
1444353046,1561.76,0.199,ASK
1444353050,1561.76,0.028,ASK
1444353053,1561.77,1.0,ASK
1444353055,1561.77,0.5,ASK
1444353056,1561.77,0.139,ASK
1444353058,1561.77,0.5,ASK
1444353058,1561.77,0.415,ASK
1444353062,1561.77,0.0998,ASK
1444353063,1561.77,0.424,ASK
1444353064,1561.77,2.7927,ASK
1444353065,1561.77,0.2073,BID
1444353066,1561.77,0.5,ASK
1444353066,1561.8,0.0242,BID
1444353067,1561.8,0.0089,ASK
1444353068,1561.8,0.0153,BID
1444353068,1561.81,0.0089,BID
1444353071,1561.78,0.0242,ASK
1444353071,1561.78,0.0187,ASK
1444353071,1561.77,0.8582,ASK
1444353071,1561.77,0.7827,ASK
1444353071,1561.77,0.001,ASK
1444353071,1561.76,0.2,ASK
1444353072,1561.76,0.5,ASK
1444353072,1561.76,0.021,ASK
1444353076,1561.76,0.024,ASK
1444353076,1561.77,0.0242,BID
1444353078,1561.77,0.5,ASK
1444353082,1561.77,0.7274,ASK
1444353082,1561.77,0.2726,ASK
1444353083,1561.77,0.0404,ASK
1444353083,1561.76,0.4596,ASK
1444353085,1561.76,0.04,ASK
1444353086,1561.76,0.5,ASK
1444353090,1561.76,0.5,ASK
1444353091,1561.76,0.079,ASK
1444353094,1561.76,0.282,ASK
1444353097,1561.76,0.387,ASK
1444353100,1561.76,0.01,ASK
1444353101,1561.76,0.01,ASK
1444353103,1561.76,4.8921,ASK
1444353105,1561.76,0.7,ASK
1444353109,1561.76,0.06,ASK
1444353112,1561.76,0.282,ASK
1444353113,1561.77,0.0998,BID
1444353113,1561.78,15.252,ASK
1444353115,1561.78,0.0998,ASK
1444353116,1561.77,0.282,ASK
1444353118,1561.77,0.08,ASK
1444353121,1561.77,0.082,ASK
1444353136,1561.77,0.01,ASK
1444353139,1561.77,0.0998,ASK
1444353146,1561.8,0.0137,BID
1444353146,1561.8,0.01,BID
1444353146,1561.81,0.475,BID
1444353146,1561.82,0.0003,BID
1444353146,1561.82,0.0995,BID
1444353146,1561.82,0.0137,BID
1444353147,1561.82,0.1401,ASK
1444353147,1561.82,0.0137,ASK
1444353148,1561.82,0.096,ASK
1444353151,1561.83,0.037,BID
1444353152,1561.78,0.0192,ASK
1444353152,1561.78,0.0178,ASK
1444353153,1561.83,0.2362,BID
1444353157,1561.84,0.037,ASK
1444353157,1561.84,0.2732,ASK
1444353157,1561.84,0.1898,ASK
1444353158,1561.84,0.037,ASK
1444353160,1561.78,0.0059,ASK
1444353160,1561.78,0.0137,ASK
1444353160,1561.78,0.1401,ASK
1444353160,1561.77,1.3032,ASK
1444353160,1561.77,0.9508,ASK
1444353160,1561.77,0.5,ASK
1444353162,1561.77,0.3103,ASK
1444353162,1561.77,0.2107,ASK
1444353163,1561.77,0.5,ASK
1444353164,1561.77,0.2286,ASK
1444353164,1561.77,0.2348,ASK
1444353164,1561.76,0.4996,ASK
1444353171,1561.77,0.055,ASK
1444353172,1561.77,0.0007,ASK
1444353172,1561.76,0.055,ASK
1444353174,1561.84,0.0331,BID
1444353175,1561.84,0.0667,BID
1444353176,1561.85,0.0331,ASK
1444353176,1561.85,0.0667,ASK
1444353176,1561.76,6.6151,ASK
1444353177,1561.77,4.0,ASK
1444353177,1561.77,6.793,ASK
1444353178,1561.76,0.65,ASK
1444353178,1561.94,0.0557,BID
1444353178,1561.95,0.0829,BID
1444353178,1561.96,0.0004,BID
1444353178,1561.96,0.0128,BID
1444353178,1561.97,0.0627,BID
1444353178,1561.97,0.0098,BID
1444353178,1561.97,0.06,BID
1444353180,1561.98,0.001,ASK
1444353184,1562.01,0.001,BID
1444353184,1562.03,0.001,BID
1444353184,1562.05,0.0178,BID
1444353184,1562.05,0.0192,BID
1444353184,1562.05,0.0168,BID
1444353184,1562.06,0.0542,BID
1444353185,1561.81,0.019,ASK
1444353190,1561.81,0.041,ASK
1444353190,1561.78,0.0168,ASK
1444353190,1561.78,0.0192,ASK
1444353190,1561.78,0.0178,ASK
1444353190,1561.77,2.7385,ASK
1444353190,1561.76,0.079,ASK
1444353190,1561.76,0.5,ASK
1444353192,1561.8,0.041,BID
1444353194,1561.8,0.5,ASK
1444353195,1561.81,0.041,ASK
1444353195,1561.8,0.959,ASK
1444353197,1561.8,0.5,ASK
1444353200,1561.81,0.2595,ASK
1444353200,1561.8,0.2405,ASK
1444353200,1561.8,0.0998,ASK
1444353200,1561.8,1.0,ASK
1444353204,1561.8,0.5,ASK
1444353204,1561.8,0.259,ASK
1444353207,1561.81,0.1575,BID
1444353207,1561.82,0.0005,ASK
1444353207,1561.8,2.1132,ASK
1444353207,1561.8,0.1903,ASK
1444353207,1561.77,0.3097,ASK
1444353210,1561.82,0.158,ASK
1444353210,1561.82,0.158,ASK
1444353210,1561.82,0.158,ASK
1444353210,1561.82,0.026,ASK
1444353214,1561.82,0.1575,ASK
1444353214,1561.77,0.1315,ASK
1444353214,1561.77,0.5,ASK
1444353214,1561.77,2.0966,ASK
1444353214,1561.77,0.29,ASK
1444353216,1561.77,0.0538,ASK
1444353217,1561.77,0.3229,ASK
1444353217,1561.76,0.2771,ASK
1444353218,1561.76,0.5,ASK
1444353219,1561.76,0.785,ASK
1444353220,1561.77,0.0461,BID
1444353220,1561.77,3.0,BID
1444353220,1561.77,1.0,ASK
1444353221,1561.77,0.237,ASK
1444353221,1561.77,0.5,ASK
1444353221,1561.77,0.228,ASK
1444353221,1561.78,1.0,ASK
1444353221,1561.78,3.0,ASK
1444353221,1561.78,10.507,ASK
1444353222,1561.77,0.3841,ASK
1444353222,1561.77,0.158,ASK
1444353222,1561.77,1.0,ASK
1444353223,1561.82,0.0413,BID
1444353223,1561.96,0.06,BID
1444353223,1561.99,0.0109,BID
1444353223,1562.0,0.033,BID
1444353223,1562.02,0.0124,BID
1444353223,1561.77,0.17,ASK
1444353224,1561.77,0.117,ASK
1444353224,1561.77,2.927,ASK
1444353224,1561.76,0.5,ASK
1444353224,1561.77,0.0124,BID
1444353224,1561.77,0.0413,BID
1444353224,1561.76,2.0,ASK
1444353225,1561.76,0.158,ASK
1444353225,1561.76,0.385,ASK
1444353225,1561.76,0.221,ASK
1444353225,1561.76,1.0,ASK
1444353226,1561.76,0.3841,ASK
1444353227,1561.76,0.5,ASK
1444353229,1561.76,0.3841,ASK
1444353231,1561.76,0.5,ASK
1444353231,1561.76,0.7,ASK
1444353232,1561.76,0.01,ASK
1444353232,1561.76,0.2794,ASK
1444353232,1561.76,0.4668,ASK
1444353232,1561.73,0.5332,ASK
1444353234,1561.73,0.5,ASK
1444353237,1561.73,0.5,ASK
1444353238,1561.73,0.0081,ASK
1444353238,1561.73,2.0,ASK
1444353238,1561.73,1.0,ASK
1444353239,1561.73,14.4379,ASK
1444353240,1561.73,1.0,ASK
1444353240,1561.73,0.3841,ASK
1444353241,1561.76,0.001,BID
1444353243,1561.73,1.0,ASK
1444353243,1561.73,6.1607,ASK
1444353247,1561.72,0.124,ASK
1444353247,1561.72,0.1401,ASK
1444353247,1561.71,0.1857,ASK
1444353247,1561.71,0.001,ASK
1444353247,1561.7,0.001,ASK
1444353247,1561.7,0.001,ASK
1444353247,1561.69,0.001,ASK
1444353247,1561.69,0.001,ASK
1444353247,1561.68,0.001,ASK
1444353247,1561.68,0.001,ASK
1444353247,1561.68,0.001,ASK
1444353247,1561.68,0.001,ASK
1444353247,1561.66,0.001,ASK
1444353247,1561.65,0.001,ASK
1444353247,1561.65,0.001,ASK
1444353247,1561.65,0.001,ASK
1444353247,1561.65,0.001,ASK
1444353247,1561.65,0.001,ASK
1444353247,1561.63,0.001,ASK
1444353247,1561.63,0.004,ASK
1444353247,1561.57,0.1542,ASK
1444353248,1561.57,0.0558,ASK
1444353248,1561.57,0.0642,ASK
1444353249,1561.58,10.0,ASK
1444353249,1561.58,3.266,ASK
1444353249,1561.57,0.0358,ASK
1444353249,1561.56,0.06,ASK
1444353249,1561.54,0.0732,ASK
1444353250,1561.54,0.5,ASK
1444353250,1561.54,0.3505,ASK
1444353250,1561.51,0.1144,ASK
1444353250,1561.5,0.05,ASK
1444353250,1561.47,0.001,ASK
1444353250,1561.37,0.001,ASK
1444353250,1561.36,0.001,ASK
1444353250,1561.17,0.001,ASK
1444353250,1561.17,0.001,ASK
1444353250,1561.17,0.003,ASK
1444353250,1561.08,0.001,ASK
1444353250,1561.03,0.001,ASK
1444353250,1561.03,0.001,ASK
1444353250,1561.01,0.001,ASK
1444353250,1561.0,0.3,ASK
1444353250,1561.0,0.1731,ASK
1444353253,1561.0,0.5,ASK
1444353254,1561.07,0.053,BID
1444353254,1561.69,0.1837,BID
1444353254,1561.7,0.0132,BID
1444353254,1561.71,0.2641,BID
1444353254,1561.72,0.0198,BID
1444353254,1561.72,0.0243,BID
1444353254,1561.73,10.1463,BID
1444353254,1561.73,0.0127,BID
1444353254,1561.76,0.107,BID
1444353254,1561.77,0.3841,BID
1444353254,1561.77,0.0998,BID
1444353254,1561.81,0.001,BID
1444353255,1562.0,0.5,ASK
1444353255,1562.0,0.0242,ASK
1444353255,1562.0,0.06,ASK
1444353256,1562.0,0.5,ASK
1444353257,1562.0,2.0,ASK
1444353259,1562.0,0.49,ASK
1444353260,1562.0,1.0,ASK
1444353260,1562.0,0.5,ASK
1444353261,1562.0,0.3841,ASK
1444353262,1562.0,2.0,ASK
1444353262,1562.0,0.5,ASK
1444353263,1562.0,0.015,ASK
1444353263,1562.0,0.12,ASK
1444353264,1562.0,0.3377,ASK
1444353264,1561.69,0.001,ASK
1444353264,1561.08,0.053,ASK
1444353264,1561.02,0.0241,ASK
1444353264,1561.02,0.0133,ASK
1444353264,1561.02,0.0243,ASK
1444353264,1561.02,0.3843,ASK
1444353265,1561.02,0.0998,ASK
1444353267,1561.02,0.472,ASK
1444353268,1561.03,0.06,ASK
1444353268,1561.03,0.44,ASK
1444353288,1561.03,0.0998,ASK
1444353290,1561.03,0.5,ASK
1444353291,1561.03,0.3701,ASK
1444353291,1561.03,0.1506,ASK
1444353291,1561.0,0.4793,ASK
1444353291,1561.45,0.001,BID
1444353293,1561.05,0.5,ASK
1444353295,1561.05,0.795,ASK
1444353296,1561.05,0.5,ASK
1444353299,1561.05,0.5,ASK
1444353299,1561.05,0.203,ASK
1444353302,1561.05,0.5,ASK
1444353303,1561.05,0.371,ASK
1444353305,1561.05,0.5,ASK
1444353306,1561.05,0.131,ASK
1444353306,1561.0,0.303,ASK
1444353306,1561.0,3.5446,ASK
1444353308,1561.0,0.6,BID
1444353311,1561.0,0.8,BID
1444353313,1561.0,0.001,BID
1444353313,1561.0,0.6406,BID
1444353313,1561.0,0.6,BID
1444353314,1560.99,0.5,BID
1444353314,1561.0,0.1406,BID
1444353316,1560.99,0.6406,BID
1444353316,1560.99,0.4,BID
1444353316,1560.99,0.3693,BID
1444353316,1561.0,0.0307,BID
1444353317,1561.0,0.5,BID
1444353318,1561.0,0.6406,BID
1444353319,1561.0,0.6406,BID
1444353320,1561.0,0.6,BID
1444353320,1561.0,0.6406,BID
1444353321,1561.0,2.6207,BID
1444353321,1561.05,0.0998,BID
1444353321,1561.15,0.06,BID
1444353321,1561.44,0.0986,BID
1444353321,1561.45,0.1045,BID
1444353321,1561.47,0.0152,BID
1444353321,1561.48,0.3041,BID
1444353321,1561.81,0.001,BID
1444353321,1561.99,0.1506,BID
1444353321,1561.99,0.0173,BID
1444353321,1562.0,0.0464,BID
1444353321,1562.0,0.3,BID
1444353321,1562.02,0.013,BID
1444353321,1562.03,0.2595,BID
1444353321,1562.07,0.0998,BID
1444353321,1562.19,0.3911,BID
1444353321,1562.19,0.4418,BID
1444353321,1562.2,1.38,BID
1444353322,1562.19,11.0,BID
1444353322,1562.19,0.373,BID
1444353326,1561.06,0.04,ASK
1444353331,1561.07,0.04,ASK
1444353332,1561.07,0.1175,ASK
1444353332,1561.07,0.0351,ASK
1444353332,1561.06,0.0049,ASK
1444353333,1561.06,0.0551,ASK
1444353333,1561.06,0.1375,ASK
1444353336,1561.07,0.04,ASK
1444353341,1561.08,0.04,ASK
1444353342,1561.08,0.15,ASK
1444353342,1561.08,0.3023,ASK
1444353342,1561.08,0.19,ASK
1444353343,1561.08,0.0449,ASK
1444353343,1561.07,0.225,BID
1444353344,1561.06,0.0998,ASK
1444353344,1561.07,0.3801,BID
1444353344,1561.07,0.0199,BID
1444353345,1561.06,0.04,ASK
1444353346,1561.07,0.6301,BID
1444353346,1561.09,0.383,ASK
1444353348,1561.09,0.3967,ASK
1444353348,1561.08,0.1033,ASK
1444353349,1561.08,0.1,ASK
1444353349,1561.08,0.3967,ASK
1444353349,1561.08,0.0301,ASK
1444353349,1561.06,0.2139,ASK
1444353350,1561.06,0.0297,ASK
1444353350,1561.05,0.4963,ASK
1444353351,1561.05,0.5,ASK
1444353352,1561.05,0.03,ASK
1444353354,1561.05,0.06,ASK
1444353354,1561.05,0.029,ASK
1444353354,1561.07,0.254,ASK
1444353354,1561.05,0.346,ASK
1444353355,1561.05,0.5,ASK
1444353355,1561.05,0.65,ASK
1444353356,1561.06,0.5,ASK
1444353356,1561.05,0.15,ASK
1444353357,1561.05,0.65,ASK
1444353358,1561.05,0.132,ASK
1444353358,1561.05,0.4567,ASK
1444353358,1561.01,0.5,ASK
1444353362,1561.01,0.1406,ASK
1444353362,1561.01,0.3594,ASK
1444353362,1561.01,0.011,ASK
1444353363,1561.01,0.2702,ASK
1444353363,1561.0,0.3,ASK
1444353363,1561.0,0.001,BID
1444353366,1560.95,0.001,ASK
1444353366,1560.81,0.001,ASK
1444353370,1560.5,0.0983,ASK
1444353375,1560.51,0.087,BID
1444353375,1560.7,0.06,BID
1444353379,1560.71,0.147,ASK
1444353379,1560.71,0.065,ASK
1444353384,1560.98,0.0136,BID
1444353384,1560.99,0.0684,BID
1444353385,1560.72,0.06,ASK
1444353385,1560.6,0.001,ASK
1444353385,1560.52,0.021,ASK
1444353400,1560.53,0.0309,ASK
1444353412,1560.64,0.0998,BID
1444353412,1560.74,0.06,BID
1444353415,1560.75,0.0002,ASK
1444353415,1560.75,0.1598,ASK
1444353416,1560.75,0.0002,ASK
1444353418,1560.65,0.0998,ASK
1444353418,1560.55,0.0552,ASK
1444353421,1560.55,0.0998,ASK
1444353427,1560.74,0.16,BID
1444353432,1560.75,0.16,ASK
1444353435,1560.74,0.16,BID
1444353435,1560.93,0.0369,BID
1444353435,1560.94,0.0977,BID
1444353435,1560.95,0.0835,BID
1444353435,1560.97,0.0204,BID
1444353435,1560.98,0.4088,BID
1444353435,1560.98,0.0101,BID
1444353435,1560.99,0.2027,BID
1444353435,1561.0,0.0788,BID
1444353435,1561.01,0.0998,BID
1444353435,1561.03,0.0422,BID
1444353435,1561.04,0.1933,BID
1444353435,1561.04,0.65,BID
1444353438,1561.04,0.815,ASK
1444353442,1561.05,0.037,ASK
1444353445,1561.05,0.027,ASK
1444353446,1561.05,0.0002,ASK
1444353446,1561.04,0.027,ASK
1444353447,1561.19,6.0,ASK
1444353447,1561.19,3.644,ASK
1444353447,1561.04,0.0998,ASK
1444353449,1561.06,0.0093,ASK
1444353449,1561.04,0.7347,ASK
1444353450,1561.04,0.0824,ASK
1444353453,1561.0,0.016,ASK
1444353455,1561.03,0.1564,BID
1444353457,1561.05,0.044,ASK
1444353461,1561.06,0.0167,ASK
1444353461,1561.06,0.0469,ASK
1444353461,1561.05,0.7794,ASK
1444353463,1561.05,0.0167,ASK
1444353466,1561.05,0.0035,ASK
1444353466,1561.04,0.0165,ASK
1444353469,1561.04,0.091,ASK
1444353474,1561.05,0.0832,ASK
1444353474,1561.05,0.0084,ASK
1444353474,1561.05,0.0026,ASK
1444353475,1561.05,0.027,ASK
1444353476,1561.05,0.027,ASK
1444353477,1561.05,0.03,ASK
1444353477,1561.05,0.027,ASK
1444353479,1561.05,0.133,ASK
1444353483,1561.15,0.0139,BID
1444353483,1561.16,0.2773,BID
1444353483,1561.17,0.0916,BID
1444353483,1561.18,0.0469,BID
1444353483,1561.19,0.0093,BID
1444353483,1561.2,0.0214,BID
1444353483,1561.21,0.4272,BID
1444353483,1561.22,0.0782,BID
1444353483,1561.23,0.254,BID
1444353483,1561.23,1.4098,BID
1444353483,1561.24,0.4096,BID
1444353483,1561.25,0.02,BID
1444353483,1561.27,0.001,BID
1444353483,1561.27,0.001,BID
1444353483,1561.59,0.1375,BID
1444353483,1561.6,0.001,BID
1444353483,1561.6,0.001,BID
1444353483,1561.7,3.2651,BID
1444353483,1561.75,0.12,BID
1444353483,1561.75,1.182,BID
1444353483,1561.75,0.168,BID
1444353483,1561.76,15.7283,BID
1444353483,1561.82,0.001,BID
1444353483,1562.0,0.3,BID
1444353483,1562.15,0.001,BID
1444353483,1562.19,3.0,BID
1444353483,1562.2,0.62,BID
1444353483,1562.21,0.3615,BID
1444353483,1562.25,5.2913,BID
1444353483,1562.36,0.001,BID
1444353483,1562.37,0.001,BID
1444353483,1562.44,0.001,BID
1444353483,1562.63,0.001,BID
1444353483,1562.65,0.001,BID
1444353483,1562.65,0.001,BID
1444353483,1562.65,0.001,BID
1444353483,1562.65,0.001,BID
1444353483,1562.65,0.001,BID
1444353483,1562.66,0.001,BID
1444353483,1562.68,0.001,BID
1444353483,1562.68,0.001,BID
1444353483,1562.68,0.001,BID
1444353483,1562.68,0.001,BID
1444353483,1562.69,0.001,BID
1444353483,1562.69,0.001,BID
1444353483,1562.69,0.001,BID
1444353483,1562.7,0.001,BID
1444353483,1562.7,0.001,BID
1444353483,1562.71,0.001,BID
1444353483,1562.79,0.001,BID
1444353483,1562.79,0.001,BID
1444353483,1562.79,0.001,BID
1444353483,1562.79,0.001,BID
1444353483,1562.82,0.001,BID
1444353483,1562.86,0.001,BID
1444353483,1562.9,0.001,BID
1444353483,1562.99,0.9569,BID
1444353483,1563.0,0.138,BID
1444353483,1563.0,0.001,BID
1444353483,1563.0,0.001,BID
1444353483,1563.0,0.001,BID
1444353483,1563.0,6.6362,BID
1444353484,1561.05,0.051,ASK
1444353486,1561.3,0.037,ASK
1444353487,1561.3,0.277,ASK
1444353490,1561.31,0.0461,ASK
1444353490,1561.31,0.0534,ASK
1444353490,1561.3,0.0065,ASK
1444353495,1561.32,0.0139,ASK
1444353495,1561.31,0.9861,ASK
1444353497,1561.31,0.4,ASK
1444353499,1562.0,0.3,ASK
1444353500,1561.32,0.06,ASK
1444353500,1561.31,0.44,ASK
1444353500,1561.31,0.0191,ASK
1444353500,1561.31,0.0809,ASK
1444353500,1561.32,16.042,ASK
1444353501,1561.98,0.015,BID
1444353501,1561.99,0.2194,BID
1444353502,1561.99,0.0032,BID
1444353504,1561.31,0.0998,ASK
1444353505,1561.31,0.01,ASK
1444353505,1561.31,0.0006,ASK
1444353510,1561.24,0.001,ASK
1444353510,1561.18,0.013,ASK
1444353511,1561.18,0.0009,ASK
1444353511,1561.17,0.2761,ASK
1444353511,1561.17,0.0012,ASK
1444353516,1561.17,0.0128,BID
1444353516,1561.29,0.01,BID
1444353516,1561.44,0.0128,BID
1444353518,1561.33,0.5,ASK
1444353518,1561.33,0.1224,ASK
1444353518,1561.33,1.0,ASK
1444353518,1561.33,0.191,ASK
1444353518,1561.33,0.1738,ASK
1444353521,1561.16,0.0537,BID
1444353529,1561.25,0.04,BID
1444353534,1561.07,0.0998,ASK
1444353535,1561.07,0.0575,ASK
1444353535,1561.07,0.2198,ASK
1444353535,1561.25,0.0982,BID
1444353542,1561.23,0.2788,BID
1444353542,1561.24,0.0141,BID
1444353542,1561.25,0.0191,BID
1444353542,1561.25,0.011,BID
1444353544,1561.08,0.031,ASK
1444353545,1561.24,0.001,BID
1444353547,1561.09,0.2636,ASK
1444353547,1561.08,0.0174,ASK
1444353550,1561.24,0.0131,BID
1444353550,1561.25,0.2525,BID
1444353550,1561.26,0.0004,ASK
1444353554,1561.23,0.1489,BID
1444353554,1561.24,0.0001,ASK
1444353555,1561.22,0.1489,BID
1444353559,1561.22,0.0287,BID
1444353559,1561.3,0.04,BID
1444353562,1561.5,0.631,ASK
1444353565,1561.5,0.0998,ASK
1444353566,1561.51,0.1075,ASK
1444353566,1561.5,0.2005,ASK
1444353566,1561.28,0.001,ASK
1444353566,1561.23,0.0287,ASK
1444353566,1561.13,0.013,ASK
1444353566,1561.13,0.0163,ASK
1444353566,1561.12,0.3399,ASK
1444353566,1561.12,0.0171,ASK
1444353567,1562.06,9.646,ASK
1444353574,1561.22,0.476,ASK
1444353575,1561.22,0.3374,ASK
1444353575,1561.13,0.06,ASK
1444353575,1561.12,0.1026,ASK
1444353577,1561.23,0.0706,ASK
1444353577,1561.23,0.1125,ASK
1444353577,1561.12,0.0219,ASK
1444353591,1561.13,0.0995,ASK
1444353591,1561.12,0.0003,ASK
1444353623,1561.2,0.0998,ASK
1444353631,1561.2,0.09,ASK
1444353637,1561.95,0.0373,BID
1444353637,1561.96,0.028,BID
