timestamp,price,amount,side
1445903810,1864.99,0.0024,BID
1445903810,1864.99,0.5976,BID
1445903810,1865.0,8.5071,BID
1445903812,1865.0,0.0024,BID
1445903814,1865.0,0.0024,BID
1445903817,1864.99,0.0024,BID
1445903819,1864.92,0.003,ASK
1445903819,1864.9,0.0059,ASK
1445903820,1864.99,0.2,BID
1445903821,1864.99,0.0024,BID
1445903824,1865.0,0.0024,BID
1445903824,1864.99,0.098,ASK
1445903826,1864.99,0.2452,BID
1445903826,1865.0,0.3048,BID
1445903826,1865.0,0.6325,BID
1445903827,1865.0,0.5,BID
1445903829,1865.0,2.815,BID
1445903831,1865.0,0.5,BID
1445903831,1865.0,0.0024,BID
1445903833,1864.99,0.0136,BID
1445903833,1865.0,2.1074,BID
1445903833,1865.0,0.007,ASK
1445903834,1866.59,0.5,BID
1445903841,1866.57,0.0497,BID
1445903841,1866.58,0.06,BID
1445903841,1866.58,0.0033,BID
1445903841,1866.58,0.1742,BID
1445903841,1866.59,0.1946,BID
1445903893,1865.92,0.0182,BID
1445903902,1865.93,0.01,ASK
1445903905,1865.93,0.0718,ASK
1445903905,1865.43,0.01,BID
1445903905,1865.63,0.05,BID
1445903905,1865.16,0.0182,ASK
1445903905,1865.14,0.0289,ASK
1445903905,1865.13,0.0339,ASK
1445903915,1865.91,0.0024,BID
1445903916,1865.91,0.0024,BID
1445903917,1865.91,0.0024,BID
1445903919,1865.91,0.0024,BID
1445903921,1865.91,0.0024,BID
1445903921,1865.15,0.0024,ASK
1445903921,1865.14,0.0108,ASK
1445903921,1865.14,0.0497,ASK
1445903921,1865.13,0.0354,ASK
1445903921,1865.11,0.0148,ASK
1445903921,1865.1,0.0144,ASK
1445903921,1865.1,0.1583,ASK
1445903921,1865.1,0.1374,ASK
1445903921,1865.09,0.2382,ASK
1445903921,1865.07,0.0542,ASK
1445903921,1865.07,0.0784,ASK
1445903921,1865.01,0.0033,ASK
1445903921,1865.01,0.1742,ASK
1445903921,1865.0,0.2,ASK
1445903921,1864.91,0.0858,ASK
1445903921,1864.9,1.7153,ASK
1445903921,1864.36,0.7,ASK
1445903921,1864.35,0.0274,ASK
1445903922,1865.91,0.0024,BID
1445903922,1864.36,7.918,ASK
1445903924,1865.14,0.008,BID
1445903925,1865.16,0.2024,ASK
1445903927,1865.0,0.02,BID
1445903927,1865.0,0.0155,BID
1445903928,1865.0,0.2502,BID
1445903928,1864.39,2.0,BID
1445903928,1864.39,1.468,BID
1445903929,1865.0,0.75,BID
1445903931,1865.0,0.1,BID
1445903932,1864.99,0.5,BID
1445903933,1864.99,0.1219,BID
1445903933,1864.99,0.0781,BID
1445903935,1865.0,0.5,BID
1445903937,1865.0,0.3,BID
1445903939,1865.0,0.02,BID
1445903939,1865.0,0.5,BID
1445903942,1865.0,0.5,BID
1445903943,1865.0,0.0219,BID
1445903944,1865.0,0.01,BID
1445903945,1864.99,0.1065,BID
1445903945,1865.0,0.3935,BID
1445903946,1865.0,0.27,BID
1445903947,1865.0,2.1465,BID
1445903951,1865.6,0.02,ASK
1445903951,1865.0,0.2212,ASK
1445903951,1865.0,0.0057,ASK
1445903957,1865.0,0.01,ASK
1445903959,1865.89,0.0497,BID
1445903959,1865.9,0.2104,BID
1445903959,1865.9,0.1765,BID
1445903959,1865.0,0.0089,ASK
1445903960,1865.01,0.0089,ASK
1445903961,1865.88,0.0024,BID
1445903962,1865.88,0.01,BID
1445903962,1865.02,0.0089,ASK
1445903967,1865.87,0.0089,BID
1445903967,1865.88,0.0031,BID
1445903969,1865.87,0.0024,BID
1445903972,1865.86,0.0124,BID
1445903972,1865.86,0.02,BID
1445903972,1865.87,0.038,BID
1445903972,1865.88,0.0196,BID
1445903973,1865.83,0.0024,ASK
1445903973,1865.03,0.0076,ASK
1445903974,1865.86,0.0024,BID
1445903976,1865.86,0.0024,BID
1445903978,1865.85,0.0024,BID
1445903980,1865.04,0.0089,ASK
1445903982,1865.85,0.0024,BID
1445903987,1865.83,0.0024,BID
1445903989,1865.82,0.06,BID
1445903989,1865.83,0.0028,BID
1445903989,1865.84,0.0172,BID
1445903990,1865.84,0.0024,BID
1445903992,1865.1,0.007,ASK
1445903992,1865.84,0.2259,BID
1445903992,1865.85,0.0116,BID
1445903992,1865.86,0.0901,BID
1445903994,1865.11,0.04,ASK
1445903994,1865.88,0.0024,BID
1445903996,1865.88,0.0024,BID
1445903997,1865.87,0.04,BID
1445903997,1865.88,0.05,BID
1445903998,1865.88,0.0024,BID
1445903998,1865.88,0.057,BID
1445903998,1865.88,0.0025,BID
1445903998,1865.9,0.04,BID
1445903999,1865.9,0.0337,BID
1445903999,1865.91,0.0084,BID
1445903999,1865.92,0.0818,BID
1445903999,1865.94,0.0061,BID
1445903999,1865.88,0.007,ASK
1445904000,1865.88,0.0478,ASK
1445904006,1865.38,0.01,BID
1445904006,1865.87,0.0009,BID
1445904006,1865.87,0.0091,BID
1445904012,1865.39,0.0233,ASK
1445904015,1865.86,0.01,BID
1445904018,1865.41,0.01,ASK
1445904018,1865.87,0.0457,BID
1445904018,1865.94,0.0043,BID
1445904025,1865.94,0.0133,BID
1445904028,1865.93,0.0133,BID
1445904028,1865.94,0.0052,BID
1445904028,1865.95,0.0693,BID
1445904028,1865.97,0.1492,BID
1445904046,1865.25,0.0101,ASK
1445904047,1865.26,9.718,ASK
1445904056,1865.28,0.0498,ASK
1445904056,1865.27,0.0325,ASK
1445904056,1865.26,0.4177,ASK
1445904056,1865.26,0.1823,ASK
1445904056,1865.25,0.0366,ASK
1445904057,1865.25,0.06,BID
1445904062,1865.16,0.0397,ASK
1445904062,1865.15,0.5603,ASK
1445904063,1865.15,0.1219,ASK
1445904063,1865.15,0.0766,ASK
1445904063,1865.14,0.0233,ASK
1445904063,1865.14,2.2,ASK
1445904063,1865.12,0.0487,ASK
1445904063,1865.05,0.2455,ASK
1445904063,1865.04,0.014,ASK
1445904063,1865.03,0.0949,ASK
1445904063,1865.02,0.0404,ASK
1445904063,1865.02,0.0124,ASK
1445904063,1865.01,0.1404,ASK
1445904063,1865.01,0.0025,ASK
1445904063,1865.0,1.3539,ASK
1445904067,1865.13,0.085,BID
1445904067,1865.14,0.65,BID
1445904067,1865.14,0.015,BID
1445904068,1865.14,0.385,BID
1445904068,1865.14,0.1512,BID
1445904075,1865.12,0.02,BID
1445904075,1865.12,0.017,BID
1445904075,1865.13,0.041,BID
1445904075,1865.14,0.4988,BID
1445904075,1865.14,0.322,BID
1445904075,1865.25,0.5,ASK
1445904075,1865.25,0.6,ASK
1445904077,1865.25,4.041,ASK
1445904078,1865.25,0.4,ASK
1445904078,1865.25,0.6,ASK
1445904078,1865.25,0.279,ASK
1445904080,1865.02,0.0686,ASK
1445904080,1865.02,0.017,ASK
1445904080,1865.02,0.5144,ASK
1445904081,1865.02,0.1856,ASK
1445904081,1865.01,0.4644,ASK
1445904082,1865.01,0.65,ASK
1445904082,1865.23,0.011,BID
1445904082,1865.03,0.0295,ASK
1445904082,1865.01,0.2581,ASK
1445904082,1865.0,1.7124,ASK
1445904083,1865.23,0.0024,BID
1445904084,1865.0,0.3357,ASK
1445904085,1864.72,0.2412,ASK
1445904085,1864.72,0.0057,ASK
1445904085,1864.71,0.1065,ASK
1445904085,1864.5,0.001,ASK
1445904085,1864.3,0.07,ASK
1445904085,1863.78,0.7556,ASK
1445904090,1864.99,0.0024,BID
1445904091,1864.73,0.24,ASK
1445904092,1864.43,0.0024,BID
1445904094,1864.23,0.24,BID
1445904094,1864.53,0.07,ASK
1445904095,1864.72,0.24,BID
1445904096,1864.53,0.008,ASK
1445904097,1864.53,0.082,ASK
1445904098,1864.53,0.65,ASK
1445904099,1864.71,0.0024,BID
1445904099,1864.53,0.22,ASK
1445904101,1864.52,0.65,BID
1445904101,1864.52,0.65,BID
1445904101,1864.52,0.22,BID
1445904101,1864.52,0.24,BID
1445904101,1864.71,1.3725,BID
1445904101,1864.98,0.1726,BID
1445904101,1864.99,0.158,BID
1445904101,1864.99,0.0157,BID
1445904101,1865.0,0.3143,BID
1445904101,1865.23,0.0295,BID
1445904101,1865.24,0.65,BID
1445904101,1865.96,0.6,BID
1445904101,1865.96,0.6514,BID
1445904101,1865.96,0.0024,BID
1445904101,1863.8,0.0165,ASK
1445904101,1863.79,0.158,ASK
1445904101,1863.79,0.1726,ASK
1445904101,1863.79,0.052,ASK
1445904101,1863.78,0.7809,ASK
1445904103,1864.68,0.04,BID
1445904103,1864.09,3.0,BID
1445904103,1864.09,10.684,BID
1445904104,1864.08,0.0024,ASK
1445904104,1863.78,0.0376,ASK
1445904105,1864.51,0.0024,BID
1445904107,1863.81,0.0089,ASK
1445904108,1864.5,0.0108,BID
1445904108,1864.51,0.0176,BID
1445904108,1864.51,0.0116,BID
1445904108,1864.09,0.1633,ASK
1445904108,1863.82,0.06,ASK
1445904108,1863.81,0.1886,ASK
1445904108,1863.81,0.2174,ASK
1445904108,1863.79,1.79,ASK
1445904108,1863.78,0.221,ASK
1445904108,1863.44,4.4475,ASK
1445904108,1863.05,0.6548,ASK
1445904108,1863.04,0.003,ASK
1445904108,1863.02,2.0,ASK
1445904108,1863.01,9.7695,ASK
1445904108,1863.0,5.561,ASK
1445904108,1862.53,0.1142,ASK
1445904108,1862.53,0.6966,ASK
1445904109,1864.49,7.0,ASK
1445904109,1864.49,6.0,ASK
1445904109,1864.49,7.882,ASK
1445904109,1864.5,0.0024,BID
1445904117,1864.4,0.0306,ASK
1445904118,1864.09,0.0024,BID
1445904119,1864.09,0.0557,BID
1445904130,1864.06,0.0744,BID
1445904130,1864.07,0.0218,BID
1445904130,1864.07,0.2668,BID
1445904130,1864.07,0.6965,BID
1445904130,1864.08,2.4197,BID
1445904131,1864.08,0.2886,BID
1445904131,1864.03,12.048,BID
1445904134,1863.72,0.0024,BID
1445904136,1863.72,0.423,BID
1445904136,1863.48,0.0075,ASK
1445904136,1863.48,0.0005,ASK
1445904138,1864.07,0.0024,BID
1445904138,1864.07,0.0051,BID
1445904138,1864.07,0.1461,BID
1445904138,1864.09,0.3888,BID
1445904140,1864.09,0.0024,BID
1445904148,1864.05,0.243,BID
1445904148,1864.06,0.06,BID
1445904148,1864.08,0.0907,BID
1445904150,1864.08,0.6,ASK
1445904150,1864.08,1.18,ASK
1445904150,1864.08,0.4,ASK
1445904150,1864.08,0.6,ASK
1445904150,1864.08,0.4,ASK
1445904151,1864.08,0.65,ASK
1445904151,1864.09,0.0024,BID
1445904152,1864.08,0.65,ASK
1445904153,1864.08,0.4909,ASK
1445904154,1864.07,0.0024,BID
1445904156,1863.76,0.0089,ASK
1445904158,1864.07,0.0024,BID
1445904163,1864.06,0.0908,BID
1445904163,1864.07,0.1543,BID
1445904163,1864.07,0.0339,BID
1445904163,1864.07,0.6,BID
1445904168,1864.05,0.0018,BID
1445904168,1864.07,0.0006,BID
1445904170,1864.07,0.0024,BID
1445904172,1863.8,0.007,ASK
1445904174,1864.06,0.0024,BID
1445904178,1864.06,0.134,BID
1445904180,1864.06,0.0024,BID
1445904182,1864.06,0.0133,BID
1445904182,1864.06,0.1867,BID
1445904182,1864.07,0.0131,BID
1445904182,1864.09,0.5409,BID
1445904185,1864.09,0.151,BID
1445904186,1864.09,0.0005,BID
1445904186,1864.49,0.0306,BID
1445904186,1864.49,0.0557,BID
1445904186,1864.5,0.1232,BID
1445904191,1864.5,0.0377,BID
1445904191,1864.51,0.1859,BID
1445904191,1864.51,0.2174,BID
1445904196,1864.99,0.0024,ASK
1445904196,1864.51,0.0377,ASK
1445904198,1864.16,0.003,ASK
1445904198,1863.81,0.005,ASK
1445904200,1864.5,0.0024,BID
1445904202,1864.5,0.0024,BID
1445904204,1865.06,0.001,BID
1445904209,1865.81,0.0024,BID
1445904210,1864.21,0.008,ASK
1445904212,1865.81,0.0006,BID
1445904212,1865.94,0.0018,BID
1445904216,1864.92,0.0024,ASK
1445904216,1864.24,0.0076,ASK
1445904217,1865.93,0.0024,BID
1445904219,1864.62,0.0024,BID
1445904221,1864.93,0.0089,ASK
1445904222,1864.93,0.01,ASK
1445904224,1864.93,0.03,ASK
1445904224,1865.9,0.0024,BID
1445904225,1864.93,0.01,ASK
1445904225,1864.93,0.0011,ASK
1445904226,1864.61,0.0024,BID
1445904230,1864.6,0.0024,ASK
1445904234,1863.86,0.008,ASK
1445904236,1864.58,0.0024,BID
1445904247,1864.58,0.0024,BID
1445904252,1864.58,0.0024,BID
1445904254,1864.57,0.0024,BID
1445904256,1863.92,0.0089,ASK
1445904258,1864.57,0.0024,BID
1445904259,1864.57,0.0024,BID
1445904261,1864.57,0.0024,BID
1445904264,1863.92,0.008,ASK
1445904266,1864.56,0.0024,ASK
1445904271,1864.55,0.0024,BID
1445904281,1864.01,0.001,ASK
1445904281,1864.54,0.0024,BID
1445904289,1864.54,0.0576,BID
1445904289,1864.55,0.0024,BID
1445904290,1863.95,10.942,BID
1445904299,1863.95,0.001,ASK
1445904307,1863.95,0.059,ASK
1445904307,1863.94,0.0087,ASK
1445904307,1863.93,0.0065,ASK
1445904307,1863.92,0.0335,ASK
1445904307,1863.91,0.014,ASK
1445904307,1863.91,0.0315,ASK
1445904307,1863.9,0.2796,ASK
1445904307,1863.81,0.0166,ASK
1445904307,1863.8,0.1451,ASK
1445904307,1863.8,0.1867,ASK
1445904307,1863.79,0.0018,ASK
1445904307,1863.79,0.001,ASK
1445904307,1863.77,0.0908,ASK
1445904307,1863.76,0.0122,ASK
1445904307,1863.75,0.243,ASK
1445904307,1863.74,0.0907,ASK
1445904314,1864.53,0.0024,BID
1445904314,1863.97,0.1358,ASK
1445904314,1863.96,0.1344,ASK
1445904314,1863.65,18.766,BID
1445904323,1863.5,0.0089,ASK
1445904323,1863.5,0.0023,ASK
1445904323,1863.49,0.0567,ASK
1445904324,1863.65,0.0024,BID
1445904326,1863.65,0.0024,BID
1445904328,1863.65,0.0024,BID
1445904330,1863.51,0.008,ASK
1445904332,1863.64,0.0024,BID
1445904332,1863.51,0.2775,ASK
1445904332,1863.5,0.0908,ASK
1445904332,1863.49,0.0064,ASK
1445904332,1863.48,0.0253,ASK
1445904332,1863.48,0.1203,ASK
1445904332,1863.47,0.06,ASK
1445904332,1863.47,0.0172,BID
1445904334,1863.47,0.0024,BID
1445904334,1863.13,2.0,BID
1445904334,1863.13,3.832,BID
1445904335,1863.47,0.2,BID
1445904337,1863.46,0.0024,BID
1445904339,1863.13,0.286,ASK
1445904339,1863.46,0.0024,BID
1445904341,1863.14,0.0089,ASK
1445904343,1863.45,0.0024,BID
1445904351,1863.44,0.0157,BID
1445904351,1863.45,0.0443,BID
1445904352,1863.45,0.0024,BID
1445904352,1863.42,2.0,BID
1445904352,1863.42,15.289,BID
1445904354,1863.43,0.0024,BID
1445904360,1863.29,0.007,ASK
1445904362,1863.29,0.0875,ASK
1445904362,1863.15,0.0423,ASK
1445904362,1863.15,0.128,ASK
1445904362,1863.14,0.2245,ASK
1445904362,1863.14,0.1177,ASK
1445904362,1863.43,0.0024,BID
1445904363,1863.3,0.0945,ASK
1445904364,1863.42,0.0024,BID
1445904366,1863.3,0.0757,ASK
1445904366,1863.3,0.0401,ASK
1445904368,1863.29,0.0002,BID
1445904368,1863.29,0.1158,BID
1445904369,1863.41,0.0024,BID
1445904372,1863.32,0.008,ASK
1445904373,1863.4,0.0024,BID
1445904375,1863.4,0.06,BID
1445904375,1863.4,0.0024,BID
1445904375,1863.4,0.0582,BID
1445904375,1863.41,0.008,BID
1445904375,1863.41,0.0738,BID
1445904377,1863.41,0.0635,BID
1445904378,1863.42,0.0024,BID
1445904380,1863.42,0.0024,BID
1445904382,1863.41,0.0089,ASK
1445904384,1863.42,0.0024,BID
1445904386,1863.42,0.0024,BID
1445904388,1863.42,0.0024,BID
1445904388,1863.42,0.12,BID
1445904389,1863.42,0.0358,BID
1445904389,1863.42,0.0401,BID
1445904389,1863.43,0.0897,BID
1445904391,1863.44,0.0103,BID
1445904394,1863.43,0.007,ASK
1445904395,1863.44,0.0024,BID
1445904396,1863.44,0.0079,BID
1445904396,1863.45,0.1843,BID
1445904396,1863.45,0.0178,BID
1445904397,1863.45,0.0024,BID
1445904400,1863.45,0.0019,BID
1445904400,1863.46,0.0005,BID
1445904402,1863.43,0.008,ASK
1445904405,1863.46,0.0024,BID
1445904408,1863.46,0.0024,BID
1445904410,1863.46,0.0024,BID
1445904412,1863.46,0.0024,BID
1445904418,1863.44,0.0089,ASK
1445904420,1863.46,0.0024,BID
1445904422,1863.46,0.0024,BID
1445904425,1863.46,0.0024,BID
1445904427,1863.45,0.008,ASK
1445904429,1863.46,0.0006,BID
1445904429,1863.49,0.0018,BID
1445904432,1863.49,0.0024,BID
1445904434,1863.49,0.0024,BID
1445904436,1863.49,0.0024,BID
1445904437,1863.49,0.0049,BID
1445904437,1863.5,0.2775,BID
1445904438,1863.5,0.0089,ASK
1445904439,1863.63,0.0024,BID
1445904441,1863.62,0.0024,BID
1445904444,1863.63,0.0024,BID
1445904446,1863.51,0.008,ASK
1445904447,1863.61,0.0024,BID
1445904449,1863.61,0.0024,BID
1445904450,1863.52,0.151,ASK
1445904450,1863.52,0.1151,ASK
1445904450,1863.52,0.0914,ASK
1445904450,1863.5,6.1059,ASK
1445904450,1863.45,0.3646,ASK
1445904450,1863.44,14.0795,ASK
1445904450,1863.44,0.011,ASK
1445904451,1863.44,0.667,ASK
1445904451,1863.53,0.0179,ASK
1445904451,1863.44,0.1573,ASK
1445904451,1863.51,0.1344,ASK
1445904451,1863.51,0.0182,ASK
1445904451,1863.51,0.0024,BID
1445904454,1863.51,0.0024,BID
1445904455,1863.45,0.0187,ASK
1445904455,1863.44,0.7423,ASK
1445904456,1863.45,0.0089,BID
1445904456,1863.51,0.2001,BID
1445904456,1863.6,0.02,BID
1445904456,1863.61,0.1462,BID
1445904456,1863.61,0.0103,BID
1445904456,1863.62,0.2065,BID
1445904456,1863.63,0.0124,BID
1445904456,1863.63,0.0187,BID
1445904456,1863.64,0.2831,BID
1445904456,1863.64,0.0908,BID
1445904456,1863.65,0.0559,BID
1445904456,1863.82,0.06,BID
1445904456,1863.89,0.1529,BID
1445904456,1863.95,11.7509,BID
1445904456,1864.52,0.0112,BID
1445904456,1864.52,0.6964,BID
1445904456,1864.53,0.132,BID
1445904456,1864.53,0.1358,BID
1445904456,1864.54,7.186,BID
1445904457,1863.45,0.5911,ASK
1445904457,1863.44,0.0017,ASK
1445904458,1864.53,12.19,BID
1445904458,1864.54,0.0024,BID
1445904458,1863.52,0.01,ASK
1445904458,1863.52,0.1727,ASK
1445904458,1863.52,0.0174,ASK
1445904458,1863.46,0.0103,ASK
1445904458,1863.46,0.0165,ASK
1445904458,1863.45,0.0549,ASK
1445904458,1863.44,0.5159,ASK
1445904460,1863.45,0.0121,ASK
1445904460,1863.44,0.4139,ASK
1445904461,1863.45,0.1156,ASK
1445904461,1863.45,0.1033,ASK
1445904461,1863.45,0.1774,ASK
1445904461,1863.44,0.2537,ASK
1445904463,1864.04,0.0024,ASK
1445904464,1863.46,0.06,ASK
1445904464,1863.45,0.317,ASK
1445904464,1863.62,0.1288,BID
1445904464,1864.52,0.0121,BID
1445904464,1864.52,0.0129,BID
1445904464,1864.53,0.0188,BID
1445904465,1864.53,0.0024,BID
1445904465,1863.46,0.1782,ASK
1445904465,1863.45,1.5638,ASK
1445904466,1863.63,0.06,ASK
1445904466,1863.63,0.01,ASK
1445904466,1863.63,0.0588,ASK
1445904466,1863.46,0.0372,ASK
1445904466,1863.46,0.0129,ASK
1445904466,1863.46,0.0145,ASK
1445904466,1863.45,0.1312,ASK
1445904466,1863.45,1.4024,ASK
1445904469,1863.47,0.06,ASK
1445904469,1863.47,0.0461,ASK
1445904469,1863.46,0.1152,ASK
1445904469,1863.45,0.9763,ASK
1445904469,1863.6,14.77,ASK
1445904474,1863.47,0.007,ASK
1445904476,1863.6,0.0024,BID
1445904477,1863.48,0.0478,ASK
1445904477,1863.47,0.0261,ASK
1445904477,1863.46,0.0987,ASK
1445904477,1863.6,0.0024,BID
1445904478,1863.46,0.0261,ASK
1445904479,1863.59,0.0024,BID
1445904481,1863.48,0.008,ASK
1445904483,1863.59,0.0024,BID
1445904486,1863.58,0.0024,BID
1445904492,1863.53,0.0024,ASK
1445904492,1863.48,0.0962,ASK
1445904492,1863.47,0.07,ASK
1445904492,1863.47,0.0292,ASK
1445904492,1863.46,0.4022,ASK
1445904494,1863.47,0.0024,BID
1445904496,1863.46,0.0089,ASK
1445904497,1863.47,0.0024,BID
1445904499,1863.46,0.01,ASK
1445904499,1863.46,0.1541,ASK
1445904499,1863.46,0.009,ASK
1445904499,1863.46,0.0024,BID
1445904500,1863.45,0.1731,ASK
1445904501,1863.46,0.0024,BID
1445904501,1863.45,0.01,ASK
1445904502,1863.45,0.187,ASK
1445904502,1863.45,0.187,ASK
1445904503,1863.45,0.008,ASK
1445904503,1863.45,0.01,ASK
1445904503,1863.45,0.65,ASK
1445904504,1863.45,0.1483,ASK
1445904504,1863.44,0.5017,ASK
1445904505,1863.46,0.0024,BID
1445904505,1863.44,0.65,ASK
1445904509,1863.44,0.01,ASK
1445904510,1863.44,0.5,ASK
1445904510,1863.44,0.01,ASK
1445904510,1863.44,0.2,ASK
1445904511,1863.45,0.0024,BID
1445904511,1863.44,0.65,ASK
1445904511,1863.44,0.01,ASK
1445904512,1863.44,0.65,ASK
1445904513,1863.45,0.0024,BID
1445904513,1863.44,0.01,ASK
1445904513,1863.44,0.65,ASK
1445904514,1863.44,0.65,ASK
1445904514,1863.45,0.0024,BID
1445904515,1863.44,0.01,ASK
1445904515,1863.44,0.65,ASK
1445904516,1863.44,0.0089,ASK
1445904516,1863.44,0.65,ASK
1445904516,1863.44,0.01,ASK
1445904517,1863.44,0.65,ASK
1445904518,1863.44,0.4,ASK
1445904518,1863.45,0.0024,BID
1445904518,1863.44,0.65,ASK
1445904519,1863.44,0.65,ASK
1445904520,1863.45,0.0024,BID
1445904520,1863.44,0.65,ASK
1445904521,1863.44,0.65,ASK
1445904522,1863.45,0.0024,BID
1445904522,1863.44,0.65,ASK
1445904523,1863.44,0.65,ASK
1445904523,1863.44,0.01,ASK
1445904524,1863.44,0.65,ASK
1445904524,1863.44,0.007,ASK
1445904525,1863.44,0.65,ASK
1445904525,1863.44,0.01,ASK
1445904526,1863.44,0.65,ASK
1445904526,1863.45,0.0024,BID
1445904527,1863.44,0.01,ASK
1445904527,1863.44,0.6,ASK
1445904527,1863.44,0.65,ASK
1445904527,1863.44,0.4,ASK
1445904527,1863.44,0.6,ASK
1445904527,1863.44,0.4,ASK
1445904528,1863.44,0.65,ASK
1445904528,1863.45,0.0024,BID
1445904529,1863.44,0.65,ASK
1445904529,1863.44,0.01,ASK
1445904529,1863.45,0.0008,BID
1445904529,1863.46,0.0027,BID
1445904529,1863.47,0.0565,BID
1445904531,1863.44,0.65,ASK
1445904532,1863.44,0.01,ASK
1445904532,1863.47,0.0024,BID
1445904532,1863.44,0.65,ASK
1445904532,1863.44,1.48,ASK
1445904533,1863.44,0.65,ASK
1445904533,1863.44,0.008,ASK
1445904534,1863.44,0.65,ASK
1445904535,1863.44,0.094,ASK
1445904535,1863.44,0.65,ASK
1445904535,1863.47,0.0024,BID
1445904536,1863.46,0.001,ASK
1445904536,1863.44,0.649,ASK
1445904538,1863.47,0.0024,BID
1445904539,1863.46,1.0,BID
1445904539,1863.46,1.0,BID
1445904539,1863.46,13.41,BID
1445904540,1863.47,0.0024,BID
1445904541,1863.45,0.011,ASK
1445904541,1863.45,0.0615,ASK
1445904541,1863.44,0.0875,ASK
1445904542,1863.47,0.0024,BID
1445904543,1863.45,0.0089,ASK
1445904544,1863.45,0.0021,ASK
1445904544,1863.45,0.0079,ASK
1445904545,1863.46,0.0024,BID
1445904546,1863.45,0.01,ASK
1445904547,1863.46,0.0024,BID
1445904548,1863.45,0.0387,ASK
1445904548,1863.45,0.0093,ASK
1445904549,1863.46,0.0024,BID
1445904549,1863.45,0.01,ASK
1445904549,1863.44,0.0387,ASK
1445904549,1863.46,0.0128,BID
1445904549,1863.47,0.0229,BID
1445904549,1863.56,0.025,BID
1445904549,1863.57,0.112,BID
1445904551,1863.45,0.008,BID
1445904553,1863.45,0.0203,ASK
1445904553,1863.45,0.0379,ASK
1445904553,1863.44,0.0528,ASK
1445904553,1863.56,0.0024,BID
1445904555,1863.56,0.0024,BID
1445904556,1863.45,0.0433,ASK
1445904556,1863.45,0.0102,ASK
1445904556,1863.44,0.0575,ASK
1445904557,1863.56,0.0024,BID
1445904559,1863.56,0.0024,BID
1445904559,1863.45,0.041,ASK
1445904559,1863.45,0.0648,ASK
1445904559,1863.44,0.0052,ASK
1445904560,1863.46,0.0089,ASK
1445904561,1863.46,0.111,ASK
1445904562,1863.55,0.0024,BID
1445904565,1863.54,0.0024,BID
1445904566,1863.46,0.01,ASK
1445904566,1863.46,0.111,ASK
1445904567,1863.54,0.0024,BID
1445904567,1863.46,0.0417,ASK
1445904567,1863.45,0.0134,ASK
1445904567,1863.45,0.0462,ASK
1445904570,1863.44,0.01,ASK
1445904570,1863.44,0.5,ASK
1445904572,1863.44,0.01,ASK
1445904572,1863.44,0.0579,ASK
1445904573,1863.44,0.007,ASK
1445904573,1863.44,0.01,ASK
1445904573,1863.45,0.001,BID
1445904574,1863.45,0.0024,BID
1445904575,1863.44,0.5,ASK
1445904575,1863.44,0.01,ASK
1445904576,1863.45,0.0024,BID
1445904577,1863.44,0.01,ASK
1445904578,1863.44,0.0829,ASK
1445904578,1863.44,0.0024,BID
1445904580,1863.43,0.0201,ASK
1445904580,1863.43,0.0649,ASK
1445904583,1863.43,0.085,ASK
1445904583,1863.43,0.008,ASK
1445904584,1863.43,0.0404,ASK
1445904584,1863.43,0.001,ASK
1445904585,1863.42,0.0024,BID
1445904586,1863.42,0.0024,BID
1445904587,1863.42,0.001,BID
1445904589,1863.42,0.0024,BID
1445904591,1863.41,0.0506,ASK
1445904591,1863.32,0.115,ASK
1445904591,1863.32,0.0024,BID
1445904593,1863.31,0.0089,ASK
1445904594,1863.32,0.02,BID
1445904594,1863.4,0.0024,BID
1445904594,1863.4,0.001,BID
1445904597,1863.4,0.0024,BID
1445904599,1863.4,0.0024,BID
1445904600,1863.31,0.008,ASK
1445904602,1863.4,0.0024,BID
1445904604,1863.4,0.0024,BID
1445904606,1863.4,0.0376,BID
1445904606,1863.42,0.0477,BID
1445904606,1863.42,0.0973,BID
1445904606,1863.45,0.0556,BID
1445904606,1863.45,0.0417,BID
1445904606,1863.54,0.0125,BID
1445904606,1863.55,0.0624,BID
1445904606,1863.55,0.2826,BID
1445904606,1863.58,0.0109,BID
1445904606,1863.59,0.043,BID
1445904606,1863.59,0.1042,BID
1445904606,1863.59,0.07,BID
1445904606,1863.6,0.0042,BID
1445904606,1863.61,0.0461,BID
1445904606,1863.61,0.06,BID
1445904606,1864.0,0.2042,BID
1445904606,1864.0,0.18,BID
1445904613,1863.99,0.0024,BID
1445904613,1863.99,0.04,BID
1445904614,1863.99,0.0884,BID
1445904614,1863.99,0.2029,BID
1445904614,1864.0,0.1087,BID
1445904614,1864.0,0.6,BID
1445904614,1864.0,0.4,BID
1445904614,1864.0,0.6,BID
1445904614,1864.0,0.6,BID
1445904614,1864.0,0.3071,BID
1445904617,1864.29,0.0666,ASK
1445904619,1864.28,0.0024,BID
1445904619,1864.11,0.1126,ASK
1445904619,1864.28,0.0214,BID
1445904620,1864.46,0.03,BID
1445904620,1864.47,0.48,BID
1445904620,1864.3,8.0,BID
1445904620,1864.3,7.705,BID
1445904621,1864.47,0.014,BID
1445904623,1864.29,0.0238,ASK
1445904624,1864.16,0.0089,ASK
1445904627,1864.27,0.0188,BID
1445904627,1864.28,0.0042,BID
1445904627,1864.28,0.0024,BID
1445904629,1864.28,0.0024,BID
1445904631,1864.26,0.0024,BID
1445904633,1864.18,0.007,ASK
1445904634,1864.26,0.0024,BID
1445904636,1864.26,0.0482,BID
1445904636,1864.27,0.1518,BID
1445904636,1864.27,0.0024,BID
1445904637,1864.27,0.024,BID
1445904637,1864.28,0.0238,BID
1445904637,1864.46,0.4158,BID
1445904637,1864.47,0.1364,ASK
1445904638,1864.45,0.0024,BID
1445904638,1864.45,0.04,BID
1445904638,1864.28,6.0,BID
1445904638,1864.28,13.8,BID
1445904641,1864.27,0.008,ASK
1445904643,1864.45,0.0024,BID
1445904644,1864.45,0.24,BID
1445904645,1864.45,0.0024,BID
1445904645,1864.45,0.047,BID
1445904645,1864.48,0.0154,BID
1445904645,1864.46,0.0821,ASK
1445904646,1864.47,0.0687,BID
1445904646,1864.48,0.0943,BID
1445904646,1864.48,0.163,BID
1445904646,1864.48,0.163,BID
1445904646,1864.48,0.0024,BID
1445904646,1864.48,0.163,BID
1445904646,1864.48,0.163,BID
1445904647,1864.48,0.0494,BID
1445904648,1864.48,0.1631,BID
1445904649,1864.46,0.0032,ASK
1445904649,1864.48,0.0024,BID
1445904650,1864.48,0.18,BID
1445904651,1864.48,0.01,BID
1445904651,1864.48,0.2044,BID
1445904654,1864.52,0.1782,BID
1445904654,1864.55,0.0039,BID
1445904654,1864.56,0.0065,BID
1445904654,1864.57,0.0219,BID
1445904654,1864.57,0.0504,BID
1445904654,1864.58,0.1031,BID
1445904654,1864.76,0.01,BID
1445904655,1864.78,0.0089,ASK
1445904657,1864.88,0.0024,BID
1445904658,1864.88,0.04,BID
1445904659,1864.88,0.0024,BID
1445904659,1864.88,0.6552,BID
1445904659,1864.89,0.5248,BID
1445904659,1864.89,0.5362,BID
1445904664,1864.87,0.0024,BID
1445904665,1864.87,0.0152,BID
1445904665,1864.88,0.4469,BID
1445904665,1864.89,0.2879,BID
1445904666,1864.55,0.008,ASK
1445904669,1864.89,0.0024,BID
1445904670,1864.89,0.6,BID
1445904670,1864.89,0.4,BID
1445904671,1864.88,0.0024,BID
1445904672,1864.88,0.0064,BID
1445904672,1864.89,1.0775,BID
1445904673,1864.89,0.0024,BID
1445904673,1864.89,6.5688,BID
1445904675,1865.31,0.0024,BID
1445904675,1865.19,14.2594,ASK
1445904675,1864.9,0.1,ASK
1445904675,1864.9,0.6,ASK
1445904675,1864.57,0.06,ASK
1445904675,1864.56,0.0088,ASK
1445904675,1864.55,0.0096,ASK
1445904675,1864.53,0.1782,ASK
1445904675,1864.5,0.0292,ASK
1445904675,1864.49,0.19,ASK
1445904675,1864.49,0.3944,ASK
1445904675,1864.49,2.6865,BID
1445904676,1864.49,0.0511,BID
1445904676,1864.49,0.0292,BID
1445904677,1864.49,1.1361,BID
1445904677,1865.18,0.65,BID
1445904677,1865.19,0.0089,BID
1445904679,1865.31,0.0487,BID
1445904679,1865.89,0.0713,BID
1445904680,1865.89,0.0024,BID
1445904681,1865.88,0.0024,BID
1445904683,1865.87,0.0024,BID
1445904684,1865.2,0.007,ASK
1445904685,1865.2,0.0341,ASK
1445904685,1864.51,0.0619,ASK
1445904685,1864.51,0.0767,ASK
1445904686,1865.86,0.0024,BID
1445904692,1865.62,0.002,ASK
1445904695,1865.84,0.0024,BID
1445904696,1865.63,0.0676,ASK
1445904696,1865.63,0.0004,ASK
1445904696,1865.64,6.685,ASK
1445904697,1865.63,0.007,ASK
1445904697,1865.63,0.0312,ASK
1445904698,1865.62,0.0024,BID
1445904700,1865.61,0.0024,BID
1445904709,1865.59,0.0024,BID
1445904713,1865.58,0.06,BID
1445904713,1865.58,0.0044,BID
1445904713,1865.59,0.0183,BID
1445904713,1865.6,0.0348,BID
1445904714,1864.94,0.0044,ASK
1445904714,1864.93,0.0026,ASK
1445904717,1865.57,0.0024,BID
1445904723,1865.6,0.0024,BID
1445904726,1865.58,0.001,BID
1445904728,1865.58,0.0024,BID
1445904730,1865.01,0.008,ASK
1445904733,1865.58,0.0024,BID
1445904735,1865.57,0.0024,BID
1445904737,1865.58,0.0024,BID
1445904739,1865.57,0.0024,BID
1445904741,1865.03,0.0089,ASK
1445904743,1865.58,0.0024,BID
1445904748,1865.58,0.0024,BID
1445904750,1865.57,0.0024,BID
1445904751,1865.04,0.008,ASK
1445904753,1865.58,0.0024,BID
1445904757,1865.57,0.033,BID
1445904758,1865.57,0.0053,BID
1445904758,1865.58,0.0277,BID
1445904760,1865.58,0.0024,BID
1445904762,1865.58,0.0024,BID
1445904764,1865.29,0.0498,ASK
1445904764,1865.28,0.0102,ASK
1445904765,1865.58,0.0024,BID
1445904767,1865.28,0.0089,ASK
1445904769,1865.57,0.0024,BID
1445904771,1865.57,0.0024,BID
1445904772,1865.29,0.0259,ASK
1445904772,1865.05,0.0053,ASK
1445904772,1864.94,0.0088,ASK
1445904773,1865.57,0.0024,BID
1445904778,1864.95,0.007,ASK
1445904779,1865.55,0.0024,BID
1445904781,1865.0,0.01,ASK
1445904781,1865.55,0.0024,BID
1445904783,1865.55,0.0024,BID
1445904785,1865.01,0.008,ASK
1445904801,1865.54,0.045,BID
1445904801,1865.55,0.005,BID
1445904801,1865.55,0.0024,BID
1445904803,1865.53,0.0024,BID
1445904805,1865.53,0.0024,BID
1445904808,1865.53,0.0024,BID
1445904809,1865.52,18.327,BID
1445904810,1865.06,0.0089,ASK
1445904812,1865.53,0.0024,BID
1445904814,1865.53,0.0024,BID
1445904816,1865.52,0.0089,BID
1445904816,1865.53,0.018,BID
1445904816,1865.55,0.0072,BID
1445904816,1865.57,0.0211,BID
1445904816,1865.58,0.0924,BID
1445904816,1865.6,0.025,BID
1445904816,1865.6,0.0024,BID
1445904818,1865.11,0.008,ASK
1445904820,1865.6,0.0024,BID
1445904822,1865.6,0.0024,BID
1445904828,1865.59,0.0024,BID
1445904829,1865.59,0.0064,BID
1445904829,1865.6,0.0136,BID
1445904830,1865.6,0.001,BID
1445904830,1865.84,0.0014,BID
1445904834,1865.15,0.0089,ASK
1445904838,1865.28,0.0024,BID
1445904840,1865.28,0.0024,BID
1445904841,1865.28,0.0024,BID
1445904845,1865.16,0.007,ASK
1445904847,1865.28,0.0024,BID
1445904849,1865.28,0.0024,BID
1445904851,1865.28,0.0024,BID
1445904857,1865.16,0.008,ASK
1445904859,1865.84,0.0024,BID
1445904859,1865.16,0.013,ASK
1445904859,1865.15,0.0203,ASK
1445904861,1865.15,0.0024,BID
1445904862,1865.15,0.06,BID
1445904862,1865.15,0.118,BID
1445904862,1865.15,0.4,BID
1445904863,1865.15,0.0024,BID
1445904863,1865.15,0.5361,BID
1445904864,1865.15,0.5361,BID
1445904865,1865.15,0.5361,BID
1445904866,1865.15,0.0024,BID
1445904866,1865.15,0.5361,BID
1445904867,1865.14,0.0089,ASK
1445904867,1865.15,0.5361,BID
1445904869,1865.15,0.0426,BID
1445904869,1865.84,0.0024,BID
1445904871,1865.84,0.0024,BID
1445904873,1865.83,0.0024,BID
1445904874,1865.16,0.008,ASK
1445904876,1865.54,0.0024,BID
1445904878,1865.54,0.0024,BID
1445904880,1865.53,0.0024,BID
1445904882,1865.54,0.0024,BID
1445904884,1865.2,0.0089,ASK
1445904885,1865.2,0.6,ASK
1445904885,1865.2,0.6,ASK
1445904885,1865.2,0.01,ASK
1445904887,1865.53,0.0024,BID
1445904888,1865.2,0.6,ASK
1445904889,1865.53,0.0024,BID
1445904890,1865.52,0.0024,BID
1445904892,1865.21,0.007,ASK
1445904894,1865.5,0.0024,BID
1445904896,1865.5,0.0024,BID
1445904898,1865.5,0.0024,BID
1445904898,1865.21,0.5662,ASK
1445904898,1865.2,2.0138,ASK
1445904900,1865.22,0.008,ASK
1445904901,1865.2,1.18,ASK
1445904901,1865.49,0.0024,BID
1445904901,1865.2,2.0,ASK
1445904903,1865.2,0.6,ASK
1445904904,1865.2,2.0,ASK
1445904905,1865.21,0.0024,BID
1445904908,1865.21,0.02,BID
1445904908,1865.21,0.1322,BID
1445904908,1865.48,0.0178,BID
1445904909,1865.48,0.0024,BID
1445904911,1865.48,0.0051,BID
1445904911,1865.49,0.5831,BID
1445904911,1865.5,4.4118,BID
1445904912,1865.22,0.1522,ASK
1445904912,1865.21,0.0194,ASK
1445904912,1865.2,0.3873,ASK
1445904912,1865.17,0.0511,ASK
1445904912,1865.16,0.4855,ASK
1445904912,1865.16,0.0845,ASK
1445904912,1865.17,6.0,ASK
1445904912,1865.17,9.475,ASK
1445904915,1865.47,0.0024,BID
1445904915,1865.17,0.0226,ASK
1445904915,1865.16,0.4294,ASK
1445904920,1865.22,0.0024,BID
1445904921,1865.16,0.0089,ASK
1445904923,1865.22,0.0024,BID
1445904925,1865.22,0.0024,BID
1445904927,1865.16,0.008,ASK
1445904929,1865.22,0.0024,BID
1445904931,1865.22,0.0024,BID
1445904933,1865.22,0.0024,BID
1445904933,1865.16,0.0053,ASK
1445904933,1865.12,0.0067,ASK
1445904936,1865.21,0.0024,BID
1445904937,1865.12,0.0021,ASK
1445904937,1865.01,0.0119,ASK
1445904938,1865.01,0.0089,ASK
1445904939,1865.01,0.014,ASK
1445904940,1865.21,0.0024,BID
1445904942,1865.21,0.0024,BID
1445904943,1865.01,0.014,ASK
1445904944,1865.21,0.0024,BID
1445904946,1865.01,0.5512,ASK
1445904949,1864.96,0.007,ASK
1445904951,1865.0,0.0024,BID
1445904952,1864.96,0.0124,ASK
1445904952,1864.94,0.1339,ASK
1445904952,1864.93,0.0181,ASK
1445904952,1864.9,0.2356,ASK
1445904953,1864.99,19.583,ASK
1445904953,1864.9,0.4,ASK
1445904953,1865.0,0.0024,BID
1445904955,1864.94,0.0133,BID
1445904956,1864.94,0.0024,BID
1445904958,1864.9,0.008,ASK
1445904958,1864.9,0.015,ASK
1445904959,1864.9,0.012,ASK
1445904960,1864.94,0.0024,BID
1445904961,1864.9,0.1726,ASK
1445904962,1864.9,0.65,ASK
1445904962,1864.9,0.018,ASK
1445904963,1864.9,0.65,ASK
1445904964,1864.9,0.65,ASK
1445904965,1864.9,0.018,ASK
1445904965,1864.9,0.1708,ASK
1445904965,1864.89,0.0024,BID
1445904967,1864.55,0.084,ASK
1445904967,1864.52,0.0335,ASK
1445904968,1864.89,0.0024,BID
1445904969,1864.89,0.4744,BID
1445904969,1864.89,0.65,BID
1445904969,1864.93,0.0241,BID
1445904969,1864.94,0.4819,BID
1445904969,1865.0,0.5488,BID
1445904969,1865.28,0.6346,BID
1445904969,1865.47,0.7,BID
1445904969,1865.5,8.3701,BID
1445904969,1865.5,0.12,ASK
1445904974,1864.88,0.0024,BID
1445904976,1864.53,0.0056,ASK
1445904976,1864.29,0.0032,ASK
1445904976,1864.28,0.0001,ASK
1445904982,1864.86,0.0278,BID
1445904984,1864.86,0.0024,BID
1445904988,1864.86,0.0024,BID
1445904990,1864.86,0.0552,BID
1445904990,1864.87,0.0056,BID
1445904990,1864.88,0.018,BID
1445904990,1864.99,0.0241,BID
1445904990,1865.0,0.482,BID
1445904993,1865.02,1.18,BID
1445904994,1865.02,0.5362,BID
1445904994,1865.0,0.1419,ASK
1445904994,1865.0,0.6077,ASK
1445904994,1865.0,0.4056,BID
1445904994,1865.01,0.02,BID
1445904994,1865.02,0.7544,BID
1445904996,1865.02,0.01,BID
1445904996,1864.86,0.0597,ASK
1445904996,1865.02,0.5362,BID
1445904996,1865.02,2.0,BID
1445904996,1865.0,2.0,ASK
1445904996,1865.0,17.0,ASK
1445904996,1865.0,1.968,ASK
1445904997,1865.01,0.4142,BID
1445904997,1865.02,2.1658,BID
1445904997,1865.02,0.0024,BID
1445904997,1865.02,0.5362,BID
1445904998,1865.02,1.18,BID
1445904998,1865.02,0.5362,BID
1445904998,1864.88,13.0,BID
1445904998,1864.88,3.0,BID
1445904998,1864.88,3.229,BID
1445904998,1865.02,0.5626,BID
1445904998,1865.81,0.018,BID
1445904998,1865.82,0.36,BID
1445904998,1865.84,0.0566,BID
1445904998,1865.85,0.0386,BID
1445904998,1865.89,0.9642,BID
1445905001,1865.32,0.0011,ASK
1445905001,1865.03,0.0069,ASK
1445905001,1865.88,7.0,ASK
1445905001,1865.88,5.642,ASK
1445905003,1865.88,0.0024,BID
1445905006,1865.89,0.0402,BID
1445905006,1865.97,0.0091,BID
1445905006,1865.97,0.0119,BID
1445905006,1865.98,0.1113,BID
1445905006,1865.98,0.0024,BID
1445905009,1865.88,0.0024,BID
1445905012,1865.87,0.0181,BID
1445905012,1865.98,0.1019,BID
1445905018,1865.97,0.0016,BID
1445905018,1865.98,0.0008,BID
1445905019,1865.06,0.0089,ASK
1445905021,1865.98,0.0024,BID
1445905026,1865.98,0.0194,BID
1445905026,1865.99,0.0784,BID
1445905026,1865.99,0.0522,BID
1445905029,1865.99,0.0024,BID
1445905037,1865.99,0.0046,BID
1445905037,1865.99,0.0546,BID
1445905037,1866.0,0.3408,BID
1445905037,1866.0,0.6,BID
1445905037,1866.0,0.0592,BID
1445905037,1866.0,0.1843,BID
1445905038,1866.57,0.0024,BID
1445905040,1866.01,0.007,ASK
1445905042,1866.02,0.01,ASK
1445905042,1866.01,0.3495,ASK
1445905042,1866.01,0.2405,ASK
1445905042,1866.57,0.0024,BID
1445905043,1866.03,0.0498,ASK
1445905043,1866.01,0.3502,ASK
1445905044,1866.03,0.06,ASK
1445905044,1866.01,0.54,ASK
1445905044,1866.01,0.06,ASK
1445905044,1865.91,0.0024,BID
1445905045,1865.06,12.0,ASK
1445905045,1865.06,5.169,ASK
1445905048,1865.91,0.0024,BID
1445905050,1865.05,0.008,ASK
1445905052,1866.0,0.0024,BID
1445905053,1865.05,0.0101,ASK
1445905053,1865.04,0.0265,ASK
1445905053,1865.03,0.5293,ASK
1445905053,1864.59,0.0167,ASK
1445905053,1864.58,0.334,ASK
1445905053,1864.57,0.1541,ASK
1445905053,1864.56,1.9433,ASK
1445905053,1866.0,0.0024,BID
1445905056,1865.99,0.0024,BID
1445905056,1864.57,0.1725,ASK
1445905061,1865.98,0.0024,BID
1445905063,1864.62,0.0089,ASK
1445905070,1865.97,0.05,BID
1445905074,1865.97,0.05,BID
1445905077,1865.97,0.0024,BID
1445905082,1865.96,0.0024,BID
1445905083,1865.96,0.0039,BID
1445905083,1865.97,0.5961,BID
1445905083,1865.97,0.4,BID
1445905084,1865.97,0.0024,BID
1445905084,1865.96,15.0,BID
1445905084,1865.96,2.045,BID
1445905085,1865.97,0.4,BID
1445905085,1865.69,0.0063,ASK
1445905085,1865.04,0.0017,ASK
1445905087,1865.9,0.0024,BID
1445905090,1865.9,0.1724,BID
1445905092,1865.89,0.12,BID
1445905092,1865.9,0.4159,BID
1445905093,1865.9,0.5359,BID
1445905094,1865.9,0.5359,BID
1445905095,1865.9,0.5359,BID
1445905096,1865.9,0.5359,BID
1445905098,1865.9,0.0024,BID
1445905100,1865.9,0.4,BID
1445905100,1865.9,0.0024,BID
1445905100,1865.9,0.02,BID
1445905102,1865.9,0.0024,BID
1445905103,1865.07,0.0089,ASK
1445905105,1865.07,0.01,ASK
1445905105,1865.89,0.0024,BID
1445905108,1865.89,0.1701,BID
1445905108,1865.89,0.01,BID
1445905108,1865.9,0.3199,BID
1445905108,1865.9,0.515,BID
1445905108,1865.9,0.139,BID
1445905108,1865.9,0.814,BID
1445905109,1865.9,2.0,BID
1445905109,1865.9,1.5506,BID
1445905109,1865.97,0.1761,BID
1445905109,1865.98,0.0058,BID
1445905113,1866.56,0.0024,BID
1445905117,1866.43,0.0024,ASK
1445905117,1865.99,0.255,ASK
1445905117,1865.1,0.035,ASK
1445905117,1865.09,0.136,ASK
1445905120,1866.13,0.06,BID
1445905121,1865.1,0.007,ASK
1445905135,1866.42,0.0024,BID
1445905136,1866.42,0.0024,BID
1445905138,1865.13,0.01,ASK
1445905138,1866.42,0.0024,BID
1445905145,1865.15,0.008,ASK
1445905153,1866.39,0.0024,BID
1445905156,1866.4,0.0024,BID
1445905159,1866.4,0.0024,BID
1445905161,1866.39,0.0024,BID
1445905164,1865.31,0.0089,ASK
1445905172,1865.87,0.0024,BID
1445905179,1865.86,0.0024,BID
1445905181,1865.86,0.0024,BID
1445905188,1865.17,0.008,ASK
1445905190,1865.85,0.0024,BID
1445905192,1865.85,0.0024,BID
1445905193,1865.84,0.0024,BID
1445905200,1865.71,0.0024,ASK
1445905202,1865.11,0.0023,ASK
1445905202,1864.77,0.0066,ASK
1445905204,1865.83,0.0024,BID
1445905206,1865.41,0.0024,BID
1445905208,1865.41,0.0024,BID
1445905210,1865.11,0.007,ASK
1445905211,1865.41,0.0024,BID
1445905214,1865.95,0.0024,BID
1445905216,1865.95,0.0024,BID
1445905217,1864.8,0.008,ASK
1445905219,1865.94,0.05,BID
1445905219,1865.95,0.1312,BID
1445905219,1865.95,0.1188,BID
1445905219,1865.95,0.55,BID
1445905226,1865.94,0.0024,BID
1445905233,1865.93,0.0079,BID
1445905233,1865.93,0.01,BID
1445905233,1865.94,0.243,BID
1445905235,1865.98,0.75,BID
1445905237,1865.98,0.0024,BID
1445905238,1865.95,0.01,ASK
1445905238,1865.94,0.1391,ASK
1445905238,1865.06,0.0079,ASK
1445905238,1864.84,0.0214,ASK
1445905238,1864.83,0.428,ASK
1445905238,1864.82,0.1645,ASK
1445905238,1864.81,0.4191,ASK
1445905240,1865.97,0.0024,BID
1445905241,1865.97,0.019,BID
1445905241,1865.97,0.1645,BID
1445905241,1865.98,0.0455,BID
1445905241,1865.97,1.0,BID
1445905241,1865.97,7.025,BID
1445905242,1865.98,0.0024,BID
1445905243,1865.68,0.0089,ASK
1445905244,1865.97,0.136,BID
1445905246,1865.97,0.0024,BID
1445905248,1865.97,0.14,BID
1445905248,1865.97,0.0024,BID
1445905248,1865.97,0.14,BID
1445905250,1865.97,0.0072,BID
1445905250,1865.98,0.7428,BID
1445905250,1865.98,0.0024,BID
1445905255,1865.67,0.008,ASK
1445905257,1865.97,0.0024,BID
1445905259,1865.96,0.0024,BID
1445905261,1865.96,0.0024,BID
1445905265,1865.96,0.0024,BID
1445905265,1865.96,0.0078,BID
1445905265,1865.97,0.2976,BID
1445905265,1865.97,0.3946,BID
1445905267,1864.86,0.0089,ASK
1445905267,1865.95,0.01,BID
1445905275,1865.96,0.0024,BID
1445905277,1865.98,0.0024,BID
1445905279,1865.95,0.02,BID
1445905279,1865.98,0.28,BID
1445905280,1865.98,0.0024,BID
1445905282,1865.22,0.007,ASK
1445905282,1865.98,0.6,BID
1445905283,1865.23,11.268,BID
1445905284,1865.98,0.5,BID
1445905288,1865.98,0.5,BID
1445905289,1865.98,0.5359,BID
1445905289,1865.98,0.0024,BID
1445905290,1865.98,0.5359,BID
1445905291,1865.98,0.0024,BID
1445905292,1865.98,0.5,BID
1445905293,1865.97,0.0413,BID
1445905293,1865.98,0.4946,BID
1445905294,1865.98,0.02,BID
1445905294,1865.98,0.5359,BID
1445905295,1865.98,1.187,BID
1445905295,1865.98,0.5359,BID
1445905296,1865.98,0.5359,BID
1445905296,1865.98,0.5,BID
1445905297,1865.98,0.003,BID
1445905297,1865.98,0.5359,BID
1445905297,1865.98,0.838,BID
1445905298,1865.81,0.0597,BID
1445905298,1865.98,0.4762,BID
1445905300,1865.98,0.023,BID
1445905300,1865.98,0.5359,BID
1445905300,1865.98,0.0024,BID
1445905301,1865.98,0.5,BID
1445905304,1865.98,0.5,BID
1445905304,1865.07,0.008,ASK
1445905307,1865.98,0.5,BID
1445905309,1865.98,0.03,BID
1445905311,1865.98,0.5,BID
1445905315,1865.98,0.057,BID
1445905315,1866.0,0.443,BID
1445905318,1866.0,0.5,BID
1445905319,1866.0,0.0024,BID
1445905321,1866.0,0.0024,BID
1445905321,1866.0,0.5,BID
1445905322,1866.0,0.6,BID
1445905322,1866.0,0.236,BID
1445905322,1866.0,0.5,BID
1445905322,1866.0,0.6,BID
1445905322,1866.0,0.5,BID
1445905322,1866.0,0.5,BID
1445905325,1866.0,0.5,BID
1445905325,1866.0,0.5,BID
1445905325,1866.0,0.5,BID
1445905326,1866.0,0.11,BID
1445905327,1866.0,0.5,BID
1445905327,1866.0,0.5,BID
1445905327,1866.0,0.0024,BID
1445905327,1866.0,0.5,BID
1445905328,1866.0,0.5,BID
1445905329,1866.0,0.3038,BID
1445905329,1866.0,0.1962,BID
1445905329,1866.0,0.0024,BID
1445905329,1866.0,0.5,BID
1445905330,1866.0,0.499,BID
1445905331,1865.7,0.0089,ASK
1445905331,1866.0,0.1924,BID
1445905331,1866.0,0.3076,BID
1445905331,1866.0,0.5,BID
1445905332,1866.0,0.5,BID
1445905332,1866.0,0.0024,BID
1445905332,1866.0,0.001,BID
1445905333,1866.0,0.5,BID
1445905334,1866.0,0.0024,BID
1445905335,1866.0,0.5,BID
1445905335,1866.0,0.5,BID
1445905337,1866.0,0.0024,BID
1445905337,1866.0,1.5,BID
1445905339,1865.71,0.008,ASK
1445905339,1865.99,0.0123,BID
1445905339,1866.0,0.4877,BID
1445905340,1866.0,0.75,BID
1445905340,1866.0,0.0024,BID
1445905342,1866.0,0.2921,BID
1445905342,1866.0,0.0099,BID
1445905342,1866.0,0.0001,BID
1445905342,1866.11,0.5,BID
1445905343,1866.11,0.0024,BID
1445905345,1866.11,0.5,BID
1445905346,1866.11,0.5359,BID
1445905347,1866.11,3.2229,BID
1445905348,1866.41,0.2,BID
1445905348,1866.41,0.0024,BID
1445905349,1866.41,0.3576,BID
1445905349,1866.43,0.1424,BID
1445905355,1866.42,0.04,BID
1445905355,1866.42,0.0026,BID
1445905355,1866.43,0.0634,BID
1445905356,1866.43,0.043,BID
1445905358,1866.43,0.0024,BID
1445905358,1866.15,0.0498,ASK
1445905358,1866.14,0.01,ASK
1445905358,1866.13,0.0598,ASK
1445905358,1866.13,0.0602,ASK
1445905358,1866.12,0.5359,ASK
1445905358,1866.12,0.5359,ASK
1445905358,1866.12,0.1701,ASK
1445905358,1866.12,0.0157,ASK
1445905358,1866.11,1.4569,ASK
1445905363,1866.12,0.0089,ASK
1445905364,1866.42,0.0024,BID
1445905367,1866.43,0.0024,BID
1445905370,1866.14,0.0024,BID
1445905372,1866.11,0.007,ASK
1445905373,1866.13,0.0024,BID
1445905374,1866.13,0.045,BID
1445905374,1866.14,1.135,BID
1445905375,1866.14,0.0474,BID
1445905375,1866.14,0.0024,BID
1445905377,1866.14,0.1068,BID
1445905378,1866.42,0.0024,BID
1445905380,1866.16,0.008,ASK
1445905381,1866.16,0.0418,ASK
1445905381,1866.15,0.0498,ASK
1445905381,1866.15,0.1566,ASK
1445905381,1866.13,0.02,ASK
1445905381,1866.13,0.7,ASK
1445905381,1866.12,0.02,ASK
1445905381,1866.12,0.6,ASK
1445905381,1866.12,0.0024,BID
1445905383,1866.12,0.0024,BID
1445905386,1866.11,1.2194,ASK
1445905386,1866.12,0.75,BID
1445905387,1866.12,0.437,BID
1445905387,1866.41,0.01,BID
1445905387,1866.43,0.026,BID
1445905387,1866.54,0.0023,BID
1445905387,1866.57,0.0494,BID
1445905387,1866.6,0.1976,BID
1445905387,1866.75,0.01,BID
1445905387,1866.98,0.1,BID
1445905387,1867.1,0.1701,BID
1445905387,1867.1,0.0157,BID
1445905387,1867.1,0.0598,BID
1445905387,1867.11,0.9221,BID
1445905387,1866.11,0.65,ASK
1445905389,1866.14,3.0,BID
1445905389,1866.14,13.663,BID
1445905389,1867.11,0.0024,BID
1445905397,1867.11,0.0024,BID
1445905403,1866.83,0.0089,ASK
1445905403,1866.83,0.2786,ASK
1445905405,1866.82,0.0024,BID
1445905410,1867.12,0.001,BID
1445905410,1867.68,0.0014,BID
1445905412,1866.82,0.287,BID
1445905412,1867.11,0.0474,BID
1445905412,1867.11,0.0133,ASK
1445905413,1867.11,0.2477,ASK
1445905414,1867.11,0.357,ASK
1445905414,1867.11,0.288,ASK
1445905414,1867.11,2.0,ASK
1445905414,1867.11,0.287,ASK
1445905414,1867.11,0.5,ASK
1445905414,1867.11,0.5,ASK
1445905414,1867.11,0.288,ASK
1445905415,1867.11,0.6,ASK
1445905415,1867.68,0.0024,BID
1445905415,1867.11,0.6,ASK
1445905415,1867.11,0.239,ASK
1445905415,1867.11,20.8935,ASK
1445905416,1867.12,0.0498,ASK
1445905416,1867.11,0.4452,ASK
1445905418,1867.12,0.1403,ASK
1445905418,1867.12,0.0268,ASK
1445905418,1867.11,0.4329,ASK
1445905419,1867.12,0.03,ASK
1445905419,1867.11,0.47,ASK
1445905419,1867.11,0.6,ASK
1445905419,1867.11,0.4,ASK
1445905421,1867.11,1.4258,ASK
1445905422,1867.11,0.5,ASK
1445905422,1867.11,0.65,ASK
1445905423,1867.13,0.007,ASK
1445905423,1867.13,0.01,ASK
1445905423,1867.13,0.104,ASK
1445905423,1867.13,0.479,ASK
1445905423,1867.11,0.171,ASK
1445905424,1867.12,0.06,ASK
1445905424,1867.12,0.2475,ASK
1445905424,1867.11,0.1925,ASK
1445905425,1867.45,0.0024,BID
1445905426,1867.12,0.1404,ASK
1445905426,1867.12,0.0268,ASK
1445905426,1867.12,0.0052,ASK
1445905426,1867.12,0.0247,ASK
1445905426,1867.11,0.4753,ASK
1445905427,1867.44,0.0024,BID
1445905430,1867.11,0.5,ASK
1445905430,1867.44,0.0024,BID
1445905432,1867.11,0.008,ASK
1445905433,1867.11,0.6,ASK
1445905433,1867.12,0.0271,ASK
1445905433,1867.11,0.3729,ASK
1445905433,1867.12,0.1565,ASK
1445905433,1867.11,0.2435,ASK
1445905439,1867.43,0.0024,BID
1445905440,1867.12,0.144,ASK
1445905440,1867.11,2.436,ASK
1445905441,1867.42,0.0024,BID
1445905446,1867.41,0.0011,BID
1445905446,1867.41,0.0013,BID
1445905446,1867.41,0.0107,BID
1445905446,1867.42,0.0493,BID
1445905448,1867.42,0.0024,BID
1445905450,1867.14,0.0011,ASK
1445905450,1867.13,0.0078,ASK
1445905452,1867.41,0.0024,BID
1445905460,1867.41,0.0024,BID
1445905461,1867.41,0.0199,BID
1445905461,1867.42,0.0001,BID
1445905462,1867.42,0.0024,BID
1445905464,1867.15,0.008,ASK
1445905466,1867.41,0.0024,BID
1445905468,1867.42,0.0024,BID
1445905470,1867.42,0.0024,BID
1445905475,1867.41,0.0426,BID
1445905475,1867.42,0.1134,BID
1445905475,1867.43,0.1541,BID
1445905475,1867.43,0.0199,BID
1445905478,1867.43,0.0024,BID
1445905479,1867.43,0.0453,BID
1445905479,1867.44,0.6,BID
1445905479,1867.44,0.6924,BID
1445905479,1867.44,0.2367,BID
1445905479,1867.45,4.7349,BID
1445905479,1867.45,0.06,BID
1445905479,1867.5,0.1,BID
1445905479,1867.69,0.2466,BID
1445905479,1867.7,14.173,BID
1445905480,1867.45,0.0089,ASK
1445905480,1867.7,0.827,BID
1445905482,1867.73,0.0462,ASK
1445905482,1867.84,0.0024,BID
1445905484,1867.84,8.36,BID
1445905484,1867.84,0.0024,BID
1445905485,1867.84,0.1134,BID
1445905486,1867.87,0.0024,BID
1445905488,1867.85,0.008,ASK
1445905488,1867.85,0.414,ASK
1445905488,1867.85,0.208,ASK
1445905489,1867.85,0.3274,ASK
1445905489,1867.85,0.0946,ASK
1445905490,1867.87,0.0006,BID
1445905490,1867.91,0.1794,BID
1445905490,1867.91,0.0024,BID
1445905490,1867.85,0.0184,ASK
1445905491,1867.84,0.13,BID
1445905491,1867.84,0.0024,BID
1445905491,1867.84,0.4,BID
1445905492,1867.84,0.0992,BID
1445905492,1867.91,0.0731,BID
1445905495,1867.91,0.3451,BID
1445905495,1867.91,0.2694,BID
1445905495,1867.91,0.0024,BID
1445905495,1867.9,3.0,BID
1445905495,1867.9,4.074,BID
1445905496,1867.91,1.7282,BID
1445905496,1867.92,8.2718,BID
1445905496,1867.92,0.5354,BID
1445905497,1867.92,0.034,BID
1445905497,1867.92,0.0024,BID
1445905497,1867.92,0.0036,BID
1445905497,1867.98,0.0012,BID
1445905500,1867.92,0.0089,ASK
1445905501,1867.98,0.0024,BID
1445905504,1867.98,0.0024,BID
1445905507,1867.98,0.09,BID
1445905508,1867.98,0.004,BID
1445905508,1868.0,0.0024,BID
1445905510,1867.99,0.007,ASK
1445905512,1868.0,0.0024,BID
1445905513,1868.0,0.02,BID
1445905514,1868.0,0.0024,BID
1445905517,1868.0,0.0024,BID
1445905519,1867.99,0.008,ASK
1445905520,1868.0,0.016,BID
1445905521,1868.0,0.0024,BID
1445905522,1868.0,0.06,BID
1445905522,1868.0,0.152,BID
1445905523,1868.02,0.0024,BID
1445905524,1868.02,0.037,BID
1445905525,1868.02,0.037,BID
1445905525,1868.02,0.5353,BID
1445905526,1868.02,0.0024,BID
1445905527,1868.02,0.3859,BID
1445905530,1868.09,0.0024,BID
1445905532,1868.03,0.0089,ASK
1445905534,1868.09,0.0024,BID
1445905535,1868.09,0.6,BID
1445905535,1868.09,0.013,BID
1445905536,1868.08,0.5353,BID
1445905539,1868.08,0.0024,BID
1445905541,1868.08,0.0024,BID
1445905543,1868.04,0.008,ASK
1445905545,1868.08,0.0024,BID
1445905546,1868.04,0.0258,ASK
1445905546,1868.03,0.1405,ASK
1445905546,1868.03,0.5353,ASK
1445905546,1868.02,0.0104,ASK
1445905546,1868.01,0.2144,ASK
1445905546,1867.99,0.0484,ASK
1445905547,1868.08,0.0024,BID
1445905550,1868.03,0.0024,BID
1445905550,1868.03,0.0234,BID
1445905550,1868.07,0.0266,BID
1445905551,1868.07,0.0072,BID
1445905551,1868.08,0.0046,BID
1445905551,1868.08,0.0024,BID
1445905553,1868.08,0.5,BID
1445905553,1867.99,0.0089,ASK
1445905555,1867.99,0.0177,ASK
1445905555,1867.93,0.0083,ASK
1445905556,1868.08,0.0024,BID
1445905557,1868.08,0.019,BID
1445905558,1868.08,0.0024,BID
1445905564,1868.07,0.0187,BID
1445905564,1868.08,0.4243,BID
1445905564,1868.09,0.5302,BID
1445905565,1867.94,0.01,ASK
1445905565,1867.94,0.01,ASK
1445905565,1868.09,0.44,BID
1445905566,1868.09,0.5,BID
1445905566,1868.09,0.0024,BID
1445905566,1868.09,0.5353,BID
1445905567,1868.09,0.5353,BID
1445905568,1868.09,0.5353,BID
1445905569,1868.09,0.5,BID
1445905569,1868.09,0.5353,BID
1445905570,1868.09,0.5353,BID
1445905571,1867.93,0.007,ASK
1445905572,1868.09,0.5353,BID
1445905573,1868.09,0.5353,BID
1445905574,1868.09,0.5,BID
1445905574,1868.09,0.0024,BID
1445905574,1868.09,0.5353,BID
1445905575,1868.09,0.5353,BID
1445905576,1868.09,0.0024,BID
1445905576,1868.09,0.5353,BID
1445905577,1868.09,0.5353,BID
1445905578,1868.09,0.0024,BID
1445905578,1868.09,0.5353,BID
1445905578,1868.09,0.6,BID
1445905579,1868.09,0.5353,BID
1445905580,1867.93,0.008,ASK
1445905580,1868.09,0.51,BID
1445905580,1868.09,0.5353,BID
1445905581,1868.09,0.5353,BID
1445905581,1868.08,0.015,BID
1445905581,1868.09,0.485,BID
1445905582,1868.09,0.0024,BID
1445905582,1868.09,0.5353,BID
1445905582,1868.08,3.0,BID
1445905582,1868.08,16.496,BID
1445905583,1868.09,0.5353,BID
1445905584,1868.09,0.5353,BID
1445905584,1868.09,0.0024,BID
1445905585,1868.09,0.5,BID
1445905585,1868.09,0.5353,BID
1445905586,1868.09,0.5353,BID
1445905586,1868.09,0.0024,BID
1445905587,1868.09,0.5353,BID
1445905588,1868.09,0.5353,BID
1445905588,1868.09,0.0024,BID
1445905589,1868.08,0.0056,BID
1445905589,1868.09,0.5297,BID
1445905590,1867.94,0.0089,ASK
1445905593,1868.09,0.0024,BID
1445905594,1868.09,0.5,BID
1445905595,1868.09,0.0024,BID
1445905595,1867.94,0.0111,ASK
1445905595,1867.94,0.0049,ASK
1445905595,1868.09,0.75,BID
1445905596,1867.94,0.0007,ASK
1445905596,1867.93,0.0028,ASK
1445905596,1867.93,0.0481,ASK
1445905596,1867.93,0.0153,ASK
1445905596,1867.92,0.1221,ASK
1445905597,1868.09,0.0024,BID
1445905597,1868.09,0.012,BID
1445905598,1868.08,0.0181,BID
1445905598,1868.09,0.4819,BID
1445905598,1867.92,0.007,ASK
1445905600,1868.09,0.0024,BID
1445905600,1868.09,0.01,BID
1445905601,1868.09,0.5,BID
1445905602,1868.09,0.0024,BID
1445905604,1868.09,0.0024,BID
1445905604,1868.09,0.409,BID
1445905604,1868.09,0.32,BID
1445905604,1868.09,0.5,BID
1445905604,1868.09,0.32,BID
1445905605,1868.09,0.32,BID
1445905605,1868.09,0.2,BID
1445905605,1867.93,0.008,ASK
1445905606,1868.09,12.697,BID
1445905606,1868.11,15.9659,BID
1445905606,1868.75,2.859,BID
1445905607,1868.75,0.0024,BID
1445905609,1868.75,0.5,BID
1445905610,1868.75,0.75,BID
1445905610,1868.75,0.0024,BID
1445905612,1868.75,0.0024,BID
1445905614,1868.75,0.0024,BID
1445905618,1868.6,0.0089,ASK
1445905621,1868.74,0.0024,BID
1445905623,1868.74,0.0024,BID
1445905624,1868.6,0.0111,ASK
1445905624,1868.6,0.0083,ASK
1445905624,1868.45,0.06,ASK
1445905624,1867.94,0.024,ASK
1445905624,1867.93,0.0197,ASK
1445905624,1867.92,0.3938,ASK
1445905624,1867.44,0.0477,ASK
1445905624,1867.42,0.0426,ASK
1445905624,1867.32,0.3854,ASK
1445905626,1868.74,0.0024,BID
1445905627,1868.74,0.0011,BID
1445905627,1868.98,0.0989,BID
1445905628,1868.07,0.01,ASK
1445905632,1868.08,0.008,ASK
1445905633,1868.73,0.021,BID
1445905634,1868.09,0.6292,ASK
1445905634,1868.09,0.0847,ASK
1445905634,1868.09,0.0498,ASK
1445905634,1868.08,0.3678,ASK
1445905634,1868.07,8.2768,ASK
1445905634,1867.99,9.0,ASK
1445905634,1867.99,5.383,ASK
1445905635,1867.99,4.0,ASK
1445905635,1867.99,3.0,ASK
1445905635,1867.99,0.538,ASK
1445905636,1868.0,0.011,BID
1445905636,1868.0,1.075,BID
1445905636,1868.0,0.189,BID
1445905636,1868.0,1.947,BID
1445905636,1868.0,0.78,BID
1445905636,1868.0,1.073,BID
1445905636,1868.0,2.0,BID
1445905637,1868.0,3.5342,BID
1445905637,1868.73,0.039,BID
1445905637,1868.97,0.0847,BID
1445905637,1868.98,0.0011,BID
1445905637,1869.0,0.06,BID
1445905637,1869.07,0.0195,BID
1445905637,1869.08,0.3892,BID
1445905637,1869.09,0.3563,BID
1445905637,1869.1,9.1742,BID
1445905638,1869.35,0.5,BID
1445905639,1869.36,0.007,BID
1445905639,1869.5,0.1,BID
1445905639,1869.98,0.1,BID
1445905639,1870.0,2.373,BID
1445905639,1869.1,0.0498,ASK
1445905640,1869.1,0.4,ASK
1445905640,1869.1,0.4,ASK
1445905640,1869.1,0.6,ASK
1445905640,1870.0,0.0024,BID
1445905641,1869.1,2.1195,ASK
1445905641,1870.0,0.1,BID
1445905642,1870.0,0.0024,BID
1445905648,1869.99,0.0759,BID
1445905648,1869.99,0.6292,BID
1445905648,1869.99,0.0517,BID
1445905648,1869.99,0.02,BID
1445905648,1870.0,6.3391,BID
1445905648,1870.0,10.2929,BID
1445905651,1869.31,0.0481,ASK
1445905652,1869.31,0.0024,BID
1445905655,1870.0,0.18,BID
1445905659,1869.99,0.0024,BID
1445905660,1869.33,0.0498,ASK
1445905660,1869.32,0.0173,ASK
1445905662,1869.11,0.0089,ASK
1445905664,1869.99,0.0024,BID
1445905666,1869.98,0.0498,BID
1445905666,1869.99,0.0125,BID
1445905666,1870.0,0.4377,BID
1445905670,1869.98,0.0108,BID
1445905670,1869.98,0.02,BID
1445905670,1870.0,0.4692,BID
1445905670,1870.0,0.0024,BID
1445905672,1870.0,0.0024,BID
1445905675,1869.55,0.008,ASK
1445905676,1870.0,0.0024,BID
1445905678,1870.0,0.0024,BID
1445905678,1870.0,0.0986,BID
1445905679,1870.0,0.5,BID
1445905680,1870.0,0.0024,BID
1445905681,1869.57,0.06,ASK
1445905681,1869.57,0.033,ASK
1445905681,1869.56,0.01,ASK
1445905681,1869.55,0.192,ASK
1445905681,1869.41,0.01,ASK
1445905681,1869.4,0.2,ASK
1445905681,1869.12,0.0108,ASK
1445905681,1869.11,0.067,ASK
1445905682,1869.11,0.02,BID
1445905682,1869.11,0.0498,BID
1445905682,1869.11,0.5,BID
1445905682,1869.1,1.0,ASK
1445905682,1869.1,5.0,ASK
1445905682,1869.1,2.284,ASK
1445905684,1869.11,0.6,BID
1445905684,1869.11,0.4,BID
1445905685,1869.11,0.3024,BID
1445905685,1869.99,0.0024,BID
1445905686,1869.99,0.0076,BID
1445905686,1869.99,0.01,BID
1445905686,1870.0,0.4824,BID
1445905687,1869.12,0.0089,ASK
1445905689,1869.98,0.0024,BID
1445905690,1869.98,0.0474,BID
1445905690,1870.0,0.4526,BID
1445905691,1869.99,5.933,BID
1445905692,1869.97,0.0024,BID
1445905692,1869.97,0.0576,BID
1445905692,1869.99,0.0424,ASK
1445905692,1869.97,0.0399,BID
1445905692,1870.0,0.4601,BID
1445905694,1869.14,0.01,ASK
1445905694,1870.0,0.0024,BID
1445905694,1870.0,0.5,BID
1445905697,1869.99,0.47,BID
1445905698,1869.99,0.5,BID
1445905698,1869.14,0.007,BID
1445905698,1869.98,0.01,BID
1445905698,1869.99,0.483,BID
1445905701,1869.99,0.0024,BID
1445905702,1869.99,0.5,BID
1445905702,1869.99,0.1171,BID
1445905707,1869.99,0.5,BID
1445905724,1869.98,0.02,BID
1445905724,1869.99,0.0148,BID
1445905754,1869.98,0.0024,BID
1445905757,1869.98,0.0012,BID
1445905757,1869.99,0.0012,BID
1445905760,1869.28,0.008,ASK
1445905762,1869.99,0.0024,BID
1445905769,1869.99,0.0024,BID
1445905771,1869.98,0.0024,BID
1445905782,1869.96,0.0024,BID
1445905783,1869.29,0.0089,ASK
1445905786,1869.96,0.0024,BID
1445905790,1869.97,0.001,BID
1445905790,1869.99,0.0014,BID
1445905791,1869.96,0.02,BID
1445905791,1869.99,0.37,BID
1445905792,1869.99,0.0024,BID
1445905793,1869.99,0.5,BID
1445905795,1869.42,0.008,BID
1445905796,1869.99,0.245,BID
1445905796,1869.99,0.8284,BID
1445905797,1869.98,0.0024,BID
1445905798,1869.98,0.0076,BID
1445905798,1869.99,0.4924,BID
1445905799,1869.96,0.0024,BID
1445905800,1869.96,0.0089,BID
1445905800,1869.99,0.2491,BID
1445905800,1869.99,1.3111,BID
1445905802,1869.95,0.0088,BID
1445905802,1869.99,0.4912,BID
1445905802,1869.99,0.5503,BID
1445905803,1869.99,0.5804,BID
1445905805,1869.99,0.0718,BID
1445905805,1870.0,0.0982,BID
1445905806,1870.0,0.5,BID
1445905807,1870.0,0.14,BID
1445905807,1870.0,0.0024,BID
1445905807,1869.99,0.01,ASK
1445905808,1869.99,0.5654,ASK
1445905808,1869.99,0.062,ASK
1445905809,1869.98,0.0024,BID
1445905809,1869.98,0.5,BID
1445905813,1869.98,0.2,BID
1445905813,1869.98,0.5,BID
1445905813,1869.98,1.565,BID
1445905814,1869.98,0.2,BID
1445905814,1869.43,0.0089,ASK
1445905814,1869.98,1.232,BID
1445905814,1869.98,0.369,BID
1445905815,1869.98,0.62,BID
1445905815,1869.98,0.7721,BID
1445905815,1870.0,2.7068,BID
1445905815,1870.0,0.37,BID
1445905815,1870.0,0.07,BID
1445905817,1870.0,0.0024,BID
1445905817,1870.0,2.2223,BID
1445905817,1870.0,0.7777,BID
1445905817,1870.0,0.9815,BID
1445905817,1870.0,0.5,BID
1445905818,1870.0,0.2,BID
1445905818,1870.0,6.5453,BID
1445905818,1870.0,0.065,BID
1445905818,1870.0,0.3218,BID
1445905819,1870.0,0.0024,BID
1445905819,1870.0,1.0,BID
1445905820,1870.0,0.5,BID
1445905820,1870.0,0.5,BID
1445905820,1870.0,0.5,BID
1445905820,1870.0,0.2,BID
1445905820,1869.99,0.0089,ASK
1445905820,1870.0,0.2,BID
1445905821,1870.0,0.282,BID
1445905821,1870.0,0.5,BID
1445905821,1870.0,0.2,BID
1445905822,1870.0,0.2,BID
1445905822,1870.0,0.5,BID
1445905822,1870.0,0.2,BID
1445905822,1870.0,0.5,BID
1445905823,1870.0,0.02,BID
1445905824,1870.0,0.5,BID
1445905824,1870.0,0.031,BID
1445905824,1870.0,0.2,BID
1445905824,1870.0,0.5,BID
1445905824,1870.0,0.5,BID
1445905824,1870.0,0.0024,BID
1445905826,1870.0,0.435,BID
1445905827,1870.0,0.778,BID
1445905827,1870.0,0.0577,BID
1445905827,1870.0,0.7232,BID
1445905827,1870.0,0.2,BID
1445905827,1870.0,0.2,BID
1445905827,1870.0,0.5,BID
1445905827,1869.98,0.5,BID
1445905827,1869.98,0.1,BID
1445905827,1869.72,0.689,ASK
1445905827,1869.7,0.06,ASK
1445905827,1869.43,0.0025,ASK
1445905827,1869.3,0.0113,ASK
1445905827,1869.26,0.031,ASK
1445905827,1869.26,1.2062,ASK
1445905828,1869.27,10.0,ASK
1445905828,1869.27,11.3,ASK
1445905828,1869.98,0.1319,BID
1445905828,1870.0,0.3681,BID
1445905829,1870.0,0.5,BID
1445905829,1870.0,0.2,BID
1445905830,1870.0,0.322,BID
1445905830,1870.0,1.206,BID
1445905830,1869.73,0.007,ASK
1445905831,1870.0,0.2,BID
1445905831,1870.0,0.5,BID
1445905831,1870.0,1.969,BID
1445905832,1870.0,0.0024,BID
1445905832,1870.0,4.3125,BID
1445905832,1870.0,0.2,BID
1445905833,1869.99,0.007,BID
1445905833,1870.0,0.193,BID
1445905833,1870.0,0.149,BID
1445905833,1869.25,0.0139,ASK
1445905833,1869.25,0.1584,ASK
1445905834,1870.0,0.2,BID
1445905834,1870.0,0.5,BID
1445905834,1870.0,0.0024,BID
1445905834,1869.26,0.01,ASK
1445905835,1869.99,0.0228,BID
1445905835,1870.0,0.1362,BID
1445905835,1870.0,0.125,BID
1445905835,1869.99,0.01,BID
1445905835,1870.0,25.31,BID
1445905835,1870.0,0.2,BID
1445905837,1870.0,0.2,BID
1445905837,1870.0,0.0024,BID
1445905838,1870.0,0.2,BID
1445905838,1870.0,0.13,BID
1445905838,1869.99,16.0,BID
1445905838,1869.99,1.025,BID
1445905839,1870.0,0.5,BID
1445905839,1870.0,0.5,BID
1445905840,1870.0,0.5,BID
1445905840,1870.0,0.0106,BID
1445905841,1870.0,0.5,BID
1445905842,1870.0,4.686,BID
1445905842,1869.28,0.008,ASK
1445905842,1870.0,3.0,BID
1445905843,1870.0,0.5,BID
1445905843,1870.0,0.5,BID
1445905844,1870.0,0.0024,BID
1445905844,1870.0,0.2,BID
1445905845,1870.0,3.0,BID
1445905845,1870.0,0.2,BID
1445905845,1869.99,0.06,BID
1445905845,1870.0,0.44,BID
1445905846,1870.0,0.0024,BID
1445905846,1870.0,0.1722,BID
1445905848,1870.0,0.5,BID
1445905848,1870.0,3.0,BID
1445905848,1870.0,0.0024,BID
1445905849,1870.0,7.4125,BID
1445905849,1870.0,10.8526,BID
1445905849,1870.0,0.98,BID
1445905849,1870.0,0.15,BID
1445905850,1870.0,0.0024,BID
1445905850,1870.0,3.0,BID
1445905851,1870.0,0.2,BID
1445905852,1869.28,0.0089,ASK
1445905852,1870.0,0.5,BID
1445905854,1869.99,0.0024,BID
1445905854,1869.99,0.0145,BID
1445905854,1870.0,0.1855,BID
1445905855,1870.0,0.2,BID
1445905855,1870.0,0.07,BID
1445905856,1870.0,0.5,BID
1445905856,1870.0,0.0024,BID
1445905856,1870.0,0.2,BID
1445905856,1870.0,0.0458,BID
1445905860,1870.0,0.5,BID
1445905862,1870.0,0.2,BID
1445905863,1869.59,0.1171,ASK
1445905864,1870.0,0.056,BID
1445905864,1870.0,0.0024,BID
1445905864,1869.99,0.1171,BID
1445905864,1870.0,0.2734,BID
1445905864,1870.0,0.1095,BID
1445905865,1870.0,0.0755,BID
1445905865,1870.0,16.0344,BID
1445905865,1870.0,0.2,BID
1445905865,1870.0,0.2,BID
1445905865,1869.99,9.03,BID
1445905866,1869.59,0.008,ASK
1445905866,1870.0,0.0206,BID
1445905866,1870.0,0.7294,BID
1445905867,1870.0,0.2298,BID
1445905868,1870.0,0.5,BID
1445905869,1870.0,1.5,BID
1445905870,1870.0,0.0548,BID
1445905874,1870.0,0.532,BID
1445905875,1870.0,0.0024,BID
1445905877,1870.0,0.0024,BID
1445905879,1870.0,0.0024,BID
1445905880,1870.0,17.647,BID
1445905880,1870.0,0.4398,BID
1445905880,1870.0,0.01,BID
1445905880,1870.0,0.5389,BID
1445905881,1869.82,0.02,ASK
1445905882,1869.8,0.0024,BID
1445905886,1869.8,0.03,BID
1445905887,1869.8,0.0284,BID
1445905887,1869.7,0.0089,ASK
1445905889,1869.8,0.0024,BID
1445905891,1869.8,0.0024,BID
1445905894,1869.79,0.0024,BID
1445905895,1869.79,0.0076,BID
1445905895,1869.8,0.0924,BID
1445905896,1869.8,0.533,BID
1445905896,1869.36,0.007,ASK
1445905898,1869.8,0.0024,BID
1445905900,1869.8,0.0024,BID
1445905902,1869.8,0.0024,BID
1445905904,1869.5,0.008,ASK
1445905906,1869.8,0.0024,BID
1445905907,1869.8,0.032,BID
1445905907,1869.8,0.18,BID
1445905908,1869.8,0.0024,BID
1445905909,1869.8,1.0,BID
1445905909,1869.8,0.0083,BID
1445905909,1870.0,1.0022,BID
1445905909,1870.0,0.3895,BID
1445905910,1870.0,0.0024,BID
1445905912,1870.0,0.0024,BID
1445905913,1869.53,0.0089,ASK
1445905914,1870.0,1.3516,BID
1445905914,1870.0,13.7714,BID
1445905915,1870.0,0.0024,BID
1445905915,1870.0,0.129,BID
1445905916,1870.0,6.4,BID
1445905917,1869.99,0.0024,BID
1445905919,1869.81,0.1604,ASK
1445905919,1869.8,2.4196,ASK
1445905919,1869.99,0.0024,BID
1445905920,1869.8,0.1604,ASK
1445905922,1869.81,0.008,ASK
1445905924,1869.98,0.0024,BID
1445905926,1869.99,0.0024,BID
1445905926,1869.99,0.0222,BID
1445905926,1869.99,0.126,BID
1445905927,1869.98,5.0,BID
1445905927,1869.98,0.738,BID
1445905928,1869.81,0.0315,ASK
1445905928,1869.81,0.02,ASK
1445905928,1869.8,0.6289,ASK
1445905928,1869.8,0.05,BID
1445905928,1869.8,0.0024,BID
1445905929,1869.8,0.0314,BID
1445905929,1869.69,0.06,ASK
1445905929,1869.55,0.0101,ASK
1445905929,1869.54,0.2029,ASK
1445905929,1869.53,0.0246,ASK
1445905929,1869.51,0.2929,ASK
1445905929,1869.51,0.6,ASK
1445905929,1869.5,0.8095,ASK
1445905929,1869.5,1.18,ASK
1445905931,1869.8,0.0024,BID
1445905931,1869.8,0.042,BID
1445905931,1869.44,0.05,ASK
1445905931,1869.36,0.0095,ASK
1445905931,1869.34,0.7,ASK
1445905931,1869.24,0.2782,ASK
1445905931,1869.23,0.0036,ASK
1445905931,1869.22,0.0929,ASK
1445905931,1869.13,0.0823,ASK
1445905931,1869.0,0.7835,ASK
1445905934,1869.79,0.0101,BID
1445905934,1869.79,0.0017,BID
1445905934,1869.79,0.1551,BID
1445905934,1869.8,4.8242,BID
1445905935,1869.8,0.05,BID
1445905938,1869.54,0.0089,ASK
1445905940,1869.78,0.17,BID
1445905940,1869.78,0.0024,BID
1445905941,1869.77,0.0105,BID
1445905941,1869.78,0.011,BID
1445905942,1869.55,0.02,ASK
1445905942,1869.54,0.118,ASK
1445905942,1869.77,0.0024,BID
1445905943,1869.55,0.0105,ASK
1445905943,1869.54,0.0925,ASK
1445905943,1869.53,0.1075,ASK
1445905945,1869.76,0.1183,BID
1445905945,1869.78,0.0271,BID
1445905945,1869.79,0.0546,BID
1445905952,1869.77,0.0665,BID
1445905952,1869.79,0.0421,BID
1445905952,1869.79,0.0024,BID
1445905953,1869.76,0.0065,BID
1445905954,1869.79,0.2,BID
1445905954,1869.78,0.0032,ASK
1445905954,1869.78,0.007,ASK
1445905955,1869.79,0.4,BID
1445905955,1869.8,1.6,BID
1445905956,1869.8,0.0024,BID
1445905956,1869.8,0.3044,BID
1445905958,1869.79,0.0024,BID
1445905959,1869.79,0.0118,BID
1445905959,1869.8,0.5,BID
1445905960,1869.8,0.0024,BID
1445905962,1869.79,0.008,ASK
1445905962,1869.79,0.0002,ASK
1445905962,1869.78,0.0498,ASK
1445905962,1869.59,0.0109,ASK
1445905962,1869.59,0.0972,ASK
1445905962,1869.59,0.1037,ASK
1445905962,1869.58,0.0032,ASK
1445905962,1869.58,1.8219,ASK
1445905963,1869.8,0.5,BID
1445905963,1869.8,0.0024,BID
1445905964,1869.8,0.2,BID
1445905965,1869.79,0.1037,BID
1445905965,1869.8,0.3963,BID
1445905966,1869.8,0.0024,BID
1445905966,1869.8,0.5,BID
1445905967,1869.8,1.18,BID
1445905968,1869.8,0.0024,BID
1445905969,1869.8,0.62,BID
1445905974,1869.79,0.0024,BID
1445905974,1869.79,0.0175,BID
1445905974,1869.79,0.0005,BID
1445905975,1869.79,0.1632,BID
1445905975,1869.79,0.092,BID
1445905975,1869.8,0.3459,BID
1445905975,1869.8,0.0515,BID
1445905975,1869.88,0.06,BID
1445905975,1869.98,0.035,BID
1445905975,1869.99,0.7,BID
1445905975,1869.99,0.0532,BID
1445905975,1870.0,1.0792,BID
1445905976,1869.61,0.0089,ASK
1445905978,1870.0,0.0024,BID
1445905980,1869.99,0.0024,BID
1445905982,1869.99,0.0024,BID
1445905983,1870.0,2.0,BID
1445905986,1869.99,0.0041,BID
1445905986,1869.99,0.1178,ASK
1445905987,1869.99,0.1595,ASK
1445905987,1869.99,0.007,ASK
1445905989,1870.0,0.0024,BID
1445905991,1870.0,0.0024,BID
1445905993,1870.0,0.0024,BID
1445905993,1870.0,0.2,BID
1445905995,1869.8,0.008,ASK
1445905995,1870.0,6.502,BID
1445905995,1870.0,0.1,BID
1445905995,1870.0,2.4846,BID
1445905995,1870.03,2.109,BID
1445905996,1870.03,0.05,BID
1445905998,1870.03,0.0024,BID
1445906000,1870.03,0.0024,BID
1445906002,1870.03,0.0024,BID
1445906004,1870.03,0.0024,BID
1445906004,1870.03,5.3314,BID
1445906004,1870.5,0.1,BID
1445906004,1870.52,4.0364,BID
1445906004,1870.98,0.1,BID
1445906004,1871.98,0.0055,BID
1445906005,1870.0,0.0089,ASK
1445906007,1871.98,0.0024,BID
1445906009,1871.98,0.0921,BID
1445906009,1871.99,5.5472,BID
1445906009,1871.99,0.9786,BID
1445906009,1872.0,0.5668,BID
1445906009,1872.35,0.015,BID
1445906009,1872.98,0.1,BID
1445906009,1873.0,0.1,BID
1445906009,1873.0,3.0,BID
1445906009,1873.14,0.3,BID
1445906009,1873.98,0.1,BID
1445906009,1873.99,2.0,BID
1445906009,1874.0,21.361,BID
1445906009,1871.24,2.0,BID
1445906009,1871.24,11.275,BID
1445906010,1874.0,0.0536,BID
1445906012,1871.23,0.002,ASK
1445906015,1871.24,0.049,ASK
1445906015,1871.97,0.0024,BID
1445906015,1871.25,8.0,ASK
1445906015,1871.25,2.185,ASK
1445906018,1871.24,0.007,ASK
1445906020,1871.25,0.06,ASK
1445906020,1871.24,0.097,ASK
1445906020,1871.95,0.0024,BID
1445906023,1871.96,0.0024,BID
1445906029,1871.96,0.1018,BID
1445906029,1871.97,0.1641,BID
1445906029,1872.0,0.0181,BID
1445906029,1871.25,0.0906,ASK
1445906029,1871.24,0.0002,ASK
1445906029,1870.08,0.0197,ASK
1445906029,1870.07,0.6,ASK
1445906029,1870.06,3.4246,ASK
1445906029,1870.06,0.002,ASK
1445906040,1871.92,0.0466,BID
1445906040,1871.94,0.0906,BID
1445906040,1871.94,0.002,BID
1445906040,1871.94,3.4246,BID
1445906040,1872.0,0.0019,BID
1445906040,1874.0,0.0548,BID
1445906047,1871.91,0.0303,BID
1445906049,1870.5,2.984,ASK
1445906053,1870.52,0.0348,ASK
1445906053,1870.51,0.0852,ASK
1445906053,1872.06,0.08,BID
1445906053,1872.06,2.0,BID
1445906054,1872.06,0.555,BID
1445906054,1872.1,0.002,BID
1445906054,1872.47,0.001,BID
1445906054,1873.22,0.003,BID
1445906054,1873.98,2.0,BID
1445906054,1874.0,0.1021,BID
1445906058,1872.05,0.03,BID
1445906062,1873.97,0.4961,BID
1445906064,1872.12,0.001,ASK
1445906064,1873.96,0.0982,BID
1445906064,1873.97,0.1018,BID
1445906069,1873.97,0.0021,BID
1445906069,1874.0,0.0116,BID
1445906071,1874.0,6.6869,BID
1445906071,1874.0,4.712,BID
1445906071,1874.0,1.2247,BID
1445906078,1873.99,0.001,BID
1445906081,1873.99,0.0625,BID
1445906081,1874.0,2.3548,BID
1445906081,1874.0,0.8109,BID
1445906081,1874.01,2.1796,BID
1445906086,1874.72,0.007,BID
1445906086,1874.98,0.0514,BID
1445906088,1874.0,0.0185,BID
1445906088,1874.98,0.0486,BID
1445906088,1875.0,0.2229,BID
1445906091,1873.07,0.0185,ASK
1445906091,1872.21,0.0265,ASK
1445906091,1872.2,0.023,ASK
1445906093,1873.99,0.0265,BID
1445906093,1874.0,0.4235,BID
1445906097,1874.0,11.3534,BID
1445906100,1873.99,0.1082,BID
1445906100,1874.0,0.0918,BID
1445906103,1874.0,0.0666,BID
1445906105,1874.0,0.2,BID
1445906109,1874.0,26.1388,BID
1445906109,1874.0,0.2,BID
1445906110,1874.0,0.9718,BID
1445906111,1874.0,0.2,BID
1445906112,1874.0,5.0,BID
1445906114,1874.0,0.0024,BID
1445906114,1874.0,0.5,BID
1445906114,1874.0,2.1121,BID
1445906117,1874.01,0.007,ASK
1445906117,1875.0,0.0227,BID
1445906117,1875.0,0.885,BID
1445906118,1875.0,3.0,BID
1445906119,1875.0,0.0024,BID
1445906120,1874.02,0.048,ASK
1445906122,1875.0,0.2,BID
1445906123,1874.99,0.048,BID
1445906123,1875.0,0.152,BID
1445906124,1875.0,0.0024,BID
1445906126,1875.0,0.0694,BID
1445906127,1875.0,0.0024,BID
1445906127,1875.0,0.4136,BID
1445906127,1875.0,0.0633,BID
1445906127,1875.0,1.0,BID
1445906127,1875.0,0.1,BID
1445906127,1875.0,3.48,BID
1445906127,1875.0,0.032,BID
1445906128,1875.32,0.2,BID
1445906128,1875.0,0.008,ASK
1445906131,1875.32,0.0024,BID
1445906132,1875.32,1.0,BID
1445906132,1875.01,0.082,ASK
1445906132,1875.01,0.2597,ASK
1445906132,1875.01,0.2216,ASK
1445906132,1875.0,1.2652,ASK
1445906132,1875.0,0.7515,ASK
1445906132,1875.55,0.4585,BID
1445906134,1875.98,0.0024,BID
1445906134,1875.65,0.1,ASK
1445906135,1875.98,0.01,BID
1445906136,1875.98,0.0876,BID
1445906136,1875.99,0.01,BID
1445906136,1876.0,0.1024,BID
1445906138,1876.0,0.0976,BID
1445906138,1876.01,0.048,BID
1445906138,1876.33,0.4244,BID
1445906139,1876.33,0.2,BID
1445906139,1876.33,0.18,BID
1445906139,1876.33,0.2,BID
1445906140,1876.33,0.1,BID
1445906141,1876.33,0.0024,BID
1445906142,1876.32,4.0,BID
1445906142,1876.32,9.566,BID
1445906144,1876.33,0.0024,BID
1445906144,1876.01,0.0513,ASK
1445906144,1875.98,0.0497,ASK
1445906148,1875.66,0.0089,BID
1445906148,1876.17,0.0726,BID
1445906148,1876.33,13.8185,BID
1445906148,1876.33,0.1167,BID
1445906149,1875.41,0.06,ASK
1445906150,1875.33,0.0024,BID
1445906151,1875.33,0.856,BID
1445906152,1875.33,0.0024,BID
1445906152,1875.03,0.03,ASK
1445906152,1875.02,0.6,ASK
1445906152,1875.0,0.7567,ASK
1445906153,1875.0,2.0,ASK
1445906154,1875.33,0.0024,BID
1445906154,1875.03,0.03,ASK
1445906154,1875.01,0.35,ASK
1445906154,1875.01,0.15,ASK
1445906154,1875.0,7.2433,ASK
1445906156,1874.03,0.0645,ASK
1445906156,1874.02,1.9355,ASK
1445906158,1874.03,0.008,ASK
1445906159,1875.32,0.0024,BID
1445906160,1875.31,20.147,BID
1445906163,1874.71,0.0024,BID
1445906168,1875.31,0.0024,BID
1445906171,1874.7,0.0012,BID
1445906172,1875.32,0.06,ASK
1445906175,1876.29,0.0024,BID
1445906175,1875.32,2.0,ASK
1445906176,1875.32,0.0089,ASK
1445906177,1875.32,1.5866,ASK
1445906178,1875.02,0.0024,BID
1445906180,1875.01,0.6,BID
1445906180,1876.28,0.02,BID
1445906180,1876.31,0.9113,BID
1445906180,1876.32,6.4687,BID
1445906180,1876.32,0.0024,BID
1445906182,1876.32,0.0024,BID
1445906184,1874.8,1.4797,ASK
1445906184,1874.06,0.06,ASK
1445906184,1874.05,0.0012,ASK
1445906184,1874.04,0.0683,ASK
1445906184,1874.03,1.3664,ASK
1445906184,1873.86,0.0909,ASK
1445906184,1873.75,0.074,BID
1445906184,1873.75,4.1209,BID
1445906185,1873.75,0.0683,BID
1445906191,1872.56,0.007,ASK
1445906195,1873.85,4.5096,ASK
1445906196,1873.55,0.0024,BID
1445906200,1874.64,0.0024,ASK
1445906202,1875.35,0.0024,ASK
1445906203,1872.58,0.008,ASK
1445906206,1874.33,0.0024,BID
1445906211,1874.19,0.0024,ASK
1445906212,1873.89,0.0024,BID
1445906214,1874.33,0.0024,BID
1445906216,1872.67,0.0089,ASK
1445906218,1873.88,0.0024,BID
1445906220,1873.87,0.0024,BID
1445906224,1874.8,0.047,BID
1445906225,1873.86,0.044,BID
1445906228,1873.87,0.0066,BID
1445906229,1873.87,0.0024,BID
1445906233,1872.71,0.008,BID
1445906233,1873.87,0.051,BID
1445906233,1874.8,1.753,BID
1445906233,1875.97,1.3664,BID
1445906233,1875.98,3.0165,BID
1445906235,1875.32,0.0024,BID
1445906238,1875.32,0.0024,BID
1445906240,1873.85,0.1401,ASK
1445906242,1875.32,2.972,BID
1445906243,1875.32,0.0024,BID
1445906245,1874.01,0.0299,ASK
1445906245,1874.0,3.6484,ASK
1445906249,1875.31,0.0299,BID
1445906249,1875.32,1.2299,BID
1445906252,1875.32,0.0024,BID
1445906254,1875.16,0.0089,ASK
1445906259,1875.32,0.0275,BID
1445906259,1876.32,1.9725,BID
1445906260,1876.32,4.5894,BID
1445906260,1876.32,2.58,BID
1445906263,1876.32,0.0024,BID
1445906264,1876.32,0.0024,BID
1445906264,1875.18,13.0,BID
1445906264,1875.18,4.492,BID
1445906266,1876.32,0.0024,BID
1445906267,1876.31,0.0766,BID
1445906267,1876.32,1.5299,BID
1445906267,1876.32,0.5016,BID
1445906267,1876.33,2.4807,BID
1445906268,1875.18,0.007,ASK
1445906271,1876.31,0.0024,BID
1445906273,1876.31,0.0002,BID
1445906273,1876.33,0.0022,BID
1445906274,1875.32,1.5997,ASK
1445906274,1875.19,0.7,ASK
1445906274,1875.19,0.0688,ASK
1445906274,1875.19,0.0839,ASK
1445906274,1875.19,0.06,ASK
1445906274,1875.19,0.0488,ASK
1445906274,1875.18,0.013,ASK
1445906274,1875.18,0.0026,ASK
1445906274,1875.18,5.1204,ASK
1445906275,1876.28,0.017,BID
1445906275,1876.3,1.5,BID
1445906275,1876.33,0.483,BID
1445906276,1876.29,0.0024,BID
1445906276,1876.29,0.0664,BID
1445906277,1876.3,0.008,ASK
1445906279,1876.32,0.0024,BID
1445906281,1876.33,0.2,BID
1445906282,1876.33,0.0024,BID
1445906284,1876.32,0.0473,BID
1445906284,1876.32,0.7,BID
1445906284,1876.33,3.7411,BID
1445906285,1875.21,0.03,ASK
1445906287,1876.3,5.6789,BID
1445906288,1876.3,0.6832,BID
1445906288,1876.31,0.06,BID
1445906288,1876.33,1.2568,BID
1445906288,1876.33,0.0024,BID
1445906289,1876.33,1.4866,BID
1445906289,1876.33,15.3014,BID
1445906291,1876.97,0.0024,BID
1445906298,1875.24,0.0089,ASK
1445906300,1876.98,0.0024,BID
1445906304,1876.98,0.0976,BID
1445906304,1877.72,0.015,BID
1445906304,1877.98,0.0874,BID
1445906305,1877.98,0.0024,BID
1445906308,1876.97,0.0178,BID
1445906308,1877.98,0.0024,BID
1445906310,1877.28,0.008,ASK
1445906312,1877.98,0.0024,BID
1445906314,1877.98,0.0054,BID
1445906314,1878.0,0.1946,BID
1445906314,1878.0,0.0024,BID
1445906314,1878.0,0.0649,BID
1445906314,1878.0,2.55,BID
1445906314,1878.0,1.8188,BID
1445906314,1878.0,0.104,BID
1445906314,1878.15,0.01,BID
1445906315,1878.62,0.064,BID
1445906315,1878.84,0.01,BID
1445906315,1878.98,0.1,BID
1445906315,1879.0,0.06,BID
1445906315,1879.0,0.1,BID
1445906315,1879.29,2.666,BID
1445906318,1878.18,0.06,BID
1445906318,1878.18,0.0024,BID
1445906320,1878.18,0.3246,BID
1445906320,1879.87,0.0024,BID
1445906320,1879.87,0.2,BID
1445906321,1879.87,0.2,BID
1445906323,1878.28,0.0089,ASK
1445906326,1879.87,0.0024,BID
1445906328,1879.86,0.06,BID
1445906328,1879.87,0.001,BID
1445906329,1879.87,0.98,BID
1445906333,1879.88,0.0024,BID
1445906334,1879.88,0.049,BID
1445906336,1879.26,0.0024,BID
1445906338,1878.36,0.007,ASK
1445906340,1879.88,0.0024,BID
1445906342,1879.88,0.2,BID
1445906348,1879.88,0.9623,BID
1445906352,1879.88,0.122,BID
1445906355,1879.88,0.07,BID
1445906355,1879.88,0.0024,BID
1445906357,1879.88,0.0024,BID
1445906357,1879.88,0.08,BID
1445906358,1879.88,0.2,BID
1445906358,1878.42,0.008,ASK
1445906358,1878.43,1.0,BID
1445906358,1878.43,10.211,BID
1445906358,1879.88,0.5,BID
1445906359,1879.88,0.01,BID
1445906360,1879.88,0.0024,BID
1445906362,1879.88,0.0024,BID
1445906362,1879.88,0.09,BID
1445906362,1879.88,0.6074,BID
1445906365,1879.88,0.0024,BID
1445906366,1879.88,0.2,BID
1445906369,1879.88,0.79,BID
1445906370,1879.88,0.0024,BID
1445906372,1878.47,0.0089,ASK
1445906372,1879.88,0.2,BID
1445906373,1879.88,0.05,BID
1445906373,1879.88,0.5,BID
1445906373,1879.88,0.0024,BID
1445906375,1879.88,0.0024,BID
1445906378,1879.87,0.085,BID
1445906378,1879.87,0.0024,BID
1445906380,1878.48,0.008,ASK
1445906381,1879.87,0.0443,BID
1445906381,1879.88,0.4557,BID
1445906382,1879.88,0.07,BID
1445906382,1879.88,0.0024,BID
1445906384,1879.87,0.0024,BID
1445906384,1879.87,0.044,BID
1445906388,1879.87,0.5,BID
1445906389,1879.87,0.2,BID
1445906390,1879.87,3.3906,BID
1445906390,1879.87,0.2014,BID
1445906390,1879.87,0.0024,BID
1445906392,1879.87,0.271,BID
1445906392,1879.87,0.0024,BID
1445906392,1879.87,1.5228,BID
1445906392,1879.88,4.7286,BID
1445906392,1879.87,4.0,BID
1445906392,1879.87,3.0,BID
1445906392,1879.87,24.171,BID
1445906394,1878.51,0.0089,ASK
1445906395,1879.87,0.0169,ASK
1445906396,1879.88,0.0024,BID
1445906396,1879.88,0.5,BID
1445906397,1879.88,0.2,BID
1445906398,1879.88,0.0024,BID
1445906399,1879.88,0.01,BID
1445906403,1879.88,29.3738,BID
1445906403,1879.98,0.1,BID
1445906403,1880.0,0.15,BID
1445906403,1880.0,0.01,BID
1445906403,1880.0,1.0154,BID
1445906403,1880.0,5.1,BID
1445906403,1880.0,0.1558,BID
1445906403,1880.0,10.0,BID
1445906403,1880.0,1.0,BID
1445906403,1880.0,15.5296,BID
1445906403,1880.0,6.9498,BID
1445906403,1880.0,10.2861,BID
1445906405,1880.0,0.21,BID
1445906406,1880.0,0.0024,BID
1445906408,1879.9,0.007,ASK
1445906408,1880.0,0.2,BID
1445906409,1880.0,0.999,BID
1445906410,1880.0,0.0024,BID
1445906412,1880.0,3.2252,BID
1445906412,1880.0,2.042,BID
1445906412,1880.0,1.0733,BID
1445906412,1880.0,0.4565,BID
1445906412,1880.32,0.0024,BID
1445906415,1880.32,0.0024,BID
1445906416,1880.32,0.021,BID
1445906416,1880.01,0.008,ASK
1445906418,1880.01,0.2949,ASK
1445906418,1880.01,0.1729,ASK
1445906418,1880.01,0.06,ASK
1445906418,1880.0,2.0522,ASK
1445906418,1880.32,0.0024,BID
1445906420,1880.31,0.1799,BID
1445906420,1880.31,0.1644,BID
1445906420,1880.31,0.008,BID
1445906420,1880.32,4.6477,BID
1445906420,1880.32,0.0024,BID
1445906421,1880.02,0.0116,ASK
1445906421,1880.01,0.7,ASK
1445906421,1880.01,0.2949,ASK
1445906421,1880.0,0.9935,ASK
1445906422,1880.32,0.0024,BID
1445906423,1880.03,0.0416,ASK
1445906423,1880.01,0.7334,ASK
1445906423,1880.0,2.8521,ASK
1445906423,1880.0,3.4577,ASK
1445906423,1880.0,1.5,ASK
1445906423,1880.0,4.8653,ASK
1445906423,1880.0,1.0,ASK
1445906423,1879.9,0.025,ASK
1445906423,1879.89,0.5,ASK
1445906423,1879.88,2.8,ASK
1445906423,1879.87,0.3468,ASK
1445906423,1878.55,9.434,ASK
1445906424,1879.71,0.0735,BID
1445906424,1879.71,0.0024,BID
1445906425,1879.71,0.584,BID
1445906428,1878.56,0.008,ASK
1445906428,1878.55,2.992,ASK
1445906428,1878.55,0.0089,ASK
1445906430,1879.7,0.0024,BID
1445906430,1878.56,0.085,ASK
1445906430,1878.56,0.023,ASK
1445906430,1878.56,0.652,ASK
1445906430,1878.56,0.1005,ASK
1445906430,1878.55,3.4845,ASK
1445906432,1878.55,2.0816,ASK
1445906432,1878.55,1.4866,ASK
1445906432,1879.69,0.0024,BID
1445906432,1878.55,0.777,ASK
1445906432,1878.55,0.276,ASK
1445906432,1878.55,0.353,ASK
1445906433,1878.56,1.3645,ASK
1445906433,1878.55,0.9195,ASK
1445906434,1879.68,0.0024,BID
1445906435,1878.55,1.3594,ASK
1445906436,1878.55,3.0,ASK
1445906436,1878.55,0.4247,ASK
1445906436,1878.55,0.0463,ASK
1445906436,1878.55,4.0936,ASK
1445906436,1878.54,3.8574,ASK
1445906437,1878.54,0.293,ASK
1445906438,1878.54,0.839,ASK
1445906438,1878.54,0.294,ASK
1445906441,1879.56,0.007,ASK
1445906443,1878.35,0.04,ASK
1445906443,1878.35,1.0497,ASK
1445906443,1878.34,0.0345,ASK
1445906443,1878.33,0.0558,ASK
1445906443,1878.84,0.0024,BID
1445906444,1878.84,0.0576,BID
1445906444,1879.46,0.335,BID
1445906444,1879.67,0.0691,BID
1445906444,1879.67,0.0472,BID
1445906444,1879.68,1.3645,BID
1445906444,1880.29,6.5336,BID
1445906445,1880.28,11.0,BID
1445906445,1880.28,4.08,BID
1445906446,1880.29,0.0024,BID
1445906446,1879.48,0.839,ASK
1445906446,1878.34,0.341,ASK
1445906447,1879.49,0.033,ASK
1445906450,1878.61,0.0496,ASK
1445906450,1878.61,0.3349,ASK
1445906450,1878.6,1.6155,ASK
1445906450,1878.6,1.18,ASK
1445906457,1879.67,0.0024,BID
1445906459,1878.81,0.008,ASK
1445906459,1878.81,0.0455,ASK
1445906459,1878.8,1.0707,ASK
1445906459,1878.7,0.06,ASK
1445906459,1878.61,0.3602,ASK
1445906459,1878.6,0.4636,ASK
1445906461,1879.66,0.0024,BID
1445906465,1878.71,0.039,BID
1445906466,1879.65,0.0024,BID
1445906467,1878.61,0.01,ASK
1445906469,1879.65,0.059,BID
1445906473,1880.23,0.158,BID
1445906474,1880.23,0.0024,BID
1445906476,1880.22,0.0024,BID
1445906477,1880.22,0.6755,BID
1445906477,1880.22,0.0448,BID
1445906477,1880.23,0.0357,BID
1445906478,1880.22,0.2,BID
1445906478,1880.22,0.237,BID
1445906478,1878.64,0.0089,ASK
1445906486,1880.19,0.0024,BID
1445906487,1879.48,4.0,BID
1445906487,1879.48,11.954,BID
1445906488,1880.19,0.0024,BID
1445906492,1878.64,0.0496,ASK
1445906492,1878.64,0.06,ASK
1445906492,1878.63,0.1599,ASK
1445906492,1878.63,0.0111,ASK
1445906492,1878.63,0.0262,ASK
1445906492,1878.62,3.8452,ASK
1445906494,1880.19,0.0112,BID
1445906494,1880.2,0.035,BID
1445906494,1880.21,0.1538,BID
1445906495,1878.98,0.0024,ASK
1445906495,1878.62,2.8648,ASK
1445906495,1878.6,0.8206,ASK
1445906497,1878.62,0.008,BID
1445906497,1880.21,0.5462,BID
1445906497,1880.3,0.4458,BID
1445906500,1880.28,0.0496,ASK
1445906502,1880.28,0.06,ASK
1445906502,1880.28,0.0154,ASK
1445906504,1880.27,0.0024,BID
1445906506,1879.67,0.0496,ASK
1445906506,1879.66,0.0816,ASK
1445906506,1878.66,0.532,ASK
1445906506,1878.62,0.6,ASK
1445906506,1878.61,0.2666,ASK
1445906506,1878.6,0.6793,ASK
1445906509,1880.27,0.073,BID
1445906509,1880.28,0.127,BID
1445906510,1880.28,0.0024,BID
1445906513,1878.64,0.06,ASK
1445906516,1878.64,0.0024,BID
1445906518,1878.64,0.0024,BID
1445906519,1878.62,0.0089,ASK
1445906521,1878.64,0.046,BID
1445906521,1878.64,0.0024,BID
1445906525,1878.62,0.0317,ASK
1445906525,1878.61,0.7,ASK
1445906525,1878.61,0.045,ASK
1445906525,1878.61,0.1117,ASK
1445906525,1878.6,1.8096,ASK
1445906525,1878.64,0.0024,BID
1445906525,1878.64,0.01,BID
1445906527,1878.61,0.0024,BID
1445906529,1878.6,0.008,ASK
1445906532,1878.61,0.0024,BID
1445906533,1878.61,0.0269,BID
1445906533,1878.64,0.1731,BID
1445906534,1878.64,0.0024,BID
1445906536,1878.64,0.0024,BID
1445906538,1878.64,0.6444,BID
1445906538,1878.92,0.06,BID
1445906538,1879.64,0.0322,ASK
1445906538,1880.19,0.0024,BID
1445906540,1879.64,0.0089,ASK
1445906541,1880.18,0.0496,BID
1445906541,1880.19,0.0726,BID
1445906541,1880.2,0.0778,BID
1445906541,1880.2,0.0024,BID
1445906543,1880.18,0.0024,BID
1445906546,1880.18,0.0024,BID
1445906557,1879.66,0.007,ASK
1445906560,1880.17,0.0024,BID
1445906562,1879.67,0.018,ASK
1445906562,1879.67,0.042,ASK
1445906562,1879.66,0.0118,ASK
1445906562,1878.66,0.0524,ASK
1445906562,1878.65,1.0,ASK
1445906562,1878.65,0.0486,ASK
1445906562,1878.63,0.0172,BID
1445906564,1879.68,0.0325,ASK
1445906583,1878.62,0.0293,ASK
1445906583,1878.61,0.0726,ASK
1445906583,1878.6,0.2981,ASK
1445906583,1878.6,0.6,ASK
1445906583,1878.6,0.5253,ASK
1445906584,1878.38,0.0237,ASK
1445906584,1878.37,0.4746,ASK
1445906584,1878.35,0.0017,ASK
1445906585,1878.59,0.0747,BID
1445906585,1878.59,0.5,BID
1445906585,1878.59,0.4,BID
1445906585,1878.59,0.1973,BID
1445906585,1878.37,0.0237,BID
1445906587,1878.35,0.0383,ASK
1445906587,1878.34,1.9617,ASK
1445906587,1878.34,0.0383,ASK
1445906587,1878.33,0.4617,ASK
1445906587,1878.33,3.0,ASK
1445906587,1878.33,0.4,ASK
1445906588,1878.33,0.4,ASK
1445906588,1878.33,0.5,ASK
1445906588,1878.33,0.5,ASK
1445906588,1878.33,0.309,ASK
1445906589,1878.33,0.1167,ASK
1445906589,1878.33,0.403,ASK
1445906590,1878.33,0.65,ASK
1445906591,1878.33,0.102,ASK
1445906591,1878.33,0.65,ASK
1445906593,1878.32,0.04,BID
1445906594,1878.3,0.0234,ASK
1445906594,1878.28,0.3766,ASK
1445906595,1878.28,0.01,ASK
1445906595,1878.32,0.309,BID
1445906595,1878.28,0.4944,ASK
1445906596,1878.27,0.1056,BID
1445906596,1878.29,0.0234,BID
1445906596,1878.32,0.301,BID
1445906596,1878.33,0.1024,ASK
1445906597,1878.26,0.04,BID
1445906597,1878.26,0.464,BID
1445906597,1878.27,0.0684,BID
1445906597,1878.27,0.0024,BID
1445906597,1878.0,0.86,ASK
1445906598,1878.0,0.14,ASK
1445906598,1877.99,1.3657,ASK
1445906598,1877.98,0.9943,ASK
1445906600,1877.99,0.0024,BID
1445906601,1877.98,0.02,ASK
1445906602,1877.98,0.008,ASK
1445906603,1878.0,0.04,BID
1445906603,1878.0,0.379,BID
1445906603,1878.33,0.227,ASK
1445906603,1878.33,0.598,ASK
1445906604,1878.33,0.113,ASK
1445906604,1878.34,0.0024,BID
1445906605,1878.33,0.602,ASK
1445906606,1878.33,0.5,ASK
1445906606,1878.33,0.6,ASK
1445906607,1878.33,3.143,ASK
1445906607,1878.34,0.0024,BID
1445906607,1878.33,0.65,ASK
1445906607,1878.33,0.5,ASK
1445906607,1878.33,0.358,ASK
1445906609,1878.32,0.292,BID
1445906609,1878.32,0.5,BID
1445906609,1878.32,0.314,BID
1445906609,1878.32,0.0024,BID
1445906610,1877.99,0.1678,ASK
1445906610,1877.99,0.0295,ASK
1445906610,1877.98,0.3027,ASK
1445906612,1878.32,0.0024,BID
1445906612,1877.98,0.5,ASK
1445906613,1877.98,0.601,ASK
1445906613,1877.98,1.0,ASK
1445906613,1877.98,0.4,ASK
1445906614,1877.98,0.5,ASK
1445906614,1877.98,0.005,ASK
1445906616,1877.98,0.5,ASK
1445906618,1877.98,0.0089,ASK
1445906618,1877.98,0.4,ASK
1445906619,1878.03,0.0151,ASK
1445906619,1877.99,0.2161,ASK
1445906619,1877.98,0.0588,ASK
1445906620,1877.98,0.122,ASK
1445906620,1878.3,0.0024,BID
1445906621,1878.29,0.0024,BID
1445906622,1878.29,0.04,BID
1445906622,1878.29,0.0176,BID
1445906622,1878.31,0.02,BID
1445906622,1878.32,0.1812,BID
1445906622,1878.32,0.5,BID
1445906622,1878.32,0.5,BID
1445906623,1878.34,1.0,BID
1445906623,1878.34,9.839,BID
1445906623,1878.33,1.555,ASK
1445906623,1878.33,1.555,ASK
1445906623,1878.33,1.555,ASK
1445906623,1878.33,1.555,ASK
1445906623,1878.33,0.0412,ASK
1445906623,1877.99,0.0838,ASK
1445906623,1877.98,1.43,ASK
1445906623,1877.98,0.1249,ASK
1445906623,1877.29,0.01,ASK
1445906623,1877.28,0.0869,ASK
1445906623,1877.28,0.0266,ASK
1445906623,1877.27,0.3765,ASK
1445906623,1877.27,0.5,ASK
1445906623,1877.97,0.0024,BID
1445906623,1877.48,0.1457,BID
1445906626,1877.27,0.008,ASK
1445906626,1877.48,0.155,BID
1445906627,1877.48,0.5326,BID
1445906628,1877.48,0.0024,BID
1445906628,1877.47,0.0497,BID
1445906628,1877.48,0.1643,BID
1445906629,1877.88,0.155,BID
1445906629,1877.89,0.16,BID
1445906629,1877.89,0.2,BID
1445906629,1877.89,0.15,BID
1445906629,1877.94,0.2976,BID
1445906629,1877.97,1.4277,BID
1445906629,1877.97,1.0,BID
1445906629,1877.97,1.555,BID
1445906629,1877.97,1.555,BID
1445906629,1877.97,1.555,BID
1445906629,1877.99,0.01,BID
1445906630,1878.01,4.0,BID
1445906630,1878.01,19.379,BID
1445906631,1878.0,0.319,ASK
1445906631,1878.0,0.532,ASK
1445906631,1878.0,0.122,ASK
1445906631,1878.0,1.5546,ASK
1445906632,1878.0,0.0563,ASK
1445906634,1878.01,0.0497,ASK
1445906634,1878.0,0.4503,ASK
1445906634,1878.0,1.555,ASK
1445906634,1878.0,0.5,ASK
1445906634,1878.0,0.5677,ASK
1445906634,1878.0,0.5,ASK
1445906634,1878.0,1.236,ASK
1445906634,1878.0,0.431,ASK
1445906634,1878.0,1.822,ASK
1445906634,1878.0,0.211,ASK
1445906634,1878.0,0.8507,ASK
1445906634,1877.98,18.0,ASK
1445906634,1877.98,2.122,ASK
1445906634,1877.51,4.0,ASK
1445906634,1877.51,5.344,ASK
1445906634,1877.99,0.2901,BID
1445906635,1877.5,0.06,ASK
1445906637,1877.5,0.259,BID
1445906637,1877.9,0.2,BID
1445906637,1877.99,0.0735,BID
1445906638,1877.49,0.069,ASK
1445906639,1877.49,0.2496,ASK
1445906639,1877.49,0.3994,ASK
1445906639,1877.49,0.1332,ASK
1445906639,1877.28,0.0563,ASK
1445906639,1877.27,1.3665,ASK
1445906641,1877.48,0.0024,BID
1445906642,1877.27,1.569,ASK
1445906642,1877.27,4.9425,ASK
1445906643,1877.26,0.0575,BID
1445906643,1877.26,0.2072,BID
1445906645,1876.98,0.1722,ASK
1445906646,1877.26,0.4428,BID
1445906646,1877.26,1.5572,BID
1445906646,1876.98,1.8978,ASK
1445906646,1876.97,0.0117,BID
1445906648,1876.01,1.554,ASK
1445906650,1876.96,1.3657,BID
1445906650,1876.97,0.1605,BID
1445906650,1876.98,0.5438,BID
1445906654,1876.97,0.0109,BID
1445906654,1876.98,0.2182,BID
1445906654,1877.25,0.0117,BID
1445906654,1877.47,0.2647,BID
1445906654,1877.48,0.6476,BID
1445906654,1877.9,0.2,BID
1445906654,1877.99,0.5,BID
1445906654,1877.99,0.5,BID
1445906654,1878.32,0.5,BID
1445906654,1878.32,0.5,BID
1445906654,1878.94,1.0,BID
1445906654,1879.8,1.0,BID
1445906654,1879.85,0.5904,BID
1445906654,1879.85,4.5565,BID
1445906655,1876.47,3.254,ASK
1445906655,1876.47,0.586,ASK
1445906656,1876.96,0.1601,BID
1445906656,1876.96,0.0049,BID
1445906657,1876.96,0.0551,BID
1445906657,1876.96,0.0039,BID
1445906659,1878.04,0.0024,ASK
1445906659,1877.49,0.0176,ASK
1445906662,1879.71,0.0024,ASK
1445906662,1878.07,0.532,ASK
1445906662,1877.5,0.0522,ASK
1445906662,1877.49,0.4384,ASK
1445906662,1877.49,0.587,ASK
1445906665,1877.48,0.0831,BID
1445906665,1877.47,1.0,BID
1445906665,1877.47,5.036,BID
1445906666,1877.48,0.02,BID
1445906666,1877.48,0.1239,BID
1445906667,1879.72,0.0037,ASK
1445906668,1878.35,0.0089,ASK
1445906669,1878.35,0.0311,ASK
1445906669,1878.33,0.029,ASK
1445906671,1879.11,0.0024,ASK
1445906671,1878.33,0.0286,ASK
1445906674,1879.11,0.1,BID
1445906674,1879.3,0.999,BID
1445906674,1879.3,0.0024,BID
1445906674,1879.3,1.0,BID
1445906674,1879.3,0.129,BID
1445906675,1879.31,0.02,ASK
1445906676,1879.79,0.0024,BID
1445906677,1879.31,0.1742,ASK
1445906677,1879.31,0.532,ASK
1445906678,1879.31,0.007,ASK
1445906678,1879.31,0.1378,ASK
1445906678,1879.12,0.1,ASK
1445906678,1878.33,0.0172,BID
1445906679,1878.33,0.04,BID
1445906679,1878.33,0.06,BID
1445906680,1878.33,0.0024,BID
1445906680,1878.33,0.049,BID
1445906680,1878.33,0.081,BID
1445906681,1878.34,0.0473,ASK
1445906686,1879.3,0.0024,BID
1445906689,1879.3,0.104,BID
1445906689,1879.22,0.174,ASK
1445906689,1879.3,0.132,BID
1445906690,1879.3,0.5321,BID
1445906690,1879.3,0.0024,BID
1445906691,1879.29,0.1483,BID
1445906691,1879.3,0.3838,BID
1445906697,1878.37,0.008,ASK
1445906699,1879.2,0.1573,BID
1445906699,1879.3,1.7498,BID
1445906699,1879.3,0.0024,BID
1445906705,1878.88,0.0024,ASK
1445906705,1878.4,0.0076,ASK
1445906706,1879.29,0.0148,BID
1445906706,1879.29,0.0072,BID
1445906708,1879.28,0.008,BID
1445906708,1879.29,0.0528,BID
1445906708,1879.29,0.0148,BID
1445906708,1879.3,0.2734,BID
1445906710,1879.3,0.0225,BID
1445906710,1879.82,0.0024,BID
1445906711,1879.82,0.0013,BID
1445906711,1879.96,0.1337,BID
1445906712,1879.96,0.5663,BID
1445906712,1879.97,0.1337,BID
1445906712,1879.97,2.502,BID
1445906712,1879.97,2.5,BID
1445906713,1879.97,0.7,BID
1445906713,1879.97,0.2,BID
1445906713,1879.97,1.026,BID
1445906713,1879.97,0.7,BID
1445906716,1880.0,1.0,BID
1445906716,1880.0,1.0707,BID
1445906717,1880.14,0.1,BID
1445906717,1880.15,0.1,BID
1445906717,1880.15,0.0024,BID
1445906717,1880.07,0.0058,ASK
1445906718,1880.15,1.324,BID
1445906719,1880.15,0.5736,BID
1445906719,1880.16,0.2906,BID
1445906719,1880.16,0.0384,ASK
1445906719,1880.16,0.0089,ASK
1445906720,1880.17,0.0188,BID
1445906720,1880.17,2.9812,BID
1445906721,1880.17,1.0,BID
1445906721,1880.17,1.812,BID
1445906721,1880.2,0.2,BID
1445906721,1880.2,0.0024,BID
1445906722,1880.18,0.4875,ASK
1445906722,1880.2,1.2174,BID
1445906724,1880.32,0.0024,BID
1445906725,1880.32,0.2,BID
1445906725,1880.32,1.027,BID
1445906726,1880.32,1.0,BID
1445906726,1880.32,0.0024,BID
1445906728,1880.3,0.008,ASK
1445906728,1880.32,0.0015,BID
1445906729,1880.48,0.005,BID
1445906729,1880.61,0.995,BID
1445906730,1880.61,0.288,BID
1445906730,1880.61,0.0024,BID
1445906730,1880.61,0.689,BID
1445906731,1880.61,1.18,BID
1445906731,1880.61,0.0015,BID
1445906731,1880.71,0.12,BID
1445906732,1880.91,0.0024,BID
1445906732,1880.91,0.2,BID
1445906733,1880.72,0.0496,ASK
1445906733,1880.71,0.0544,ASK
1445906733,1880.91,1.0,BID
1445906735,1880.91,0.0024,BID
1445906735,1880.71,0.0496,ASK
1445906735,1880.91,0.999,BID
1445906736,1880.9,0.1582,BID
1445906736,1880.91,1.0218,BID
1445906736,1880.91,0.897,BID
1445906737,1880.71,0.0005,ASK
1445906737,1880.71,1.3855,ASK
1445906737,1880.91,0.1918,BID
1445906737,1880.91,0.0024,BID
1445906737,1880.91,0.0491,BID
1445906737,1880.98,0.1,BID
1445906737,1880.99,0.05,BID
1445906737,1881.0,1.0,BID
1445906737,1881.92,1.3809,BID
1445906738,1881.41,0.65,ASK
1445906739,1881.92,1.0559,BID
1445906739,1881.93,0.1241,BID
1445906739,1881.93,0.01,BID
1445906739,1881.41,0.0089,ASK
1445906739,1881.42,14.538,BID
1445906740,1881.41,0.3411,ASK
1445906740,1880.96,0.02,ASK
1445906740,1880.96,0.01,ASK
1445906740,1880.95,0.2,ASK
1445906740,1880.93,0.051,ASK
1445906740,1880.92,0.9469,ASK
1445906741,1881.4,0.0024,BID
1445906741,1881.4,0.3476,BID
1445906741,1881.91,0.0496,BID
1445906741,1881.94,1.5538,ASK
1445906742,1881.93,0.12,BID
1445906743,1881.41,0.35,ASK
1445906743,1881.4,0.0288,ASK
1445906743,1881.22,0.0742,ASK
1445906743,1881.21,0.387,ASK
1445906744,1881.92,0.0024,BID
1445906745,1881.92,0.0076,BID
1445906745,1881.93,1.0287,BID
1445906745,1881.98,0.1,BID
1445906745,1882.0,0.0691,BID
1445906745,1882.0,0.1159,BID
1445906745,1882.31,0.3745,BID
1445906745,1882.83,0.2,BID
1445906745,1882.97,0.1042,BID
1445906746,1881.92,0.0024,BID
1445906749,1881.42,0.007,BID
1445906750,1881.92,0.0435,BID
1445906750,1882.97,0.1282,BID
1445906750,1882.97,0.0024,BID
1445906753,1881.93,0.0024,BID
1445906756,1881.93,0.0024,BID
1445906756,1881.93,0.408,BID
1445906756,1881.93,0.867,BID
1445906757,1881.93,0.394,BID
1445906758,1882.93,0.008,ASK
1445906759,1882.93,0.001,ASK
1445906759,1882.93,0.6,ASK
1445906759,1882.98,0.0024,BID
1445906760,1882.93,0.01,ASK
1445906760,1882.93,0.65,ASK
1445906761,1882.93,0.159,ASK
1445906761,1882.93,0.159,ASK
1445906762,1882.93,0.086,ASK
1445906762,1882.23,1.4839,ASK
1445906762,1881.94,0.606,ASK
1445906762,1881.94,0.129,ASK
1445906762,1881.94,0.0742,BID
1445906762,1881.94,0.0367,BID
1445906762,1881.94,0.0024,BID
1445906763,1881.94,0.0121,BID
1445906763,1882.92,0.159,BID
1445906763,1882.92,0.041,BID
1445906765,1882.92,0.02,BID
1445906766,1882.91,0.0024,BID
1445906766,1882.69,0.001,ASK
1445906767,1882.69,0.0486,ASK
1445906767,1882.68,0.0479,ASK
1445906770,1882.68,0.0243,BID
1445906771,1882.68,0.0253,BID
1445906771,1882.9,0.0243,BID
1445906771,1882.91,0.2694,BID
1445906772,1882.91,0.2,BID
1445906772,1882.91,0.0024,BID
1445906773,1881.24,0.02,ASK
1445906773,1881.23,0.0435,ASK
1445906773,1880.44,0.819,ASK
1445906773,1880.41,0.035,ASK
1445906773,1880.41,0.1511,ASK
1445906773,1880.4,0.7,ASK
1445906773,1880.4,8.1293,ASK
1445906773,1880.36,0.6,ASK
1445906773,1880.35,4.5553,ASK
1445906773,1880.34,1.3633,ASK
1445906773,1880.32,1.2774,ASK
1445906773,1880.32,1.0,ASK
1445906773,1880.17,0.37,ASK
1445906773,1880.16,0.3712,ASK
1445906773,1879.99,0.15,ASK
1445906773,1879.81,0.0384,ASK
1445906773,1879.09,4.1901,ASK
1445906773,1878.41,0.0058,ASK
1445906773,1878.4,0.9924,ASK
1445906773,1878.36,0.1573,ASK
1445906773,1877.78,4.6471,ASK
1445906773,1877.51,0.1742,ASK
1445906773,1876.99,0.0601,ASK
1445906773,1876.79,0.8859,ASK
1445906773,1876.47,2.5467,ASK
1445906773,1882.91,0.2,BID
1445906774,1881.26,0.0089,ASK
1445906775,1882.67,0.06,BID
1445906775,1882.9,0.0835,BID
1445906775,1882.91,0.0465,BID
1445906776,1882.91,0.0024,BID
1445906777,1881.93,0.923,BID
1445906777,1881.93,0.4,BID
1445906777,1881.93,1.977,BID
1445906777,1881.93,0.5,BID
1445906777,1881.93,0.6,BID
1445906777,1881.93,0.2097,BID
1445906777,1882.86,0.2903,BID
1445906777,1882.86,0.4,BID
1445906777,1882.86,0.1377,BID
1445906777,1882.91,0.3623,BID
1445906777,1882.91,1.2594,BID
1445906777,1882.91,0.4316,BID
1445906778,1882.91,0.5,BID
1445906779,1882.66,0.0024,BID
1445906780,1882.66,0.0464,BID
1445906780,1882.85,0.7,BID
1445906780,1882.91,0.6786,BID
1445906780,1882.91,0.492,BID
1445906780,1882.91,0.5,BID
1445906780,1882.91,2.0,BID
1445906781,1882.91,0.0024,BID
1445906781,1882.66,0.0025,ASK
1445906781,1882.91,0.5,BID
1445906781,1882.67,17.283,BID
1445906782,1882.91,0.5,BID
1445906782,1882.66,0.008,ASK
1445906783,1882.9,0.0188,BID
1445906783,1882.91,0.3633,BID
1445906783,1882.92,0.1179,BID
1445906784,1882.89,0.0024,BID
1445906784,1882.89,0.0472,BID
1445906784,1882.92,0.4528,BID
1445906785,1882.9,0.5,BID
1445906786,1882.9,0.0024,BID
1445906787,1882.9,0.0976,BID
1445906787,1882.92,0.0183,BID
1445906787,1882.92,0.3841,BID
1445906787,1882.68,6.0,BID
1445906787,1882.68,3.0,BID
1445906787,1882.68,8.208,BID
1445906788,1882.92,0.2659,BID
1445906788,1882.92,0.65,BID
1445906788,1882.97,2.0,BID
1445906788,1882.98,0.0976,BID
1445906788,1882.99,0.5,BID
1445906788,1882.99,0.5,BID
1445906788,1882.99,0.5,BID
1445906788,1883.14,0.3,BID
1445906788,1883.17,0.19,BID
1445906788,1883.24,0.5,BID
1445906790,1883.24,0.5,BID
1445906791,1883.23,0.2497,ASK
1445906791,1883.24,0.531,BID
1445906792,1883.23,0.1,ASK
1445906792,1883.24,0.2,BID
1445906792,1883.24,0.531,BID
1445906792,1883.24,0.0024,BID
1445906792,1883.24,0.4,BID
1445906792,1883.24,0.4,BID
1445906793,1883.24,0.6,BID
1445906793,1883.23,0.3503,ASK
1445906794,1883.22,0.0024,BID
1445906794,1883.22,0.2973,BID
1445906794,1883.24,0.2337,BID
1445906794,1883.24,0.02,BID
1445906795,1882.94,0.01,ASK
1445906795,1882.91,0.1,ASK
1445906795,1882.68,0.2497,ASK
1445906795,1882.44,0.0188,ASK
1445906795,1882.0,0.01,ASK
1445906795,1881.99,0.2,ASK
1445906795,1881.97,0.13,ASK
1445906795,1881.97,0.297,ASK
1445906795,1881.27,0.0488,ASK
1445906795,1881.26,0.0283,ASK
1445906795,1883.24,0.1462,BID
1445906796,1883.73,0.031,BID
1445906796,1883.98,0.1,BID
1445906796,1883.99,0.049,BID
1445906796,1883.25,0.0089,ASK
1445906799,1883.99,0.001,BID
1445906799,1883.99,0.01,BID
1445906800,1883.56,0.0032,ASK
1445906800,1884.0,0.011,BID
1445906802,1884.0,0.0024,BID
1445906802,1884.0,0.7,BID
1445906805,1883.98,0.0024,BID
1445906805,1883.98,0.2448,BID
1445906805,1883.98,0.0274,BID
1445906805,1884.0,0.2866,BID
1445906810,1884.3,0.0024,BID
1445906810,1884.01,0.1412,ASK
1445906810,1883.99,0.2748,ASK
1445906811,1883.99,0.0002,ASK
1445906811,1883.57,0.06,ASK
1445906811,1883.55,0.0274,ASK
1445906811,1883.27,0.0137,ASK
1445906811,1883.26,0.0397,ASK
1445906811,1883.98,0.0495,BID
1445906812,1883.57,0.007,BID
1445906812,1883.98,0.289,BID
1445906813,1883.98,0.0615,BID
1445906813,1884.02,0.0553,ASK
1445906814,1883.69,0.0024,BID
1445906817,1883.7,0.06,ASK
1445906817,1884.29,0.0024,BID
1445906820,1884.28,0.0024,BID
1445906820,1884.19,0.196,ASK
1445906820,1883.71,0.0852,ASK
1445906820,1883.7,0.34,ASK
1445906820,1883.7,0.197,ASK
1445906820,1883.7,0.197,ASK
1445906820,1883.7,0.348,ASK
1445906820,1883.7,0.197,ASK
1445906820,1883.7,0.228,ASK
1445906820,1883.7,0.197,ASK
1445906820,1883.69,0.061,ASK
1445906821,1883.39,14.0,ASK
1445906821,1883.39,5.196,ASK
1445906822,1883.27,0.008,ASK
1445906822,1883.4,0.197,BID
1445906822,1883.27,0.0037,ASK
1445906822,1883.26,0.2075,ASK
1445906822,1883.26,0.0265,ASK
1445906822,1883.25,0.531,ASK
1445906822,1882.95,0.6,ASK
1445906822,1882.95,0.7372,ASK
1445906824,1883.19,0.0024,BID
1445906826,1882.97,0.1164,BID
1445906828,1882.97,0.0024,BID
1445906828,1882.94,0.0032,ASK
1445906828,1882.93,0.0203,ASK
1445906828,1882.92,3.0661,ASK
1445906828,1882.97,0.5311,BID
1445906831,1883.19,0.0976,BID
1445906831,1883.24,0.0203,BID
1445906831,1883.25,2.7544,BID
1445906831,1883.89,0.0151,BID
1445906831,1884.0,8.8857,BID
1445906831,1884.1,0.834,ASK
1445906831,1884.1,0.6,ASK
1445906831,1884.1,0.1717,ASK
1445906832,1884.1,0.1296,ASK
1445906832,1884.1,0.02,ASK
1445906834,1884.17,0.0024,BID
1445906835,1884.1,0.0266,ASK
1445906836,1884.1,0.532,ASK
1445906837,1884.1,0.14,ASK
1445906838,1884.1,0.65,ASK
1445906839,1884.1,0.0157,ASK
1445906840,1884.0,0.0024,BID
1445906842,1883.86,0.0089,ASK
1445906844,1884.0,0.0024,BID
1445906846,1884.0,0.0024,BID
1445906848,1883.98,0.0024,BID
1445906850,1883.87,0.02,ASK
1445906850,1883.87,0.0087,ASK
1445906850,1883.87,0.0713,ASK
1445906850,1883.87,0.01,ASK
1445906850,1883.87,0.008,ASK
1445906851,1883.87,0.131,ASK
1445906853,1883.86,0.0024,BID
1445906855,1883.86,0.0024,BID
1445906855,1883.86,0.1132,BID
1445906855,1883.86,0.249,BID
1445906855,1883.86,0.249,BID
1445906855,1883.86,0.249,BID
1445906855,1883.99,0.0087,BID
1445906855,1883.99,0.2203,BID
1445906855,1884.0,12.6876,BID
1445906855,1884.07,4.2595,BID
1445906855,1884.09,0.6343,BID
1445906855,1884.09,0.65,BID
1445906855,1884.1,0.0283,BID
1445906855,1884.17,0.01,BID
1445906855,1884.18,0.196,BID
1445906855,1884.29,0.1168,BID
1445906855,1884.39,0.3283,BID
1445906856,1883.69,17.516,BID
1445906857,1883.83,0.0024,BID
1445906857,1883.69,2.0,BID
1445906857,1883.69,4.568,BID
1445906859,1883.83,0.0024,BID
1445906860,1883.69,0.0089,ASK
1445906862,1883.81,0.0024,BID
1445906865,1883.81,0.0024,BID
1445906867,1883.81,0.0082,BID
1445906867,1883.82,0.02,BID
1445906867,1883.83,0.1435,BID
1445906867,1883.83,0.0296,BID
1445906870,1883.83,1.6192,ASK
1445906870,1883.69,0.1642,ASK
1445906870,1883.53,0.06,ASK
1445906870,1883.0,0.0313,ASK
1445906870,1882.99,0.0266,ASK
1445906870,1882.99,0.0266,ASK
1445906870,1882.99,0.6,ASK
1445906870,1882.98,0.0521,ASK
1445906871,1882.98,0.479,ASK
1445906871,1882.94,0.1296,ASK
1445906871,1882.93,0.0751,ASK
1445906871,1882.92,0.4963,ASK
1445906871,1882.92,2.0,ASK
1445906871,1884.0,0.001,BID
1445906871,1884.37,0.0014,BID
1445906873,1883.84,0.007,ASK
1445906875,1883.99,0.0023,BID
1445906875,1884.0,0.0001,ASK
1445906876,1883.85,0.0023,ASK
1445906876,1883.84,0.0707,ASK
1445906877,1883.84,0.0025,ASK
1445906878,1883.62,0.0024,BID
1445906879,1883.62,0.0254,BID
1445906880,1883.02,0.035,ASK
1445906880,1883.99,0.0024,BID
1445906880,1883.01,0.4,ASK
1445906882,1883.01,0.3,ASK
1445906883,1883.0,0.0206,BID
1445906883,1883.0,0.015,BID
1445906889,1881.72,0.008,ASK
1445906891,1882.98,0.0024,BID
1445906893,1882.98,0.0024,BID
1445906896,1882.98,0.0024,BID
1445906898,1882.98,0.0024,BID
1445906901,1882.96,0.0089,ASK
1445906903,1882.97,0.0024,BID
1445906905,1882.96,0.005,ASK
1445906906,1882.95,0.0024,BID
1445906910,1881.79,0.072,ASK
1445906911,1882.95,0.0024,BID
1445906914,1881.79,0.0008,ASK
1445906914,1881.75,0.0072,ASK
1445906916,1882.93,0.0024,BID
1445906919,1882.93,0.0024,BID
1445906922,1882.91,0.016,BID
1445906922,1882.93,0.0534,BID
1445906922,1882.93,0.02,BID
1445906922,1882.94,0.06,BID
1445906922,1882.97,0.0155,BID
1445906922,1882.97,0.0728,BID
1445906922,1882.98,0.2513,BID
1445906922,1882.98,0.0334,BID
1445906925,1883.67,0.0024,BID
1445906927,1883.67,0.0024,BID
1445906928,1882.99,0.0089,ASK
1445906929,1883.67,0.0302,BID
1445906929,1883.68,0.4588,BID
1445906929,1883.68,0.0302,BID
1445906929,1883.68,0.211,BID
1445906930,1883.91,0.0024,BID
1445906930,1883.69,0.0446,ASK
1445906932,1883.91,0.0024,BID
1445906935,1883.91,0.0024,BID
1445906937,1883.61,0.007,ASK
1445906939,1883.9,0.0024,BID
1445906940,1883.62,0.02,ASK
1445906940,1883.61,0.053,ASK
1445906940,1883.0,0.0446,ASK
1445906940,1882.02,0.0993,ASK
1445906940,1882.02,0.068,ASK
1445906940,1882.02,0.03,ASK
1445906940,1882.01,10.4793,ASK
1445906940,1882.0,1.7058,ASK
1445906941,1883.9,0.0024,BID
1445906948,1883.19,0.0024,ASK
1445906948,1882.03,0.1693,ASK
1445906949,1882.03,0.008,ASK
1445906951,1882.03,0.01,ASK
1445906957,1883.82,0.01,BID
1445906957,1883.84,0.06,BID
1445906957,1883.85,0.177,BID
1445906957,1883.86,0.0352,BID
1445906957,1883.87,0.02,BID
1445906957,1883.87,0.6832,BID
1445906957,1883.87,0.0295,BID
1445906957,1883.9,6.9473,ASK
1445906958,1883.85,0.0024,BID
1445906958,1883.0,0.3701,ASK
1445906961,1883.0,0.566,ASK
1445906961,1883.84,0.0024,BID
