timestamp,price,amount,side
1444520671,1572.49,4.105,ASK
1444520672,1572.5,0.0569,BID
1444520673,1572.5,2.5,BID
1444520673,1572.5,2.905,BID
1444520673,1572.5,3.547,BID
1444520673,1572.5,2.605,BID
1444520673,1572.5,3.0,BID
1444520673,1572.5,2.0,BID
1444520673,1572.5,2.165,BID
1444520673,1572.5,0.63,BID
1444520673,1572.5,3.918,BID
1444520673,1572.5,0.15,BID
1444520674,1572.5,0.5,BID
1444520674,1572.5,2.0,BID
1444520674,1572.5,1.667,BID
1444520674,1572.5,0.5,BID
1444520674,1572.5,1.0,BID
1444520674,1572.5,8.252,BID
1444520674,1572.5,2.58,BID
1444520674,1572.5,2.0,BID
1444520674,1572.5,0.5,BID
1444520674,1572.5,0.0638,BID
1444520674,1573.51,0.1262,BID
1444520675,1573.51,0.4571,BID
1444520675,1573.68,0.0187,BID
1444520675,1573.68,0.0242,BID
1444520675,1573.1,0.05,ASK
1444520675,1573.03,0.01,ASK
1444520679,1573.1,0.1,ASK
1444520679,1573.04,0.0186,ASK
1444520679,1573.04,0.0159,ASK
1444520679,1573.03,0.0985,ASK
1444520684,1573.5,0.01,ASK
1444520691,1573.07,0.06,ASK
1444520694,1573.54,0.2231,BID
1444520694,1573.63,0.1942,BID
1444520694,1573.64,0.0264,BID
1444520694,1573.65,0.011,BID
1444520694,1573.65,0.0281,BID
1444520694,1573.65,0.5,BID
1444520694,1573.66,0.1772,BID
1444520694,1573.67,0.0139,BID
1444520694,1573.68,0.2776,BID
1444520694,1573.68,0.1612,BID
1444520694,1573.69,0.1403,BID
1444520699,1573.64,0.13,BID
1444520702,1573.23,0.013,ASK
1444520704,1573.29,0.366,BID
1444520704,1573.24,0.0109,ASK
1444520705,1573.29,0.134,BID
1444520706,1573.63,0.06,BID
1444520706,1573.63,0.0996,BID
1444520706,1573.64,0.1828,BID
1444520706,1573.68,0.0109,BID
1444520706,1573.69,0.1467,BID
1444520707,1573.37,0.01,ASK
1444520707,1573.31,0.0183,ASK
1444520707,1573.31,0.2102,ASK
1444520707,1573.3,0.1275,ASK
1444520709,1573.32,0.01,BID
1444520709,1573.62,0.19,BID
1444520709,1573.62,0.0978,BID
1444520709,1573.69,0.0871,BID
1444520709,1573.7,0.0151,BID
1444520710,1573.31,0.0166,ASK
1444520711,1573.32,0.0199,ASK
1444520711,1573.31,0.0334,ASK
1444520711,1573.31,0.3945,ASK
1444520711,1573.33,11.59,ASK
1444520712,1573.32,0.0199,ASK
1444520714,1573.32,0.0199,ASK
1444520715,1573.32,0.0199,ASK
1444520716,1573.32,0.0003,ASK
1444520716,1573.31,0.0033,ASK
1444520716,1573.31,0.0064,ASK
1444520718,1573.33,0.01,ASK
1444520719,1573.33,0.01,ASK
1444520721,1573.33,0.01,ASK
1444520722,1573.33,0.01,ASK
1444520732,1573.41,0.0014,ASK
1444520732,1573.34,0.0086,ASK
1444520734,1573.34,0.0304,ASK
1444520735,1573.34,0.2741,ASK
1444520735,1573.34,0.1792,ASK
1444520735,1573.33,0.0304,ASK
1444520736,1573.36,0.01,BID
1444520736,1573.33,0.2535,ASK
1444520737,1573.33,0.0127,BID
1444520737,1573.31,0.027,ASK
1444520737,1573.3,0.0034,ASK
1444520738,1573.33,0.1871,BID
1444520739,1573.34,0.0129,ASK
1444520739,1573.33,0.1141,ASK
1444520741,1573.35,1.0,ASK
1444520741,1573.35,5.0,ASK
1444520741,1573.35,7.481,ASK
1444520742,1573.34,0.01,ASK
1444520744,1573.34,0.01,ASK
1444520752,1573.35,0.1342,ASK
1444520752,1573.34,0.1798,ASK
1444520752,1573.31,0.0368,ASK
1444520752,1573.3,0.2351,ASK
1444520752,1573.3,0.2141,ASK
1444520752,1573.3,0.1342,ASK
1444520754,1573.3,0.1517,ASK
1444520755,1573.25,0.0144,ASK
1444520755,1573.24,0.1373,ASK
1444520756,1573.24,0.0144,ASK
1444520758,1573.24,0.1326,ASK
1444520759,1573.24,0.0035,ASK
1444520763,1573.15,0.01,BID
1444520766,1573.15,0.0098,BID
1444520768,1573.23,0.019,BID
1444520772,1573.23,0.01,BID
1444520775,1573.18,0.0014,ASK
1444520775,1573.08,0.0086,ASK
1444520777,1573.08,0.0039,ASK
1444520777,1573.07,0.0061,ASK
1444520780,1573.2,0.0014,ASK
1444520781,1573.1,0.01,BID
1444520781,1573.07,0.003,ASK
1444520782,1573.07,0.01,ASK
1444520783,1573.14,0.0014,BID
1444520784,1573.07,0.0122,ASK
1444520785,1573.07,0.0683,ASK
1444520785,1573.06,0.0122,ASK
1444520786,1573.06,0.0159,ASK
1444520787,1573.06,0.0014,BID
1444520787,1573.06,0.0632,BID
1444520787,1573.14,0.0072,BID
1444520788,1573.21,1.0,BID
1444520788,1573.21,8.527,BID
1444520790,1573.21,0.01,ASK
1444520790,1573.21,0.1,ASK
1444520791,1573.22,0.002,BID
1444520791,1573.22,0.01,BID
1444520791,1573.21,0.0014,ASK
1444520793,1573.05,0.004,ASK
1444520795,1573.11,0.0014,BID
1444520797,1573.22,0.0005,BID
1444520797,1573.23,0.0095,BID
1444520803,1573.22,0.1,BID
1444520804,1573.21,0.1689,BID
1444520804,1573.21,0.0195,BID
1444520804,1573.22,0.2008,BID
1444520805,1573.22,0.01,BID
1444520805,1573.22,0.0784,BID
1444520805,1573.23,0.112,BID
1444520807,1573.23,0.1988,ASK
1444520808,1573.23,0.1988,ASK
1444520808,1573.23,0.0904,ASK
1444520812,1573.13,0.3717,BID
1444520812,1573.22,0.1283,BID
1444520813,1573.22,0.01,BID
1444520815,1573.22,0.3497,BID
1444520815,1573.29,0.1503,BID
1444520819,1573.23,0.3497,ASK
1444520820,1573.16,0.0014,ASK
1444520820,1573.16,0.0574,ASK
1444520820,1573.15,0.0186,ASK
1444520820,1573.14,0.0702,ASK
1444520822,1573.21,14.0,ASK
1444520822,1573.21,1.0,ASK
1444520822,1573.21,6.323,ASK
1444520822,1573.14,0.003,ASK
1444520824,1573.21,0.0014,BID
1444520825,1573.21,0.01,BID
1444520828,1573.21,0.0014,BID
1444520829,1573.21,0.0047,BID
1444520829,1573.21,0.0053,BID
1444520830,1573.21,0.0014,BID
1444520831,1573.15,0.0149,ASK
1444520831,1573.14,0.0551,ASK
1444520832,1573.14,0.004,ASK
1444520832,1573.14,0.2394,ASK
1444520832,1573.13,0.01,ASK
1444520833,1573.13,0.01,BID
1444520834,1573.13,0.0014,BID
1444520834,1573.13,0.0377,BID
1444520834,1573.21,0.0047,BID
1444520834,1573.21,0.0128,BID
1444520834,1573.22,0.3497,BID
1444520834,1573.28,0.0197,BID
1444520841,1573.14,0.01,ASK
1444520844,1573.22,0.0014,ASK
1444520844,1573.14,0.0086,ASK
1444520845,1573.14,0.01,ASK
1444520845,1573.14,0.003,ASK
1444520846,1573.14,0.0075,ASK
1444520846,1573.11,0.013,ASK
1444520849,1573.16,0.0014,ASK
1444520849,1573.11,0.0036,ASK
1444520849,1573.11,0.005,ASK
1444520850,1573.11,9.0,BID
1444520850,1573.11,5.449,BID
1444520852,1573.28,0.01,BID
1444520854,1573.21,0.0014,ASK
1444520854,1573.21,0.001,ASK
1444520854,1573.12,0.0076,ASK
1444520860,1573.18,0.0014,ASK
1444520860,1573.12,0.0086,ASK
1444520861,1573.12,0.01,ASK
1444520861,1573.12,0.004,ASK
1444520865,1573.19,0.0014,ASK
1444520865,1573.12,0.0084,ASK
1444520865,1573.11,0.0002,ASK
1444520869,1573.22,0.0014,ASK
1444520871,1573.1,0.003,ASK
1444520873,1573.14,0.0014,BID
1444520875,1573.14,0.0014,BID
1444520875,1573.14,0.0058,BID
1444520877,1573.25,0.0042,ASK
1444520881,1573.17,0.0014,ASK
1444520881,1573.11,0.0144,ASK
1444520882,1573.11,0.0014,ASK
1444520882,1573.11,0.0086,ASK
1444520883,1573.11,0.004,ASK
1444520883,1573.19,0.001,BID
1444520884,1573.19,0.01,BID
1444520885,1573.19,0.0098,BID
1444520885,1573.2,0.0002,BID
1444520887,1573.14,0.0014,ASK
1444520887,1573.11,0.0082,ASK
1444520887,1573.1,0.0004,ASK
1444520888,1573.1,0.01,ASK
1444520891,1573.2,0.0056,BID
1444520891,1573.2,0.0004,BID
1444520892,1573.2,0.0096,BID
1444520892,1573.27,0.0004,BID
1444520893,1573.12,0.0014,ASK
1444520893,1573.1,0.0086,ASK
1444520894,1573.1,0.01,ASK
1444520894,1573.1,0.003,ASK
1444520897,1573.14,2.5961,ASK
1444520899,1573.14,1.2179,ASK
1444520899,1573.13,5.0,ASK
1444520899,1573.13,15.393,ASK
1444520901,1573.12,0.0014,ASK
1444520901,1573.1,0.285,ASK
1444520901,1573.06,0.0199,BID
1444520902,1573.05,0.01,ASK
1444520903,1573.06,0.0014,BID
1444520905,1573.06,0.01,BID
1444520905,1573.06,0.0014,BID
1444520906,1573.06,0.01,BID
1444520907,1573.06,0.0013,BID
1444520907,1573.05,0.004,ASK
1444520908,1573.06,0.3116,BID
1444520908,1573.25,0.0148,BID
1444520908,1573.25,0.0199,BID
1444520915,1573.25,0.0148,BID
1444520915,1573.26,0.0042,BID
1444520921,1573.23,0.014,BID
1444520921,1573.24,0.0101,BID
1444520923,1573.23,0.3906,BID
1444520923,1573.23,0.0135,BID
1444520923,1573.24,0.0959,BID
1444520923,1573.08,0.01,ASK
1444520924,1573.23,0.0135,BID
1444520924,1573.24,0.1747,BID
1444520925,1573.24,0.0156,ASK
1444520926,1573.24,0.1868,ASK
1444520927,1573.1,0.0014,ASK
1444520927,1573.08,0.0056,ASK
1444520927,1573.08,0.003,ASK
1444520929,1573.08,0.007,ASK
1444520929,1573.07,0.003,ASK
1444520929,1573.21,0.0146,BID
1444520930,1573.11,0.0014,ASK
1444520930,1573.07,0.0086,ASK
1444520931,1573.09,0.01,ASK
1444520932,1573.09,0.003,ASK
1444520933,1573.12,0.0963,ASK
1444520933,1573.09,0.205,ASK
1444520934,1573.12,0.0014,ASK
1444520934,1573.09,0.0949,ASK
1444520934,1573.09,0.1392,ASK
1444520935,1573.07,0.2341,ASK
1444520936,1573.08,0.0014,BID
1444520936,1573.07,0.0672,ASK
1444520936,1573.05,0.1592,ASK
1444520936,1572.96,0.001,ASK
1444520939,1573.06,0.1,BID
1444520940,1573.06,0.01,BID
1444520940,1573.06,0.0971,BID
1444520940,1573.06,0.0942,BID
1444520941,1573.08,0.3015,BID
1444520941,1573.2,0.0963,BID
1444520941,1573.22,0.0101,BID
1444520941,1573.23,0.0921,BID
1444520941,1573.07,0.0151,ASK
1444520942,1573.23,0.097,BID
1444520944,1573.07,0.192,ASK
1444520944,1573.07,0.1176,ASK
1444520944,1573.22,0.0101,BID
1444520944,1573.23,0.0133,BID
1444520944,1573.25,0.0013,BID
1444520944,1573.25,0.0146,BID
1444520944,1573.26,0.0077,BID
1444520945,1573.08,0.0151,ASK
1444520945,1573.07,0.1837,ASK
1444520952,1572.96,0.0737,BID
1444520952,1572.96,0.01,BID
1444520952,1572.96,0.01,BID
1444520952,1572.96,0.2008,BID
1444520952,1572.98,0.0151,BID
1444520952,1573.05,0.0452,BID
1444520952,1573.06,0.2389,BID
1444520954,1573.06,0.1,BID
1444520955,1573.05,0.01,BID
1444520956,1573.05,0.0274,BID
1444520956,1573.06,0.1544,BID
1444520956,1573.06,0.4539,BID
1444520956,1573.06,0.0394,BID
1444520956,1573.12,0.06,BID
1444520956,1573.25,0.0142,BID
1444520956,1573.26,0.2839,BID
1444520956,1573.27,0.0382,BID
1444520956,1573.28,0.0077,BID
1444520956,1573.29,0.0014,BID
1444520956,1573.34,0.0552,BID
1444520958,1573.06,0.01,ASK
1444520961,1573.06,0.0274,ASK
1444520962,1573.07,0.0274,ASK
1444520963,1573.07,0.01,ASK
1444520965,1573.33,0.0024,BID
1444520965,1573.34,0.079,BID
1444520965,1573.56,0.025,BID
1444520965,1573.57,0.5,BID
1444520965,1573.58,0.0292,BID
1444520965,1573.59,0.0237,BID
1444520965,1573.6,0.3393,BID
1444520965,1573.6,0.1342,BID
1444520965,1573.61,0.0153,BID
1444520965,1573.62,4.0,BID
1444520965,1573.67,1.0933,BID
1444520965,1573.69,0.4267,BID
1444520965,1573.71,0.0046,BID
1444520965,1573.87,0.001,BID
1444520965,1573.92,6.0,BID
1444520965,1573.96,0.001,BID
1444520965,1573.97,7.3264,BID
1444520965,1574.0,0.3,BID
1444520965,1574.02,0.001,BID
1444520965,1574.07,0.001,BID
1444520965,1574.07,0.001,BID
1444520965,1574.07,0.001,BID
1444520965,1574.07,0.001,BID
1444520965,1574.1,0.001,BID
1444520965,1574.1,0.001,BID
1444520965,1574.1,0.001,BID
1444520965,1574.1,0.0307,BID
1444520966,1574.09,43.0,BID
1444520966,1574.09,1.371,BID
1444520966,1573.07,0.01,ASK
1444520966,1573.08,1.0,BID
1444520966,1573.08,10.569,BID
1444520967,1573.07,0.0126,ASK
1444520967,1573.07,0.0024,ASK
1444520967,1573.07,0.0013,ASK
1444520967,1573.07,0.0737,ASK
1444520968,1573.08,0.0257,ASK
1444520968,1573.07,0.0083,ASK
1444520969,1573.07,0.034,ASK
1444520970,1573.08,0.0207,ASK
1444520970,1573.07,0.3712,ASK
1444520970,1573.01,0.01,ASK
1444520972,1573.0,0.0033,BID
1444520972,1573.01,0.0207,BID
1444520972,1573.06,0.2195,BID
1444520973,1573.0,0.215,ASK
1444520974,1573.0,0.085,ASK
1444520981,1572.97,0.01,ASK
1444520982,1572.97,0.01,ASK
1444520984,1572.97,0.02,ASK
1444520985,1572.97,0.02,ASK
1444520986,1572.97,0.01,ASK
1444520987,1572.99,0.01,BID
1444520988,1572.97,0.01,ASK
1444520991,1572.97,0.01,ASK
1444520993,1572.97,0.2045,ASK
1444520994,1572.92,0.0452,ASK
1444520994,1572.87,0.001,ASK
1444520995,1572.84,10.568,ASK
1444520995,1572.85,0.01,BID
1444520997,1572.85,0.014,BID
1444521002,1572.85,0.076,BID
1444521003,1572.85,0.0583,BID
1444521006,1572.91,0.0452,BID
1444521006,1572.95,0.0112,BID
1444521006,1572.96,0.0216,BID
1444521009,1572.92,0.0452,ASK
1444521010,1572.89,0.0014,ASK
1444521010,1572.86,0.0438,ASK
1444521011,1572.86,0.01,ASK
1444521012,1572.86,0.0362,ASK
1444521012,1572.86,0.1343,ASK
1444521012,1572.82,0.01,ASK
1444521013,1572.82,0.0208,ASK
1444521013,1572.85,0.0026,BID
1444521015,1572.82,0.004,ASK
1444521016,1572.85,0.01,BID
1444521016,1572.85,0.01,BID
1444521017,1572.85,0.0014,BID
1444521019,1572.85,0.0014,BID
1444521021,1572.82,0.003,ASK
1444521021,1572.82,0.4622,ASK
1444521021,1572.8,0.003,ASK
1444521022,1572.8,0.2547,ASK
1444521022,1572.81,0.0014,BID
1444521024,1572.81,0.01,BID
1444521025,1572.81,0.0014,BID
1444521026,1572.8,0.06,ASK
1444521027,1572.8,1.18,ASK
1444521027,1572.81,0.0014,BID
1444521027,1572.8,0.65,ASK
1444521028,1572.8,0.65,ASK
1444521029,1572.8,0.004,ASK
1444521029,1572.8,0.65,ASK
1444521030,1572.81,0.1,BID
1444521031,1572.79,0.4524,BID
1444521031,1572.79,0.0014,BID
1444521033,1572.79,0.01,BID
1444521034,1572.79,0.1862,BID
1444521034,1572.8,0.0128,BID
1444521034,1572.81,0.301,BID
1444521035,1572.78,0.1962,BID
1444521037,1572.78,0.1343,BID
1444521037,1572.81,0.05,BID
1444521037,1572.85,0.1551,BID
1444521037,1572.91,0.0452,BID
1444521037,1572.95,0.0101,BID
1444521037,1572.96,0.1053,BID
1444521038,1572.85,7.0,BID
1444521038,1572.85,4.949,BID
1444521045,1572.84,0.001,ASK
1444521045,1572.8,0.009,ASK
1444521046,1572.85,0.0014,ASK
1444521046,1572.8,0.0075,ASK
1444521046,1572.79,0.0011,ASK
1444521051,1572.82,0.0141,ASK
1444521053,1572.82,0.3377,ASK
1444521053,1572.94,0.0141,BID
1444521053,1572.95,0.2816,BID
1444521053,1572.96,0.0976,BID
1444521053,1572.98,0.0145,BID
1444521053,1572.99,0.0922,BID
1444521054,1572.81,0.2337,ASK
1444521054,1572.82,0.003,BID
1444521054,1572.83,0.0139,ASK
1444521054,1572.82,0.0141,ASK
1444521054,1572.81,0.0479,ASK
1444521055,1572.8,0.0165,ASK
1444521055,1572.79,0.2172,ASK
1444521056,1572.81,0.0014,BID
1444521057,1572.81,0.01,BID
1444521060,1572.81,0.2504,BID
1444521060,1572.99,0.1978,BID
1444521060,1573.0,0.0518,BID
1444521063,1572.82,0.01,ASK
1444521064,1572.82,0.2404,ASK
1444521064,1572.79,0.01,ASK
1444521065,1572.84,0.0014,ASK
1444521065,1572.83,0.012,ASK
1444521065,1572.79,0.1022,ASK
1444521066,1572.71,0.1248,BID
1444521066,1572.83,0.01,ASK
1444521067,1572.83,0.2028,ASK
1444521068,1572.83,0.139,ASK
1444521068,1572.8,0.05,ASK
1444521068,1572.72,0.001,BID
1444521073,1572.72,0.0028,BID
1444521073,1572.72,0.0072,BID
1444521073,1572.72,0.0014,BID
1444521074,1572.72,0.01,BID
1444521075,1572.72,0.001,BID
1444521079,1572.72,0.001,BID
1444521094,1572.66,0.004,ASK
1444521094,1572.76,0.01,BID
1444521098,1572.76,0.01,BID
1444521100,1572.75,0.01,BID
1444521101,1572.75,0.007,BID
1444521101,1572.76,0.3375,BID
1444521101,1572.76,0.01,BID
1444521101,1572.76,0.0125,BID
1444521101,1572.77,0.133,BID
1444521101,1572.77,0.01,BID
1444521102,1572.77,0.01,BID
1444521103,1572.77,0.0014,BID
1444521104,1572.76,0.01,BID
1444521106,1572.76,0.0043,BID
1444521106,1572.77,0.0057,BID
1444521107,1572.77,0.01,BID
1444521107,1572.73,15.0,BID
1444521107,1572.73,2.0,BID
1444521107,1572.73,3.306,BID
1444521109,1572.77,0.01,BID
1444521111,1572.77,0.27,BID
1444521111,1572.78,0.055,BID
1444521111,1572.86,0.06,BID
1444521111,1572.99,0.115,BID
1444521112,1572.98,5.0,BID
1444521112,1572.98,1.332,BID
1444521113,1572.89,0.01,ASK
1444521114,1572.99,0.01,BID
1444521114,1572.78,0.27,ASK
1444521115,1572.79,0.0753,ASK
1444521115,1572.79,0.0135,ASK
1444521115,1572.77,0.0014,ASK
1444521115,1572.72,0.002,ASK
1444521115,1572.68,0.0158,ASK
1444521115,1572.67,0.162,ASK
1444521115,1572.77,0.06,BID
1444521117,1572.77,0.01,BID
1444521118,1572.77,0.01,BID
1444521119,1572.77,0.01,BID
1444521119,1572.77,0.001,BID
1444521120,1572.77,0.027,BID
1444521120,1572.77,0.1,BID
1444521121,1572.77,0.052,BID
1444521124,1572.98,0.0753,BID
1444521124,1572.98,0.0158,BID
1444521124,1572.98,0.0135,BID
1444521124,1572.99,0.129,BID
1444521124,1572.99,0.2664,BID
1444521125,1572.93,0.003,ASK
1444521125,1572.99,0.1046,BID
1444521125,1572.93,0.01,ASK
1444521127,1572.99,0.01,BID
1444521127,1572.99,0.01,BID
1444521127,1572.99,0.01,BID
1444521129,1572.97,0.01,BID
1444521138,1572.96,0.01,BID
1444521141,1572.85,0.002,ASK
1444521142,1572.96,0.001,BID
1444521142,1572.96,0.0014,BID
1444521145,1572.96,0.01,BID
1444521146,1572.96,0.01,BID
1444521147,1572.89,0.0014,ASK
1444521147,1572.85,0.0506,ASK
1444521148,1572.85,0.0131,ASK
1444521148,1572.85,0.0118,ASK
1444521149,1572.84,0.0014,BID
1444521152,1572.84,0.01,BID
1444521152,1572.84,0.01,BID
1444521157,1572.79,0.004,ASK
1444521158,1572.84,0.0292,BID
1444521158,1572.96,0.0333,BID
1444521158,1572.96,0.0118,BID
1444521158,1572.97,0.0023,BID
1444521160,1572.99,0.0292,BID
1444521160,1572.99,0.01,BID
1444521161,1572.99,0.0364,BID
1444521162,1573.0,0.01,ASK
1444521163,1573.0,0.0292,ASK
1444521163,1573.0,0.01,ASK
1444521164,1573.0,0.0656,ASK
1444521166,1572.85,0.0292,ASK
1444521166,1572.85,0.0673,ASK
1444521167,1572.97,0.0014,BID
1444521168,1572.85,0.0355,ASK
1444521168,1572.84,0.061,ASK
1444521169,1572.85,0.0318,ASK
1444521169,1572.84,0.0797,ASK
1444521169,1572.85,0.0355,ASK
1444521169,1572.84,0.061,ASK
1444521170,1572.97,0.01,BID
1444521170,1572.84,0.65,ASK
1444521170,1572.89,0.001,BID
1444521170,1572.96,0.009,BID
1444521171,1572.96,0.0027,BID
1444521171,1572.97,0.0073,BID
1444521171,1572.96,0.0029,ASK
1444521171,1572.86,0.0014,ASK
1444521171,1572.85,0.0643,ASK
1444521171,1572.84,0.4949,ASK
1444521174,1572.83,0.0894,BID
1444521174,1572.83,0.0106,BID
1444521175,1572.83,0.01,BID
1444521175,1572.83,0.0894,BID
1444521176,1572.79,0.003,ASK
1444521176,1572.83,0.54,BID
1444521177,1572.85,8.0,BID
1444521177,1572.85,3.039,BID
1444521177,1572.96,0.01,BID
1444521178,1572.96,0.0514,BID
1444521178,1572.96,0.0112,BID
1444521178,1572.97,0.0205,BID
1444521178,1572.97,0.0063,BID
1444521179,1572.97,0.0593,BID
1444521179,1572.97,0.13,BID
1444521179,1572.97,0.025,BID
1444521179,1572.98,0.2857,BID
1444521181,1572.9,0.0014,ASK
1444521181,1572.85,0.0086,ASK
1444521184,1572.96,0.01,BID
1444521185,1572.96,0.0108,BID
1444521185,1572.97,0.4892,BID
1444521185,1572.95,0.0014,ASK
1444521187,1572.86,0.0014,BID
1444521187,1572.86,0.0072,BID
1444521187,1572.97,0.0108,BID
1444521193,1572.98,0.01,BID
1444521195,1572.98,0.5,BID
1444521196,1572.98,0.6357,BID
1444521197,1572.98,0.6357,BID
1444521198,1572.98,0.6357,BID
1444521199,1572.98,0.5,BID
1444521199,1572.97,0.004,ASK
1444521199,1572.98,0.6357,BID
1444521200,1572.98,0.6357,BID
1444521201,1572.98,0.0014,BID
1444521201,1572.98,0.01,BID
1444521201,1572.98,0.6357,BID
1444521202,1572.98,0.6357,BID
1444521204,1572.98,0.0014,BID
1444521204,1572.98,0.5,BID
1444521205,1572.97,0.003,ASK
1444521207,1572.98,0.01,BID
1444521207,1572.98,0.5,BID
1444521208,1572.98,0.0014,BID
1444521208,1572.97,0.0182,ASK
1444521209,1572.96,0.0328,ASK
1444521209,1572.85,0.028,ASK
1444521210,1572.85,0.0014,BID
1444521210,1572.85,0.5,BID
1444521212,1572.85,0.357,BID
1444521212,1572.85,0.009,BID
1444521213,1572.85,0.0014,BID
1444521213,1572.85,0.2355,BID
1444521213,1572.85,0.0328,BID
1444521214,1572.97,0.028,BID
1444521214,1572.97,0.0978,BID
1444521214,1572.97,0.0122,BID
1444521214,1572.98,0.362,BID
1444521215,1572.98,0.01,BID
1444521215,1572.86,0.004,ASK
1444521217,1572.98,0.5,BID
1444521219,1572.97,0.055,BID
1444521220,1572.97,0.3622,BID
1444521220,1572.98,0.1378,BID
1444521220,1572.98,0.01,BID
1444521221,1572.98,0.4172,BID
1444521223,1572.87,0.01,ASK
1444521223,1572.98,0.5,BID
1444521226,1572.93,0.0014,ASK
1444521226,1572.88,0.0086,ASK
1444521226,1572.97,0.01,BID
1444521227,1572.88,0.0053,ASK
1444521227,1572.87,0.0047,ASK
1444521227,1572.97,0.004,BID
1444521227,1572.98,0.496,BID
1444521228,1572.98,0.02,BID
1444521231,1572.97,0.0139,BID
1444521231,1572.98,0.4861,BID
1444521231,1572.93,0.0014,ASK
1444521231,1572.88,0.0086,ASK
1444521232,1572.97,0.0029,BID
1444521232,1572.98,0.0071,BID
1444521232,1572.88,0.0064,ASK
1444521232,1572.87,0.0036,ASK
1444521233,1572.88,0.003,ASK
1444521234,1572.97,0.0133,BID
1444521234,1572.98,0.4867,BID
1444521237,1572.98,0.01,BID
1444521238,1572.98,0.5,BID
1444521240,1572.98,0.01,BID
1444521241,1572.98,0.5,BID
1444521244,1572.98,0.01,BID
1444521244,1572.93,0.0014,ASK
1444521244,1572.88,0.0086,ASK
1444521244,1572.98,0.5,BID
1444521246,1572.88,0.0023,ASK
1444521246,1572.87,0.0077,ASK
1444521247,1572.97,0.018,BID
1444521247,1572.98,0.032,BID
1444521247,1572.94,0.0014,ASK
1444521247,1572.88,0.0086,ASK
1444521248,1572.98,0.5,BID
1444521250,1572.88,0.0039,ASK
1444521250,1572.87,0.0061,ASK
1444521251,1572.97,0.01,BID
1444521251,1572.97,0.0009,BID
1444521251,1572.98,0.4991,BID
1444521251,1572.88,0.0134,ASK
1444521251,1572.87,0.2611,ASK
1444521251,1572.87,0.0075,ASK
1444521253,1572.92,0.0014,ASK
1444521253,1572.86,0.0086,ASK
1444521254,1572.86,0.01,ASK
1444521255,1572.86,0.004,ASK
1444521255,1572.97,0.0173,BID
1444521255,1572.98,0.4827,BID
1444521258,1572.98,0.01,BID
1444521260,1572.98,0.5,BID
1444521263,1572.98,0.5,BID
1444521264,1572.98,0.01,BID
1444521266,1572.98,0.5,BID
1444521268,1572.89,0.0014,ASK
1444521270,1572.88,0.0014,BID
1444521271,1572.87,0.003,ASK
1444521272,1572.88,0.01,BID
1444521272,1572.88,0.0907,BID
1444521272,1572.97,0.0105,BID
1444521272,1572.98,0.3988,BID
1444521274,1572.89,0.1007,ASK
1444521274,1572.88,0.0014,ASK
1444521274,1572.87,0.0167,ASK
1444521274,1572.86,0.3946,ASK
1444521274,1572.86,0.0137,ASK
1444521274,1572.86,0.0587,ASK
1444521274,1572.85,0.1056,ASK
1444521275,1572.85,0.1007,ASK
1444521276,1572.97,0.0167,BID
1444521276,1572.97,0.0587,BID
1444521276,1572.97,0.0137,BID
1444521276,1572.98,0.4109,BID
1444521277,1572.96,7.0,BID
1444521277,1572.96,1.304,BID
1444521278,1572.97,0.01,BID
1444521278,1572.88,0.0014,ASK
1444521278,1572.86,0.0086,ASK
1444521279,1572.87,0.01,ASK
1444521281,1572.96,0.01,BID
1444521281,1572.94,0.0014,ASK
1444521281,1572.87,0.0015,ASK
1444521281,1572.86,0.0071,ASK
1444521282,1572.87,0.01,ASK
1444521283,1572.87,0.0011,ASK
1444521283,1572.86,0.0029,ASK
1444521284,1572.96,0.01,BID
1444521284,1572.86,0.01,ASK
1444521285,1572.86,0.0365,ASK
1444521287,1572.94,0.0014,ASK
1444521287,1572.88,0.0086,ASK
1444521288,1572.88,0.01,ASK
1444521289,1572.88,0.4655,ASK
1444521289,1572.86,0.01,ASK
1444521289,1572.96,0.0011,BID
1444521289,1572.97,0.0089,BID
1444521289,1572.97,0.2121,BID
1444521289,1572.98,0.2879,BID
1444521290,1572.87,2.0,BID
1444521290,1572.87,11.356,BID
1444521290,1572.91,0.0014,ASK
1444521290,1572.89,0.0233,ASK
1444521290,1572.86,0.1559,ASK
1444521290,1572.86,0.0603,ASK
1444521290,1572.85,0.0684,ASK
1444521290,1572.85,0.1562,ASK
1444521292,1572.86,0.1559,ASK
1444521292,1572.87,0.2953,BID
1444521292,1572.87,0.01,BID
1444521293,1572.86,0.003,ASK
1444521293,1572.86,0.01,ASK
1444521294,1572.87,0.01,BID
1444521296,1572.87,0.01,BID
1444521296,1572.87,0.0014,BID
1444521296,1572.87,0.01,BID
1444521297,1572.87,0.01,BID
1444521298,1572.86,0.01,ASK
1444521298,1572.87,0.0014,BID
1444521299,1572.86,0.2832,ASK
1444521300,1572.86,0.65,ASK
1444521301,1572.86,0.5039,ASK
1444521301,1572.86,0.049,ASK
1444521301,1572.85,0.0971,ASK
1444521302,1572.87,0.01,BID
1444521302,1572.87,0.1174,BID
1444521302,1572.87,0.0103,BID
1444521302,1572.96,0.019,BID
1444521302,1572.97,0.2953,BID
1444521302,1572.97,0.058,BID
1444521303,1572.85,0.65,ASK
1444521303,1572.93,0.0014,ASK
1444521303,1572.86,0.0086,ASK
1444521305,1572.97,0.0167,BID
1444521305,1572.98,0.4833,BID
1444521305,1572.88,0.01,ASK
1444521305,1572.88,0.1277,ASK
1444521305,1572.86,0.0374,ASK
1444521305,1572.85,0.2336,ASK
1444521305,1572.85,0.0366,ASK
1444521305,1572.84,0.0958,ASK
1444521305,1572.84,0.1189,ASK
1444521306,1572.84,0.1377,ASK
1444521306,1572.84,0.3792,ASK
1444521307,1572.84,0.0029,BID
1444521311,1572.84,0.01,BID
1444521312,1572.84,0.2579,BID
1444521312,1572.97,0.049,BID
1444521312,1572.97,0.0366,BID
1444521312,1572.97,0.0374,BID
1444521312,1572.98,0.1191,BID
1444521314,1572.98,0.2832,BID
1444521315,1572.98,0.5,BID
1444521315,1572.98,0.6357,BID
1444521316,1572.92,0.004,ASK
1444521316,1572.98,0.6357,BID
1444521317,1572.92,0.006,ASK
1444521317,1572.86,0.004,BID
1444521317,1572.98,0.3142,BID
1444521317,1572.99,0.0392,BID
1444521317,1572.99,0.0656,BID
1444521317,1572.99,0.06,BID
1444521318,1573.02,0.01,BID
1444521318,1573.02,0.01,BID
1444521318,1572.99,0.01,ASK
1444521320,1572.99,0.1427,ASK
1444521320,1572.99,0.0491,ASK
1444521321,1572.99,0.0963,ASK
1444521321,1572.99,0.1527,ASK
1444521322,1572.99,0.3376,ASK
1444521322,1572.95,0.0014,ASK
1444521325,1572.89,0.01,BID
1444521326,1572.94,0.01,BID
1444521328,1572.93,0.01,BID
1444521329,1572.93,0.1849,BID
1444521329,1572.93,0.1323,BID
1444521329,1572.94,0.1828,BID
1444521330,1572.94,0.0548,BID
1444521333,1572.94,0.0123,ASK
1444521333,1572.98,0.5,BID
1444521333,1572.98,0.01,BID
1444521334,1572.98,0.14,BID
1444521334,1572.98,0.4957,BID
1444521335,1572.98,0.0909,BID
1444521336,1572.99,0.1302,ASK
1444521337,1572.99,0.4146,ASK
1444521337,1572.99,0.0523,ASK
1444521338,1572.99,0.136,ASK
1444521338,1572.99,0.4474,ASK
1444521340,1572.95,0.013,ASK
1444521340,1572.94,0.2601,ASK
1444521341,1572.86,0.01,BID
1444521341,1572.86,0.5,BID
1444521342,1572.86,0.0014,BID
1444521344,1572.83,0.014,ASK
1444521345,1572.86,0.5,BID
1444521346,1572.83,0.003,BID
1444521346,1572.86,0.6328,BID
1444521348,1572.86,0.01,BID
1444521353,1572.86,0.01,BID
1444521358,1572.86,0.5,BID
1444521359,1572.86,0.273,BID
1444521361,1572.85,8.07,BID
1444521361,1572.86,0.5,BID
1444521364,1572.86,0.01,BID
1444521366,1572.86,0.02,BID
1444521366,1572.86,0.5,BID
1444521367,1572.86,0.0014,BID
1444521369,1572.86,0.0014,BID
1444521370,1572.86,0.01,BID
1444521370,1572.86,0.5,BID
1444521371,1572.86,0.0014,BID
1444521375,1572.81,0.004,ASK
1444521383,1572.86,0.0014,BID
1444521393,1572.86,0.0014,BID
1444521396,1572.97,0.01,BID
1444521400,1572.85,0.001,ASK
1444521403,1572.96,0.01,BID
1444521404,1572.9,0.0014,ASK
1444521404,1572.87,0.3201,ASK
1444521404,1572.86,0.4936,ASK
1444521404,1572.81,0.0164,ASK
1444521404,1572.8,0.1949,ASK
1444521404,1572.8,0.1323,ASK
1444521404,1572.79,0.0053,ASK
1444521404,1572.78,0.001,ASK
1444521404,1572.76,0.001,ASK
1444521404,1572.67,0.1538,ASK
1444521404,1572.66,0.051,ASK
1444521404,1572.62,0.025,ASK
1444521404,1572.61,0.5,ASK
1444521404,1572.6,4.22,ASK
1444521404,1572.6,0.011,ASK
1444521404,1572.6,0.017,ASK
1444521404,1572.52,0.002,ASK
1444521404,1572.52,0.014,ASK
1444521404,1572.51,0.5,ASK
1444521404,1572.51,0.5,ASK
1444521404,1572.51,0.016,ASK
1444521404,1572.49,0.013,ASK
1444521404,1572.47,0.016,ASK
1444521404,1572.45,0.0554,ASK
1444521404,1572.44,0.016,ASK
1444521404,1572.42,0.001,ASK
1444521404,1572.42,0.014,ASK
1444521404,1572.42,0.001,ASK
1444521404,1572.31,0.001,ASK
1444521404,1572.3,0.001,ASK
1444521404,1572.3,0.001,ASK
1444521404,1572.29,0.001,ASK
1444521404,1572.29,0.001,ASK
1444521404,1572.29,0.001,ASK
1444521404,1572.29,0.001,ASK
1444521404,1572.29,0.001,ASK
1444521404,1572.29,0.001,ASK
1444521404,1572.29,0.001,ASK
1444521404,1572.29,0.001,ASK
1444521404,1572.23,0.001,ASK
1444521404,1572.23,0.001,ASK
1444521404,1572.23,0.001,ASK
1444521404,1572.23,0.001,ASK
1444521404,1572.23,0.001,ASK
1444521404,1572.23,0.001,ASK
1444521404,1572.23,0.001,ASK
1444521404,1572.23,0.001,ASK
1444521404,1572.23,0.001,ASK
1444521404,1572.23,0.001,ASK
1444521404,1572.21,0.002,ASK
1444521404,1572.16,0.001,ASK
1444521404,1572.11,0.014,ASK
1444521404,1572.09,0.001,ASK
1444521404,1572.03,0.001,ASK
1444521404,1572.0,0.3,ASK
1444521404,1572.0,0.5,ASK
1444521404,1572.0,1.5207,ASK
1444521407,1572.87,0.003,BID
1444521407,1572.95,0.007,BID
1444521408,1572.94,0.012,BID
1444521408,1572.95,0.0172,BID
1444521408,1572.95,0.0242,BID
1444521408,1572.96,0.0466,BID
1444521409,1572.96,0.0014,BID
1444521409,1572.96,0.01,BID
1444521410,1572.77,1.0,BID
1444521410,1572.77,9.0,BID
1444521410,1572.77,8.722,BID
1444521411,1572.92,0.077,BID
1444521411,1572.92,0.0014,BID
1444521413,1572.92,0.2116,BID
1444521413,1572.94,0.0329,BID
1444521414,1572.91,0.0551,BID
1444521414,1572.94,0.0449,BID
1444521415,1572.94,0.1335,BID
1444521415,1572.96,0.0781,BID
1444521415,1572.96,0.01,BID
1444521420,1572.95,0.01,BID
1444521421,1572.9,0.014,BID
1444521421,1572.95,0.0749,BID
1444521423,1572.95,0.004,BID
1444521423,1572.95,0.0749,BID
1444521426,1572.95,0.01,BID
1444521432,1572.94,0.1,BID
1444521432,1572.94,0.2072,BID
1444521432,1572.95,0.3904,BID
1444521432,1572.95,0.0554,BID
1444521432,1572.95,0.4446,BID
1444521432,1572.96,0.0554,BID
1444521435,1572.96,0.1,BID
1444521436,1572.96,0.1821,BID
1444521437,1572.97,0.0479,ASK
1444521437,1572.97,0.23,ASK
1444521437,1572.97,0.0679,ASK
1444521437,1572.98,0.0974,BID
1444521437,1572.98,0.4026,BID
1444521438,1572.98,0.1,BID
1444521441,1572.98,0.01,BID
1444521441,1572.97,0.003,ASK
1444521441,1572.98,0.01,BID
1444521442,1572.97,0.0177,ASK
1444521443,1572.98,0.0222,BID
1444521443,1573.0,0.01,BID
1444521444,1573.0,0.0014,BID
1444521444,1573.0,0.23,BID
1444521444,1573.0,0.0586,BID
1444521444,1573.0,0.1714,BID
1444521445,1573.0,0.0222,BID
1444521445,1573.0,0.1,BID
1444521445,1573.0,0.0222,BID
1444521445,1573.0,0.1842,BID
1444521445,1573.02,0.01,BID
1444521447,1573.07,0.01,BID
1444521447,1573.23,0.001,BID
1444521447,1573.23,0.001,BID
1444521447,1573.23,0.001,BID
1444521447,1573.23,0.001,BID
1444521447,1573.28,0.006,BID
1444521449,1573.2,0.035,ASK
1444521449,1573.28,0.141,BID
1444521450,1573.2,0.0072,ASK
1444521450,1573.19,0.0078,ASK
1444521450,1573.19,0.0022,ASK
1444521453,1573.09,0.0014,BID
1444521454,1573.09,0.0086,BID
1444521454,1573.19,0.0014,BID
1444521455,1573.02,0.003,ASK
1444521460,1573.19,0.01,BID
1444521463,1573.05,0.0014,BID
1444521463,1573.05,0.0086,BID
1444521463,1573.05,0.01,BID
1444521465,1573.18,0.01,BID
1444521466,1573.18,0.1,BID
1444521467,1573.18,0.0014,BID
1444521468,1573.18,0.01,BID
1444521470,1573.18,0.0014,BID
1444521472,1573.06,0.004,ASK
1444521473,1573.06,0.001,ASK
1444521475,1573.18,0.01,BID
1444521480,1573.18,0.0014,BID
1444521481,1573.18,0.01,BID
1444521482,1573.18,0.0919,BID
1444521482,1573.19,0.0014,BID
1444521482,1573.19,0.0082,BID
1444521483,1573.19,0.019,BID
1444521484,1573.19,0.01,ASK
1444521486,1573.19,0.0729,ASK
1444521486,1573.11,0.01,ASK
1444521487,1573.19,0.003,BID
1444521487,1573.28,0.007,BID
1444521488,1573.11,0.015,ASK
1444521488,1573.1,0.0501,ASK
1444521488,1573.1,0.0078,ASK
1444521488,1573.18,0.0014,BID
1444521493,1573.18,0.01,BID
1444521493,1573.17,0.0014,ASK
1444521493,1573.11,0.0086,ASK
1444521495,1573.18,0.0014,BID
1444521497,1573.11,0.0029,ASK
1444521497,1573.11,0.001,ASK
1444521497,1573.11,0.003,ASK
1444521499,1573.18,0.01,BID
1444521500,1573.18,0.0014,BID
1444521502,1573.18,0.0014,BID
1444521504,1573.11,0.003,ASK
1444521505,1573.18,0.01,BID
1444521506,1573.18,0.0014,BID
1444521510,1573.18,0.0014,BID
1444521511,1573.18,0.0445,BID
1444521511,1573.28,0.0555,BID
1444521512,1573.28,0.01,BID
1444521512,1573.28,0.0014,BID
1444521514,1573.19,0.004,ASK
1444521514,1573.19,0.01,ASK
1444521515,1573.19,0.0333,ASK
1444521515,1573.11,0.009,ASK
1444521515,1573.11,0.001,ASK
1444521516,1573.28,0.0014,BID
1444521517,1573.11,0.0141,ASK
1444521517,1573.1,0.0192,ASK
1444521519,1573.18,0.0014,BID
1444521520,1573.18,0.01,BID
1444521521,1573.11,0.003,ASK
1444521522,1573.11,0.001,ASK
1444521523,1573.18,0.0014,BID
1444521526,1573.18,0.01,BID
1444521538,1573.18,0.0014,BID
1444521540,1573.18,0.0014,BID
1444521551,1573.11,0.004,ASK
1444521553,1573.14,0.001,BID
1444521553,1573.18,0.0217,BID
1444521553,1573.28,0.0212,BID
1444521553,1573.29,0.001,BID
1444521553,1573.29,0.001,BID
1444521553,1573.29,0.001,BID
1444521553,1573.29,0.001,BID
1444521553,1573.29,0.001,BID
1444521553,1573.29,0.001,BID
1444521553,1573.29,0.001,BID
1444521553,1573.29,0.001,BID
1444521553,1573.3,0.001,BID
1444521553,1573.3,0.001,BID
1444521563,1573.27,0.0014,ASK
1444521564,1573.2,0.0014,BID
1444521565,1573.2,0.0072,BID
1444521565,1573.2,0.0028,BID
1444521567,1573.17,0.004,ASK
1444521570,1573.19,0.0014,ASK
1444521570,1573.17,0.0192,ASK
1444521571,1573.2,0.0072,BID
1444521571,1573.31,0.001,BID
1444521572,1573.34,0.0018,ASK
1444521572,1573.17,0.0014,ASK
1444521572,1573.16,0.0068,ASK
1444521573,1573.17,0.0026,ASK
1444521575,1573.22,0.0014,ASK
1444521575,1573.17,0.0158,ASK
1444521576,1573.17,0.0014,ASK
1444521576,1573.16,0.0158,ASK
1444521577,1573.31,0.01,BID
1444521577,1573.3,0.0014,ASK
1444521577,1573.17,0.0086,ASK
1444521578,1573.19,5.0,ASK
1444521578,1573.19,7.0,ASK
1444521578,1573.19,2.773,ASK
1444521579,1573.18,0.004,ASK
1444521579,1573.18,0.0143,ASK
1444521580,1573.19,13.489,ASK
1444521581,1573.18,0.1164,ASK
1444521582,1573.21,0.0014,ASK
1444521582,1573.17,0.0086,ASK
1444521583,1573.17,0.0057,ASK
1444521584,1573.17,0.01,BID
1444521585,1573.17,0.0014,BID
1444521586,1573.16,0.003,ASK
1444521587,1573.17,0.0993,BID
1444521589,1573.32,0.0007,ASK
1444521589,1573.29,0.0014,ASK
1444521590,1573.28,0.0079,BID
1444521590,1573.28,0.0021,BID
1444521592,1573.18,0.0464,ASK
1444521593,1573.27,0.0014,ASK
1444521593,1573.18,0.0529,ASK
1444521593,1573.17,0.045,ASK
1444521593,1573.17,0.015,ASK
1444521595,1573.17,0.0014,BID
1444521597,1573.17,0.01,BID
1444521597,1573.16,0.004,ASK
1444521598,1573.16,0.0877,ASK
1444521599,1573.17,0.0014,BID
1444521599,1573.16,0.3753,ASK
1444521600,1573.1,0.0177,ASK
1444521601,1573.15,0.0917,BID
1444521601,1573.15,0.1583,BID
1444521602,1573.15,0.3047,BID
1444521603,1573.17,0.01,BID
1444521609,1573.17,0.01,BID
1444521612,1573.17,0.05,BID
1444521616,1573.17,0.0015,BID
1444521616,1573.17,0.0162,BID
1444521616,1573.17,0.01,BID
1444521622,1573.17,0.01,BID
1444521628,1573.17,0.01,BID
1444521634,1573.17,0.01,BID
1444521640,1573.17,0.01,BID
1444521640,1573.16,0.0013,ASK
1444521645,1573.16,0.0844,ASK
1444521646,1573.16,0.1643,ASK
1444521646,1573.16,0.0268,ASK
1444521646,1573.16,0.5279,ASK
1444521647,1573.1,0.2668,ASK
1444521647,1573.15,0.01,BID
1444521650,1573.15,0.1121,BID
1444521650,1573.15,0.3879,BID
1444521651,1573.15,0.2621,BID
1444521654,1573.17,0.01,BID
1444521660,1573.17,0.01,BID
1444521667,1573.17,0.01,BID
1444521678,1573.17,0.0031,BID
1444521678,1573.26,0.0069,BID
1444521684,1573.26,0.0031,BID
1444521684,1573.37,0.001,BID
1444521684,1573.37,0.0059,BID
1444521691,1573.35,0.01,BID
1444521697,1573.35,0.017,BID
1444521697,1573.35,0.01,BID
1444521697,1573.36,0.142,BID
1444521697,1573.36,0.331,BID
1444521697,1573.36,0.01,BID
1444521699,1573.34,0.0125,BID
1444521699,1573.34,0.0875,BID
1444521700,1573.34,0.0121,BID
1444521704,1573.36,0.01,BID
1444521705,1573.36,0.0014,BID
1444521706,1573.36,0.0454,BID
1444521706,1573.42,0.001,BID
1444521706,1573.42,0.001,BID
1444521708,1573.51,0.0014,ASK
1444521708,1573.37,0.0016,ASK
1444521711,1573.46,0.0014,BID
1444521713,1573.46,0.0014,BID
1444521713,1573.46,0.0072,BID
1444521713,1573.55,0.0028,BID
1444521714,1573.37,0.0438,ASK
1444521715,1573.4,0.0014,ASK
1444521716,1573.36,0.0424,BID
1444521718,1573.38,0.004,ASK
1444521739,1573.54,0.001,ASK
1444521742,1573.67,0.108,BID
1444521742,1573.72,0.05,BID
1444521742,1573.76,0.001,BID
1444521742,1573.77,0.001,BID
1444521742,1573.77,0.001,BID
1444521742,1573.77,0.001,BID
1444521742,1573.78,0.001,BID
1444521742,1573.86,0.004,BID
1444521742,1573.99,0.015,BID
1444521742,1574.0,0.3,BID
1444521742,1574.03,0.0167,BID
1444521742,1574.04,0.3349,BID
1444521742,1574.14,0.171,BID
1444521742,1574.17,0.0584,BID
1444521742,1574.18,4.5,BID
1444521742,1574.23,0.001,BID
1444521742,1574.27,0.001,BID
1444521742,1574.27,0.001,BID
1444521742,1574.28,0.001,BID
1444521742,1574.3,0.001,BID
1444521742,1574.32,0.001,BID
1444521742,1574.32,0.001,BID
1444521742,1574.32,0.001,BID
1444521742,1574.39,0.001,BID
1444521742,1574.39,2.68,BID
1444521747,1573.68,0.01,ASK
1444521749,1573.68,0.0111,ASK
1444521750,1573.69,0.01,ASK
1444521750,1573.69,0.098,ASK
1444521751,1573.69,0.0869,ASK
1444521752,1573.7,0.01,ASK
1444521752,1573.7,0.0042,ASK
1444521752,1573.69,0.0261,ASK
1444521753,1573.69,0.01,ASK
1444521754,1573.69,0.1612,ASK
1444521754,1573.68,0.01,ASK
1444521756,1573.68,0.0769,ASK
1444521757,1573.65,0.0483,BID
1444521757,1573.67,0.0843,BID
1444521757,1573.69,0.01,BID
1444521758,1573.7,6.0,BID
1444521758,1573.7,3.549,BID
1444521758,1573.69,0.0893,ASK
1444521760,1573.69,0.0569,ASK
1444521760,1573.69,0.0283,ASK
1444521760,1573.69,0.01,ASK
1444521761,1573.69,0.2663,ASK
1444521764,1573.68,0.002,BID
1444521764,1573.69,0.093,BID
1444521767,1573.7,0.0476,ASK
1444521768,1573.7,0.0762,ASK
1444521768,1573.7,0.01,ASK
1444521770,1573.71,0.01,ASK
1444521771,1573.71,0.05,ASK
1444521771,1573.7,0.0068,ASK
1444521774,1573.55,0.0762,ASK
1444521776,1573.54,0.0188,ASK
1444521776,1573.53,0.0188,ASK
1444521777,1573.54,0.0574,BID
1444521778,1573.56,0.1451,ASK
1444521778,1573.53,0.2131,ASK
1444521779,1573.53,0.1451,ASK
1444521779,1573.54,0.0179,ASK
1444521779,1573.52,0.151,ASK
1444521780,1573.51,0.01,ASK
1444521780,1573.52,0.0014,BID
1444521781,1573.51,0.098,ASK
1444521781,1573.41,0.01,ASK
1444521782,1573.52,0.01,BID
1444521782,1573.41,0.098,ASK
1444521783,1573.5,0.0014,BID
1444521785,1573.41,0.004,ASK
1444521787,1573.5,0.0014,BID
1444521789,1573.5,0.0014,BID
1444521790,1573.5,0.01,BID
1444521799,1573.5,0.0014,BID
1444521802,1573.5,0.01,BID
1444521802,1573.5,0.0824,BID
1444521802,1573.52,0.0176,BID
1444521805,1573.51,0.01,ASK
1444521807,1573.51,0.0838,ASK
1444521807,1573.44,0.01,ASK
1444521808,1573.51,0.004,BID
1444521808,1573.52,0.006,BID
1444521812,1573.5,0.093,BID
1444521813,1573.5,0.0008,BID
1444521815,1573.51,0.093,ASK
1444521816,1573.52,0.01,BID
1444521817,1573.52,0.0014,BID
1444521818,1573.52,0.01,BID
1444521818,1573.52,0.01,BID
1444521819,1573.52,0.01,BID
1444521819,1573.52,0.0014,BID
1444521819,1573.45,0.001,ASK
1444521819,1573.52,0.01,BID
1444521820,1573.46,1.0,BID
1444521820,1573.46,2.0,BID
1444521820,1573.46,2.249,BID
1444521820,1573.5,0.002,ASK
1444521820,1573.45,0.001,ASK
1444521821,1573.45,0.023,ASK
1444521821,1573.44,0.07,ASK
1444521822,1573.44,0.024,ASK
1444521823,1573.52,0.1,BID
1444521824,1573.52,0.0015,BID
1444521827,1573.63,0.0085,ASK
1444521828,1573.57,0.0015,BID
1444521828,1573.65,0.0085,BID
1444521829,1573.57,0.01,BID
1444521829,1573.65,0.051,BID
1444521829,1573.65,0.0005,BID
1444521829,1573.69,0.011,BID
1444521830,1573.53,0.1015,ASK
1444521830,1573.69,0.01,BID
1444521831,1573.45,0.0203,ASK
1444521831,1573.44,0.0812,ASK
1444521831,1573.6,0.0014,ASK
1444521831,1573.45,9.0,ASK
1444521831,1573.45,1.368,ASK
1444521833,1573.52,0.01,BID
1444521833,1573.52,0.0014,BID
1444521838,1573.52,0.01,BID
1444521841,1573.52,0.078,BID
1444521842,1573.52,0.0007,BID
1444521844,1573.53,0.088,ASK
1444521849,1573.54,0.0014,BID
1444521849,1573.54,0.0086,BID
1444521849,1573.68,0.0914,BID
1444521850,1573.68,0.0267,BID
1444521850,1573.69,0.0913,BID
1444521850,1573.51,0.001,ASK
1444521850,1573.45,0.003,ASK
1444521856,1573.56,0.0014,ASK
1444521856,1573.52,0.0702,ASK
1444521856,1573.45,0.0132,ASK
1444521856,1573.44,0.3248,ASK
1444521856,1573.42,1.6127,ASK
1444521859,1573.67,0.01,BID
1444521859,1573.67,0.053,BID
1444521860,1573.63,0.0014,ASK
1444521860,1573.57,0.0086,ASK
1444521860,1573.67,0.0072,BID
1444521860,1573.68,0.063,BID
1444521861,1573.57,0.01,ASK
1444521861,1573.57,0.003,ASK
1444521861,1573.68,0.0023,BID
1444521861,1573.69,0.0077,BID
1444521863,1573.68,0.0014,ASK
1444521866,1573.67,0.046,BID
1444521868,1573.62,0.0014,ASK
1444521868,1573.57,0.0086,ASK
1444521869,1573.57,0.01,ASK
1444521872,1573.64,0.0014,ASK
1444521872,1573.57,0.0086,ASK
1444521873,1573.57,0.01,ASK
1444521873,1573.57,0.004,ASK
1444521875,1573.67,0.0026,BID
1444521875,1573.67,0.0074,BID
1444521875,1573.59,0.0014,ASK
1444521875,1573.58,0.0006,ASK
1444521876,1573.58,0.153,ASK
1444521876,1573.67,0.0028,BID
1444521876,1573.68,0.0072,BID
1444521877,1573.58,0.0119,ASK
1444521877,1573.57,0.0025,ASK
1444521877,1573.47,0.06,ASK
1444521877,1573.46,0.0014,BID
1444521880,1573.46,0.0145,BID
1444521881,1573.41,0.003,ASK
1444521883,1573.46,0.0014,BID
1444521885,1573.46,0.0014,BID
1444521885,1573.46,0.01,BID
1444521889,1573.57,0.01,BID
1444521893,1573.57,0.01,BID
1444521896,1573.54,0.0014,ASK
1444521896,1573.46,0.0086,ASK
1444521897,1573.46,0.004,ASK
1444521899,1573.57,0.01,BID
1444521899,1573.57,0.0014,BID
1444521902,1573.57,0.004,BID
1444521902,1573.53,0.0014,ASK
1444521902,1573.47,0.0086,ASK
1444521905,1573.47,0.003,ASK
1444521906,1573.57,0.01,BID
1444521907,1573.57,0.0014,BID
1444521907,1573.57,0.05,BID
1444521908,1573.57,0.0687,BID
1444521910,1573.66,8.0,BID
1444521910,1573.66,8.51,BID
1444521910,1573.58,0.0614,ASK
1444521911,1573.58,0.0735,ASK
1444521912,1573.58,0.0466,ASK
1444521915,1573.57,0.1349,BID
1444521915,1573.57,0.1201,BID
1444521915,1573.67,0.0102,BID
1444521915,1573.67,0.06,BID
1444521915,1573.68,0.1748,BID
1444521916,1573.67,0.0108,BID
1444521916,1573.68,0.0216,BID
1444521916,1573.68,0.02,BID
1444521918,1573.68,0.0178,ASK
1444521919,1573.69,0.01,BID
1444521929,1573.61,0.01,BID
1444521929,1573.61,0.0014,BID
1444521932,1573.61,0.0014,BID
1444521933,1573.51,0.191,ASK
1444521933,1573.5,0.012,ASK
1444521934,1573.5,0.0609,ASK
1444521936,1573.5,0.01,BID
1444521937,1573.5,0.1,BID
1444521938,1573.47,0.004,ASK
1444521938,1573.5,0.0201,BID
1444521941,1573.57,0.001,BID
1444521941,1573.61,0.0601,BID
1444521943,1573.68,0.01,BID
1444521943,1573.68,0.02,BID
1444521944,1573.67,0.0389,ASK
1444521945,1573.68,0.1,BID
1444521946,1573.66,0.0389,BID
1444521946,1573.68,0.061,BID
1444521946,1573.69,0.036,BID
1444521950,1573.69,0.0251,ASK
1444521950,1573.69,0.0913,ASK
1444521952,1573.69,0.0287,ASK
1444521952,1573.69,0.161,ASK
1444521953,1573.61,0.1164,BID
1444521953,1573.61,0.1113,BID
1444521954,1573.53,6.0,BID
1444521954,1573.53,7.072,BID
1444521957,1573.61,0.01,BID
1444521961,1573.62,0.0014,BID
1444521963,1573.62,0.01,BID
1444521969,1573.62,0.01,BID
1444521970,1573.59,0.0014,ASK
1444521970,1573.56,0.001,ASK
1444521970,1573.52,0.0076,ASK
1444521971,1573.52,0.0039,ASK
1444521971,1573.51,0.0061,ASK
1444521972,1573.51,0.01,ASK
1444521973,1573.51,0.0939,ASK
1444521973,1573.51,0.1201,ASK
1444521974,1573.49,7.0,ASK
1444521974,1573.49,12.0,ASK
1444521974,1573.49,1.391,ASK
1444521978,1573.5,0.224,BID
1444521978,1573.51,0.003,BID
1444521978,1573.62,0.026,BID
1444521978,1573.62,0.0026,BID
1444521980,1573.62,0.2504,ASK
1444521982,1573.53,0.0014,ASK
1444521982,1573.51,0.0086,ASK
1444521983,1573.51,0.01,ASK
1444521984,1573.55,0.01,BID
1444521984,1573.93,0.0114,BID
1444521984,1573.94,0.0156,BID
1444521984,1573.94,0.2277,BID
1444521984,1573.95,0.3125,BID
1444521984,1573.96,0.0161,BID
1444521984,1573.97,0.3216,BID
1444521984,1574.04,0.0851,BID
1444521986,1573.54,0.06,ASK
1444521987,1573.52,0.0014,ASK
1444521987,1573.52,0.0103,ASK
1444521987,1573.51,0.0483,ASK
1444521990,1573.51,0.01,ASK
1444521991,1573.53,0.0014,BID
1444521993,1573.51,0.004,ASK
1444521993,1573.51,0.0368,ASK
1444521994,1573.53,0.05,BID
1444521994,1573.51,0.1063,ASK
1444521994,1573.5,0.0408,ASK
1444521995,1573.5,0.0592,ASK
1444521995,1573.5,0.01,BID
1444521996,1573.5,0.0014,BID
1444521996,1573.5,0.0586,BID
1444521999,1573.5,0.0014,BID
1444522001,1573.46,0.003,ASK
1444522002,1573.5,0.01,BID
1444522003,1573.5,0.0014,BID
1444522008,1573.5,0.0051,BID
1444522008,1573.53,0.0049,BID
1444522014,1573.53,0.0037,BID
1444522014,1573.55,0.0063,BID
1444522018,1573.52,0.002,ASK
1444522018,1573.47,0.008,ASK
1444522020,1573.55,0.01,BID
1444522025,1573.47,0.01,ASK
1444522025,1573.55,0.0014,BID
1444522026,1573.55,0.01,BID
1444522030,1573.54,0.0014,ASK
1444522030,1573.47,0.0013,ASK
1444522030,1573.47,0.0073,ASK
1444522031,1573.47,0.01,ASK
1444522035,1573.46,0.004,ASK
1444522040,1573.49,0.0014,ASK
1444522040,1573.46,0.0086,ASK
1444522041,1573.55,0.01,BID
1444522041,1573.46,0.01,ASK
1444522044,1573.52,0.0014,ASK
1444522044,1573.46,0.0606,ASK
1444522045,1573.46,0.003,ASK
1444522045,1573.46,0.299,ASK
1444522045,1573.42,2.0,ASK
1444522045,1573.42,14.0,ASK
1444522045,1573.42,3.411,ASK
1444522047,1573.45,0.0014,BID
1444522048,1573.45,0.01,BID
1444522050,1573.45,0.0014,BID
1444522054,1573.45,0.01,BID
1444522056,1573.45,0.0014,BID
1444522056,1573.41,0.01,ASK
1444522057,1573.41,0.004,ASK
1444522059,1573.45,0.01,BID
1444522064,1573.42,0.0014,ASK
1444522064,1573.41,0.063,ASK
1444522065,1573.45,0.01,BID
1444522065,1573.41,0.0014,ASK
1444522065,1573.39,0.0086,ASK
1444522066,1573.39,0.01,ASK
1444522067,1573.4,0.0644,BID
1444522067,1573.45,0.0194,BID
1444522067,1573.55,0.0323,BID
1444522067,1573.71,0.004,BID
1444522067,1574.02,0.002,BID
1444522068,1574.02,0.1319,ASK
1444522069,1573.59,0.06,BID
1444522069,1573.9,0.004,ASK
1444522069,1573.42,2.0,BID
1444522069,1573.42,2.13,BID
1444522070,1573.41,0.0644,ASK
1444522072,1573.4,0.0014,ASK
1444522072,1573.4,0.0236,ASK
1444522073,1573.42,0.0152,ASK
1444522073,1573.42,0.0098,ASK
1444522073,1573.42,0.003,ASK
1444522076,1573.43,0.0152,ASK
1444522077,1573.43,0.0067,ASK
1444522077,1573.42,0.0152,ASK
1444522078,1573.42,0.01,ASK
1444522079,1573.44,0.06,ASK
1444522079,1573.42,0.3636,ASK
1444522081,1573.42,0.05,ASK
1444522081,1573.39,0.3636,ASK
1444522087,1573.43,0.05,ASK
1444522094,1573.47,0.0014,ASK
1444522094,1573.43,0.0086,ASK
1444522095,1573.43,0.01,ASK
1444522096,1573.43,0.0327,ASK
1444522096,1573.43,0.1205,ASK
1444522097,1573.43,0.0708,ASK
1444522097,1573.43,0.2441,ASK
1444522098,1573.42,0.0807,BID
1444522098,1573.39,0.1093,ASK
1444522099,1573.39,0.2056,BID
1444522099,1573.42,0.0284,BID
1444522099,1573.38,0.1093,ASK
1444522100,1573.38,0.0469,ASK
1444522100,1573.33,0.001,ASK
1444522100,1573.33,0.001,ASK
1444522100,1573.33,0.001,ASK
1444522102,1573.32,0.1063,BID
1444522102,1573.32,0.0469,BID
1444522102,1573.37,0.1562,BID
1444522102,1573.42,0.1249,BID
1444522102,1573.42,0.1587,BID
1444522102,1573.3,0.001,ASK
1444522102,1573.3,0.001,ASK
1444522102,1573.24,0.008,ASK
1444522105,1573.32,0.0014,ASK
1444522105,1573.24,0.0045,ASK
1444522105,1573.24,0.0041,ASK
1444522105,1573.41,0.0155,BID
1444522105,1573.42,0.1375,BID
1444522106,1573.24,0.01,ASK
1444522107,1573.34,0.0014,ASK
1444522107,1573.24,0.0855,ASK
1444522107,1573.2,0.001,ASK
1444522107,1573.16,0.001,ASK
1444522107,1573.15,0.001,ASK
1444522107,1573.15,0.001,ASK
1444522107,1573.15,0.001,ASK
1444522107,1573.15,0.001,ASK
1444522108,1573.12,0.0026,BID
1444522108,1573.42,0.0124,BID
1444522108,1573.24,0.004,BID
1444522111,1573.31,0.01,ASK
1444522113,1573.31,0.09,ASK
1444522113,1573.24,0.006,ASK
1444522114,1573.24,0.004,BID
1444522114,1573.42,0.155,BID
1444522116,1573.24,0.09,BID
1444522116,1573.3,0.0695,BID
1444522119,1573.25,0.09,ASK
1444522119,1573.3,0.0305,BID
1444522119,1573.39,0.0595,BID
1444522120,1573.2,0.0014,ASK
1444522120,1573.19,0.001,ASK
1444522122,1573.15,0.019,BID
1444522122,1573.15,0.0014,BID
1444522122,1573.15,0.001,BID
1444522126,1573.15,0.01,BID
1444522127,1573.09,0.003,ASK
1444522128,1573.15,0.0562,BID
1444522128,1573.24,0.0428,BID
1444522130,1573.24,0.01,BID
1444522133,1573.2,0.001,ASK
1444522133,1573.19,0.0014,ASK
1444522133,1573.16,0.0076,ASK
1444522134,1573.16,0.01,ASK
1444522135,1573.24,0.0014,BID
1444522145,1573.2,0.0014,ASK
1444522145,1573.16,0.0086,ASK
1444522145,1573.24,0.02,BID
1444522146,1573.2,0.004,ASK
1444522147,1573.2,0.01,ASK
1444522148,1573.2,0.1359,ASK
1444522149,1573.2,0.7395,ASK
1444522149,1573.2,0.5291,ASK
1444522151,1573.19,0.01,BID
1444522159,1573.17,0.0014,ASK
1444522159,1573.16,0.0086,ASK
1444522162,1573.17,0.0014,ASK
1444522162,1573.16,0.0086,ASK
1444522163,1573.16,0.01,ASK
1444522163,1573.19,0.02,BID
1444522163,1573.16,0.0028,ASK
1444522183,1573.17,0.0014,ASK
1444522183,1573.09,0.0086,ASK
1444522186,1573.16,0.0014,ASK
1444522186,1573.09,0.0086,ASK
1444522187,1573.09,0.003,ASK
1444522200,1573.09,0.01,ASK
1444522212,1573.09,0.01,ASK
1444522221,1573.11,0.0014,ASK
1444522221,1573.09,0.9568,ASK
1444522221,1573.09,0.2218,ASK
1444522222,1573.09,0.3182,ASK
1444522222,1573.08,0.0014,BID
1444522227,1573.08,0.01,BID
1444522231,1573.08,0.0014,BID
1444522233,1573.06,0.001,ASK
1444522233,1573.05,0.001,ASK
1444522233,1573.0,0.002,ASK
1444522235,1573.01,4.077,ASK
1444522235,1573.04,4.0,ASK
1444522235,1573.04,1.998,ASK
1444522241,1573.07,0.0014,BID
1444522243,1573.07,0.0014,BID
1444522245,1573.0,0.003,ASK
1444522248,1573.07,0.0014,BID
1444522250,1573.07,0.0014,BID
1444522252,1573.07,0.001,BID
1444522253,1573.07,0.0014,BID
1444522255,1573.02,0.001,ASK
1444522255,1573.01,0.003,ASK
1444522264,1573.07,0.0014,BID
1444522269,1573.04,0.0014,ASK
1444522269,1573.01,0.0086,ASK
1444522274,1573.0,0.003,ASK
1444522280,1573.06,0.0026,ASK
1444522280,1573.0,0.0074,ASK
1444522280,1573.07,0.0065,BID
1444522280,1573.08,0.319,BID
1444522280,1573.08,0.0175,BID
1444522280,1573.09,0.157,BID
1444522290,1573.09,0.0014,BID
1444522296,1573.07,0.0014,ASK
1444522296,1573.01,0.0086,ASK
1444522297,1573.01,0.01,ASK
1444522297,1573.09,0.0014,BID
1444522300,1573.01,0.004,ASK
1444522316,1573.09,0.0014,BID
1444522318,1573.09,0.0014,BID
1444522322,1573.08,0.001,ASK
1444522322,1573.01,0.002,ASK
1444522324,1573.0,0.01,ASK
1444522324,1573.09,0.0014,BID
1444522334,1573.09,0.0014,BID
1444522336,1573.09,0.0014,BID
1444522339,1573.01,0.004,ASK
1444522341,1573.01,0.0014,BID
1444522341,1573.01,0.0029,BID
1444522343,1573.01,0.0014,BID
1444522344,1573.01,0.01,BID
1444522345,1573.0,0.003,ASK
1444522347,1573.01,0.0014,BID
1444522349,1573.01,0.0014,BID
1444522351,1573.01,0.0014,BID
1444522353,1573.0,0.004,ASK
1444522355,1573.01,0.0014,BID
1444522356,1573.01,0.5,BID
1444522357,1573.01,0.6357,BID
1444522358,1573.01,0.0014,BID
1444522358,1573.01,0.6357,BID
1444522359,1573.01,0.5,BID
1444522359,1573.01,0.6357,BID
1444522360,1573.01,0.6357,BID
1444522361,1573.01,0.5313,BID
1444522362,1573.02,0.003,ASK
1444522389,1573.02,0.01,ASK
1444522390,1573.02,0.0527,ASK
1444522391,1573.02,0.0387,ASK
1444522391,1573.02,0.6113,ASK
1444522392,1573.02,0.0244,ASK
1444522392,1573.02,0.001,ASK
1444522392,1573.01,0.1008,ASK
1444522398,1573.01,0.0014,BID
1444522400,1573.01,0.0014,BID
1444522404,1573.0,0.01,ASK
1444522406,1573.0,0.1614,ASK
1444522407,1573.0,0.0962,ASK
1444522407,1573.0,0.2866,ASK
1444522407,1573.0,0.65,ASK
1444522408,1573.0,0.0418,ASK
1444522408,1573.0,0.65,ASK
1444522408,1573.01,0.0014,BID
1444522409,1573.0,0.65,ASK
1444522410,1573.0,0.004,ASK
1444522410,1573.0,0.65,ASK
1444522411,1573.0,0.1059,ASK
1444522411,1573.0,0.1401,ASK
1444522411,1572.99,0.265,BID
1444522412,1572.99,0.0014,BID
1444522413,1572.89,0.0014,BID
1444522414,1572.89,0.0013,BID
1444522415,1572.88,0.003,ASK
1444522417,1572.89,0.0014,BID
1444522418,1572.89,0.01,BID
1444522421,1572.89,0.0014,BID
1444522423,1572.89,0.0014,BID
1444522423,1572.89,0.2291,BID
1444522425,1572.9,0.0029,ASK
1444522425,1572.9,0.0011,ASK
1444522426,1572.98,0.002,BID
1444522428,1572.98,0.0014,BID
1444522430,1572.98,0.0014,BID
1444522433,1572.9,0.003,ASK
1444522435,1572.98,0.0399,BID
1444522435,1572.99,0.0101,BID
1444522436,1572.99,0.0399,BID
1444522453,1572.98,0.01,BID
1444522473,1572.98,0.0342,BID
1444522473,1572.99,0.0158,BID
1444522474,1572.98,0.0342,BID
1444522475,1572.98,0.0045,BID
1444522475,1572.99,0.0297,BID
1444522480,1572.98,0.001,BID
1444522481,1572.98,0.0014,BID
1444522483,1572.98,0.0014,BID
1444522485,1572.98,0.0014,BID
1444522487,1572.91,0.004,ASK
1444522489,1572.98,0.0014,BID
1444522492,1572.98,0.0333,BID
1444522492,1572.99,0.0167,BID
1444522493,1572.99,0.0333,BID
1444522503,1572.98,0.0014,BID
1444522505,1572.9,0.003,ASK
1444522514,1572.98,0.0014,BID
1444522516,1572.98,0.0014,BID
1444522519,1572.98,0.0014,BID
1444522522,1572.9,0.004,ASK
1444522524,1572.97,5.0,ASK
1444522524,1572.97,3.997,ASK
1444522524,1572.98,0.0131,BID
1444522524,1572.98,0.0145,BID
1444522524,1572.99,0.098,BID
1444522524,1572.99,0.3744,BID
1444522531,1572.99,0.0014,BID
1444522540,1572.99,0.0014,BID
1444522546,1572.98,0.003,ASK
1444522548,1572.99,0.272,BID
1444522548,1572.99,0.0008,BID
1444522548,1573.01,0.0006,BID
1444522550,1573.01,0.0014,BID
1444522551,1573.01,0.5176,BID
1444522551,1573.01,0.4824,BID
1444522552,1573.01,0.0014,BID
1444522552,1573.01,0.0042,BID
1444522553,1573.02,0.004,ASK
1444522554,1573.09,0.1232,BID
1444522554,1573.41,0.3747,BID
1444522554,1573.45,0.001,BID
1444522554,1573.45,0.001,BID
1444522556,1573.51,0.1341,ASK
1444522557,1573.13,20.224,ASK
1444522558,1573.12,0.0014,ASK
1444522558,1573.1,0.0086,ASK
1444522560,1573.13,0.1146,ASK
1444522561,1573.21,0.0014,ASK
1444522561,1573.13,0.0179,ASK
1444522562,1573.13,0.01,ASK
1444522563,1573.41,0.134,BID
1444522563,1573.13,0.0079,ASK
1444522563,1573.11,0.06,ASK
1444522563,1573.1,0.0471,ASK
1444522563,1573.14,0.003,ASK
1444522563,1573.14,0.0179,ASK
1444522565,1573.14,0.01,ASK
1444522566,1573.14,0.0155,ASK
1444522566,1573.1,0.01,ASK
1444522568,1573.1,0.0155,ASK
1444522572,1573.12,0.0014,ASK
1444522572,1573.1,0.0176,ASK
1444522582,1573.31,0.06,BID
1444522584,1573.22,0.0014,ASK
1444522586,1573.11,0.0014,BID
1444522587,1573.11,0.0072,BID
1444522587,1573.11,0.01,BID
1444522587,1573.31,0.2438,BID
1444522590,1573.1,0.004,ASK
1444522592,1573.31,0.0176,BID
1444522592,1573.4,0.0464,BID
1444522593,1573.4,0.0376,ASK
1444522595,1573.4,0.01,ASK
1444522595,1573.4,0.001,ASK
1444522595,1573.46,0.15,BID
1444522595,1573.4,0.01,ASK
1444522596,1573.4,0.0108,ASK
1444522596,1573.46,0.0004,BID
1444522596,1573.47,0.05,BID
1444522597,1573.47,0.01,ASK
1444522597,1573.47,0.0171,ASK
1444522599,1573.47,0.0729,ASK
1444522601,1573.41,0.1517,ASK
1444522601,1573.41,0.0136,ASK
1444522602,1573.41,0.0314,ASK
1444522602,1573.4,0.0939,ASK
1444522602,1573.4,0.1653,ASK
1444522603,1573.4,0.1967,ASK
1444522608,1573.4,0.01,BID
1444522614,1573.25,0.0014,ASK
1444522616,1573.15,0.0014,BID
1444522618,1573.12,0.003,ASK
1444522620,1573.15,0.0014,BID
1444522621,1573.15,0.0058,BID
1444522621,1573.32,0.06,BID
1444522621,1573.44,0.012,BID
1444522621,1573.46,0.007,BID
1444522624,1573.4,0.6,ASK
1444522625,1573.4,0.3011,ASK
1444522625,1573.4,0.65,ASK
1444522626,1573.4,0.65,ASK
1444522626,1573.4,1.415,ASK
1444522627,1573.4,0.014,ASK
1444522627,1573.4,0.65,ASK
1444522628,1573.46,0.065,BID
1444522628,1573.4,0.65,ASK
1444522629,1573.46,0.0009,BID
1444522630,1573.47,0.0026,ASK
1444522631,1573.47,0.0624,ASK
1444522631,1573.41,0.0014,ASK
1444522631,1573.4,0.0012,ASK
1444522632,1573.4,0.0029,ASK
1444522634,1573.28,0.0014,BID
1444522639,1573.27,0.004,ASK
1444522639,1573.37,0.143,BID
1444522640,1573.37,0.0003,BID
1444522640,1573.37,0.0704,BID
1444522640,1573.38,0.0664,ASK
1444522641,1573.38,0.0062,ASK
1444522641,1573.38,0.0038,ASK
1444522642,1573.46,0.065,BID
1444522643,1573.38,0.2099,ASK
1444522644,1573.47,0.065,ASK
1444522646,1573.27,0.01,ASK
1444522647,1573.27,0.0564,ASK
1444522647,1573.26,0.01,ASK
1444522648,1573.26,0.05,ASK
1444522648,1573.24,0.02,ASK
1444522653,1573.15,0.0014,ASK
1444522653,1573.12,0.0086,ASK
1444522653,1573.19,0.01,BID
1444522654,1573.12,0.01,ASK
1444522658,1573.26,0.01,BID
1444522661,1573.25,0.001,BID
1444522661,1573.26,0.0016,BID
1444522662,1573.17,0.0014,ASK
1444522662,1573.12,0.1973,ASK
1444522663,1573.12,0.1963,ASK
1444522663,1573.12,0.012,ASK
1444522663,1573.11,0.1973,ASK
1444522663,1573.11,0.01,ASK
1444522665,1573.11,0.0183,ASK
1444522665,1573.12,0.003,BID
1444522668,1573.19,0.007,ASK
1444522668,1573.11,0.003,ASK
1444522674,1573.11,0.01,ASK
1444522675,1573.23,0.3651,BID
1444522675,1573.24,0.0132,BID
1444522675,1573.25,0.2632,BID
1444522675,1573.26,0.0048,BID
1444522675,1573.36,0.0105,BID
1444522675,1573.37,0.2099,BID
1444522675,1573.41,0.3453,ASK
1444522675,1573.41,0.06,ASK
1444522676,1573.41,0.0132,ASK
1444522679,1573.41,0.6098,ASK
1444522679,1573.41,0.01,ASK
1444522680,1573.41,0.9938,ASK
1444522680,1573.41,0.65,ASK
1444522681,1573.41,0.3539,ASK
1444522681,1573.41,0.3532,ASK
1444522685,1573.17,0.0014,ASK
1444522685,1573.13,0.0132,ASK
1444522685,1573.13,0.0098,ASK
1444522686,1573.13,0.0014,ASK
1444522686,1573.12,0.0086,ASK
1444522689,1573.17,0.0014,ASK
1444522689,1573.14,0.0086,ASK
1444522690,1573.18,0.01,ASK
1444522692,1573.19,0.0014,ASK
1444522692,1573.18,0.079,ASK
1444522693,1573.18,0.0014,ASK
1444522693,1573.14,0.0514,ASK
1444522693,1573.12,0.0276,ASK
1444522693,1573.12,0.0029,ASK
1444522694,1573.12,0.01,ASK
1444522701,1573.12,0.004,ASK
1444522704,1573.25,0.0014,ASK
1444522706,1573.13,0.0154,ASK
1444522706,1573.2,0.0014,BID
1444522707,1573.13,0.01,ASK
1444522708,1573.13,0.003,ASK
1444522708,1573.13,0.037,ASK
1444522708,1573.12,0.0155,ASK
1444522709,1573.2,0.0046,BID
1444522709,1573.12,0.05,ASK
1444522710,1573.2,0.0014,BID
1444522710,1573.13,0.0125,ASK
1444522710,1573.12,0.0287,ASK
1444522711,1573.12,0.3032,ASK
1444522711,1573.11,0.001,ASK
1444522712,1573.1,0.0204,ASK
1444522712,1573.05,0.001,ASK
1444522712,1573.02,0.2818,ASK
1444522712,1573.11,0.0777,BID
1444522712,1573.11,0.0423,BID
1444522712,1573.1,18.796,ASK
1444522713,1573.11,0.0014,BID
1444522713,1573.11,0.01,BID
1444522713,1573.11,0.0777,BID
1444522713,1573.1,17.0,BID
1444522713,1573.1,1.868,BID
1444522714,1573.11,0.01,BID
1444522714,1573.11,0.1905,BID
1444522715,1573.2,0.0012,BID
1444522721,1573.22,0.004,ASK
1444522723,1573.31,0.01,BID
1444522726,1573.27,0.0014,ASK
1444522726,1573.22,0.0086,ASK
1444522728,1573.22,0.4758,ASK
1444522729,1573.24,0.0014,ASK
1444522731,1573.13,0.0013,ASK
1444522731,1573.14,0.0014,BID
1444522732,1573.14,0.01,BID
1444522732,1573.13,0.004,ASK
1444522735,1573.14,0.463,BID
1444522735,1573.17,0.01,BID
1444522735,1573.2,0.0238,BID
1444522735,1573.21,0.0032,BID
1444522742,1573.2,0.0014,BID
1444522743,1573.16,8.0,BID
1444522743,1573.16,2.425,BID
1444522744,1573.2,0.0014,BID
1444522747,1573.15,0.003,ASK
1444522749,1573.2,0.0014,BID
1444522752,1573.2,0.0014,BID
1444522752,1573.16,0.0235,ASK
1444522753,1573.2,0.0182,BID
1444522753,1573.2,0.0235,ASK
1444522754,1573.2,0.0236,ASK
1444522754,1573.2,0.0108,ASK
1444522756,1573.2,0.7567,ASK
1444522756,1573.21,0.0014,BID
1444522757,1573.2,0.65,ASK
1444522758,1573.2,0.65,ASK
1444522759,1573.2,0.65,ASK
1444522759,1573.2,0.001,ASK
1444522760,1573.2,0.65,ASK
1444522761,1573.2,0.65,ASK
1444522761,1573.2,0.5962,ASK
1444522762,1573.2,0.32,ASK
1444522775,1573.19,0.33,BID
1444522775,1573.19,0.17,BID
1444522776,1573.19,0.48,BID
1444522779,1573.21,0.4712,BID
1444522786,1573.22,0.001,ASK
1444522803,1573.23,0.004,ASK
1444522805,1573.3,0.0122,BID
1444522805,1573.31,0.0014,BID
1444522807,1573.31,0.0014,BID
1444522807,1573.31,0.241,BID
1444522807,1573.37,0.0806,BID
1444522807,1573.37,0.0654,BID
1444522807,1573.38,0.113,BID
1444522807,1573.3,0.069,ASK
1444522809,1573.38,0.0013,BID
1444522809,1573.39,0.0473,BID
1444522809,1573.4,0.2968,BID
1444522809,1573.4,0.65,BID
1444522809,1573.5,0.1341,BID
1444522809,1573.55,0.001,BID
1444522809,1573.65,0.0807,BID
1444522809,1573.66,0.0139,BID
1444522809,1573.67,0.2782,BID
1444522809,1573.68,0.0559,BID
1444522809,1573.69,0.4354,BID
1444522809,1573.69,1.4185,BID
1444522809,1573.7,2.0564,BID
1444522810,1573.32,6.0,BID
1444522810,1573.32,3.482,BID
1444522813,1573.31,0.0546,ASK
1444522813,1573.31,0.003,ASK
1444522814,1573.32,0.0546,ASK
1444522815,1573.32,0.1094,ASK
1444522815,1573.32,0.0108,ASK
1444522815,1573.32,0.0326,ASK
1444522815,1573.31,6.7896,ASK
1444522816,1573.42,0.0014,ASK
1444522816,1573.31,0.1514,ASK
1444522817,1573.32,0.0542,ASK
1444522817,1573.31,0.0014,ASK
1444522817,1573.3,0.5944,ASK
1444522817,1573.3,0.1528,ASK
1444522818,1573.46,0.0014,ASK
1444522818,1573.33,0.0874,ASK
1444522818,1573.31,0.01,BID
1444522819,1573.3,0.559,ASK
1444522820,1573.31,0.0014,BID
1444522820,1573.3,0.65,ASK
1444522821,1573.3,0.65,ASK
1444522821,1573.31,0.0034,BID
1444522822,1573.3,0.004,ASK
1444522822,1573.3,0.65,ASK
1444522822,1573.31,0.0492,BID
1444522823,1573.31,0.65,ASK
1444522826,1573.4,0.0014,ASK
1444522826,1573.32,0.0086,ASK
1444522830,1573.38,0.0014,ASK
1444522830,1573.32,0.0086,ASK
1444522831,1573.33,0.01,ASK
1444522831,1573.33,0.003,ASK
1444522833,1573.33,0.5517,ASK
1444522833,1573.33,0.0026,ASK
1444522834,1573.36,0.0014,ASK
1444522834,1573.33,0.6486,ASK
1444522835,1573.32,0.01,ASK
1444522835,1573.34,0.4685,ASK
1444522835,1573.32,0.1815,ASK
1444522841,1573.45,0.0234,BID
1444522841,1573.46,0.4685,BID
1444522841,1573.47,0.0081,BID
1444522842,1573.46,1.0,BID
1444522842,1573.46,12.738,BID
1444522843,1573.48,0.01,BID
1444522844,1573.47,0.0163,BID
1444522844,1573.48,0.207,BID
1444522844,1573.48,0.1093,BID
1444522844,1573.49,0.0542,BID
1444522844,1573.49,0.0874,BID
1444522844,1573.69,0.0258,BID
1444522845,1573.47,5.0,BID
1444522845,1573.47,0.833,BID
1444522845,1573.47,4.0,BID
1444522845,1573.47,1.0,BID
1444522845,1573.47,6.492,BID
1444522845,1573.49,0.3263,ASK
1444522845,1573.46,0.0024,ASK
1444522847,1573.48,0.0163,ASK
1444522847,1573.46,0.0047,ASK
1444522848,1573.46,0.0163,ASK
1444522849,1573.36,0.0164,ASK
1444522849,1573.35,0.3287,ASK
1444522849,1573.35,0.014,ASK
1444522849,1573.35,2.6097,ASK
1444522849,1573.34,0.2808,ASK
1444522849,1573.32,0.0083,ASK
1444522849,1573.32,0.1093,ASK
1444522849,1573.3,1.6586,ASK
1444522849,1573.22,0.4702,ASK
1444522849,1573.2,0.1557,ASK
1444522849,1573.2,0.6357,ASK
1444522849,1573.2,1.387,ASK
1444522849,1573.36,0.0135,ASK
1444522855,1573.48,0.01,ASK
1444522856,1573.48,0.2867,ASK
1444522858,1573.38,0.0014,BID
1444522860,1573.38,0.0014,BID
1444522863,1573.37,0.004,ASK
1444522865,1573.38,0.0014,BID
1444522866,1573.38,0.0058,BID
1444522866,1573.38,0.0042,BID
1444522867,1573.38,0.2825,BID
1444522867,1573.41,0.001,BID
1444522868,1573.57,0.0014,BID
1444522868,1573.57,0.0586,BID
1444522870,1573.62,0.003,ASK
1444522871,1573.62,0.1716,ASK
1444522872,1573.65,0.0014,BID
1444522873,1573.62,0.0058,ASK
1444522874,1573.61,0.0264,BID
1444522875,1573.58,0.0164,ASK
1444522875,1573.61,0.05,BID
1444522875,1573.61,0.0952,BID
1444522875,1573.66,0.0284,BID
1444522875,1573.67,0.1684,BID
1444522878,1573.64,0.0014,ASK
1444522878,1573.63,0.0086,ASK
1444522878,1573.66,0.025,BID
1444522878,1573.67,0.082,BID
1444522879,1573.63,0.01,ASK
1444522879,1573.63,0.49,ASK
1444522880,1573.67,0.0218,BID
1444522880,1573.67,0.0032,BID
1444522881,1573.65,0.0014,ASK
1444522881,1573.63,0.4793,ASK
1444522881,1573.66,0.0159,BID
1444522881,1573.67,0.2935,BID
1444522881,1573.68,0.0091,BID
1444522882,1573.65,0.01,ASK
1444522882,1573.65,0.777,ASK
1444522882,1573.65,0.65,ASK
1444522883,1573.65,0.004,ASK
1444522883,1573.65,0.51,ASK
1444522884,1573.67,2.0,ASK
1444522884,1573.67,11.704,ASK
1444522884,1573.66,1.0,ASK
1444522884,1573.66,2.0,ASK
1444522884,1573.66,6.582,ASK
1444522884,1573.65,0.65,ASK
1444522884,1573.65,0.4169,ASK
1444522885,1573.65,0.1291,ASK
1444522885,1573.64,0.0276,ASK
1444522885,1573.64,0.0152,ASK
1444522885,1573.64,0.0318,ASK
1444522886,1573.63,0.1291,ASK
1444522886,1573.64,0.0014,BID
1444522887,1573.63,0.3831,ASK
1444522887,1573.64,0.4449,BID
1444522887,1573.64,0.65,BID
1444522887,1573.68,0.022,BID
1444522887,1573.69,0.5,BID
1444522887,1573.69,0.0103,BID
1444522887,1573.69,0.0906,BID
1444522887,1573.7,4.2822,BID
1444522888,1573.63,0.3347,ASK
1444522888,1573.63,0.65,ASK
1444522889,1573.62,0.1452,ASK
1444522889,1573.58,0.0436,ASK
1444522890,1573.53,0.0014,BID
1444522891,1573.51,0.1452,BID
1444522891,1573.53,0.3548,BID
1444522892,1573.53,0.2729,BID
1444522892,1573.55,0.003,ASK
1444522892,1573.62,0.5048,BID
1444522894,1573.63,0.0169,ASK
1444522898,1573.56,0.0152,ASK
1444522898,1573.69,0.0746,BID
1444522898,1573.7,0.4254,BID
1444522899,1573.5,0.0248,ASK
1444522899,1573.69,0.0152,BID
1444522899,1573.7,0.0594,BID
1444522900,1573.7,0.6354,BID
1444522901,1573.68,0.0014,BID
1444522901,1573.68,0.165,BID
1444522901,1573.7,0.335,BID
1444522901,1573.7,0.6392,BID
1444522902,1573.79,0.001,BID
1444522902,1573.79,0.001,BID
1444522902,1573.79,0.001,BID
1444522902,1573.79,0.001,BID
1444522902,1573.83,0.001,BID
1444522902,1573.84,0.001,BID
1444522902,1573.84,0.001,BID
1444522903,1573.91,0.003,ASK
1444522903,1573.91,0.02,ASK
1444522903,1573.81,0.1434,ASK
1444522904,1573.82,3.691,BID
1444522907,1573.81,0.0456,ASK
1444522907,1573.79,0.0014,ASK
1444522910,1573.75,0.0014,ASK
1444522910,1573.73,0.0162,ASK
1444522911,1573.73,0.0014,ASK
1444522912,1573.72,0.01,ASK
1444522912,1573.73,0.0026,BID
1444522912,1573.79,0.12,BID
1444522913,1573.79,0.5603,BID
1444522913,1573.8,0.0456,BID
1444522914,1573.8,0.0156,ASK
1444522914,1573.84,0.0014,BID
1444522914,1573.8,0.0139,ASK
1444522914,1573.8,0.0063,ASK
1444522915,1573.8,0.0611,ASK
1444522916,1573.84,0.0014,BID
1444522916,1573.8,0.1266,ASK
1444522918,1573.73,0.003,ASK
1444522920,1573.79,0.043,BID
1444522920,1573.79,0.0014,BID
1444522922,1573.79,0.0525,BID
1444522922,1573.79,0.1877,BID
1444522922,1573.84,0.01,BID
1444522925,1573.81,0.721,ASK
1444522927,1573.84,0.0672,BID
1444522928,1573.93,0.0014,BID
1444522930,1573.94,0.01,ASK
1444522931,1573.94,0.0551,ASK
1444522931,1573.94,0.0019,ASK
1444522931,1573.87,0.0396,BID
1444522931,1573.95,0.001,BID
1444522931,1573.95,0.001,BID
1444522931,1573.95,0.001,BID
1444522931,1574.0,0.2624,BID
1444522932,1574.0,0.01,BID
1444522933,1573.87,0.01,BID
1444522937,1573.85,0.01,ASK
1444522938,1573.87,0.0014,BID
1444522938,1573.85,0.0205,ASK
1444522939,1573.85,0.0367,ASK
1444522939,1573.82,0.0205,ASK
1444522940,1573.84,0.0369,BID
1444522940,1573.82,0.01,ASK
1444522941,1573.84,0.0303,BID
1444522941,1573.84,0.0369,BID
1444522941,1573.84,0.0303,BID
1444522941,1573.85,0.004,BID
1444522941,1573.87,0.0329,BID
1444522943,1573.87,0.0014,BID
1444522943,1573.87,0.0113,BID
1444522943,1573.93,0.0014,BID
1444522943,1573.92,17.489,BID
1444522944,1573.93,0.06,BID
1444522944,1573.93,0.0056,BID
1444522944,1574.0,0.0071,BID
1444522944,1573.85,0.002,ASK
1444522944,1574.0,0.0205,BID
1444522944,1574.0,0.001,BID
1444522944,1574.0,0.001,BID
1444522944,1574.02,0.001,BID
1444522944,1574.02,0.001,BID
1444522944,1574.04,0.2195,BID
1444522944,1574.05,0.001,BID
1444522944,1574.05,0.001,BID
1444522944,1574.06,0.001,BID
1444522944,1574.06,0.001,BID
1444522944,1574.14,0.252,BID
1444522948,1574.05,0.02,BID
1444522948,1574.13,0.48,BID
1444522948,1573.93,0.0014,ASK
1444522948,1573.85,0.0086,ASK
1444522949,1573.85,0.01,ASK
1444522949,1574.14,0.125,BID
1444522949,1574.14,0.003,ASK
1444522950,1574.14,0.3648,ASK
1444522950,1574.14,0.0394,ASK
1444522952,1574.13,0.0014,BID
1444522952,1573.95,0.0182,ASK
1444522952,1573.94,0.3466,ASK
1444522953,1573.95,0.0182,ASK
1444522953,1573.94,0.0182,ASK
1444522954,1573.93,0.0014,BID
1444522955,1573.83,0.0182,BID
1444522955,1573.93,0.2108,BID
1444522956,1573.93,0.1344,BID
1444522956,1574.12,0.0208,BID
1444522956,1574.13,0.3448,BID
1444522956,1574.0,9.0,BID
1444522956,1574.0,1.0,BID
1444522956,1574.0,4.071,BID
1444522958,1574.13,0.0186,BID
1444522958,1574.14,0.01,ASK
1444522959,1574.14,0.01,ASK
1444522960,1574.14,0.0114,ASK
1444522962,1574.09,0.0182,ASK
1444522963,1574.11,0.0014,BID
1444522964,1573.95,0.0258,ASK
1444522965,1573.95,0.004,BID
1444522965,1573.95,0.0133,ASK
1444522965,1573.94,0.0125,ASK
1444522965,1573.94,0.0258,ASK
1444522973,1573.95,0.0071,ASK
1444522974,1573.96,0.01,ASK
1444522975,1573.97,0.0014,ASK
1444522975,1573.96,0.0044,ASK
1444522975,1573.95,0.0042,ASK
1444522977,1573.95,0.006,ASK
1444522977,1573.95,0.2642,ASK
1444522978,1573.98,0.0014,ASK
1444522978,1573.95,0.0159,ASK
1444522978,1573.94,0.0048,ASK
1444522978,1573.95,0.0154,ASK
1444522978,1573.94,0.2749,ASK
1444522979,1573.95,0.01,ASK
1444522980,1573.95,0.003,ASK
1444522980,1573.94,0.0286,ASK
1444522982,1573.9,0.0014,BID
1444522983,1573.86,0.06,ASK
1444522985,1573.85,0.0014,BID
1444522985,1573.84,0.0152,ASK
1444522985,1573.83,0.0448,ASK
1444522987,1573.85,0.0014,BID
1444522987,1573.83,0.0243,ASK
1444522988,1573.85,0.0572,BID
1444522988,1573.9,0.0086,BID
1444522988,1573.93,0.0286,BID
1444522988,1574.05,0.0204,BID
1444522988,1574.06,0.3667,BID
1444522988,1574.07,0.0185,BID
1444522988,1574.07,0.0041,BID
1444522988,1574.08,0.1723,BID
1444522988,1574.08,0.2801,BID
1444522988,1574.15,0.001,BID
1444522988,1574.15,0.001,BID
1444522988,1574.15,0.001,BID
1444522988,1574.15,0.001,BID
1444522988,1574.16,0.001,BID
1444522988,1574.19,0.001,BID
1444522988,1574.2,0.001,BID
1444522988,1574.2,0.001,BID
1444522989,1574.24,0.001,BID
1444522989,1574.26,0.0326,BID
1444522989,1574.27,0.0254,BID
1444522989,1574.22,0.002,ASK
1444522989,1574.18,0.002,ASK
1444522990,1574.26,0.0356,BID
1444522990,1574.27,0.0144,BID
1444522991,1574.25,0.0408,BID
1444522991,1574.27,0.4592,BID
1444522992,1574.19,0.0358,ASK
1444522992,1574.18,0.1128,ASK
1444522993,1574.27,0.01,BID
1444522993,1574.19,0.0301,ASK
1444522993,1574.18,0.0057,BID
1444522993,1574.26,0.0358,BID
1444522993,1574.27,0.9585,BID
1444522994,1574.27,0.01,BID
1444522995,1574.27,0.5,BID
1444522995,1574.19,0.0301,ASK
1444522996,1574.1,0.0279,ASK
1444522996,1574.09,0.0221,ASK
1444522996,1574.17,0.304,BID
1444522996,1574.18,0.0057,BID
1444522996,1574.26,0.0301,BID
1444522996,1574.26,0.0301,BID
1444522996,1574.27,0.2653,BID
1444522997,1574.09,0.442,ASK
1444522998,1574.26,0.0279,BID
1444522998,1574.27,0.4721,BID
1444522998,1574.1,0.001,ASK
1444522998,1574.27,0.01,BID
1444522999,1574.27,0.6352,BID
1444523000,1574.27,0.5,BID
1444523001,1574.27,0.6352,BID
1444523002,1574.27,0.5047,BID
1444523003,1574.3,0.001,BID
1444523003,1574.3,0.001,BID
1444523003,1574.3,0.498,BID
1444523004,1574.28,0.0768,ASK
1444523004,1574.3,0.0014,BID
1444523005,1574.28,0.0537,ASK
1444523005,1574.28,0.0369,ASK
1444523005,1574.28,0.1305,ASK
1444523006,1574.28,0.4678,ASK
1444523006,1574.27,0.0014,BID
1444523006,1574.27,0.1808,BID
1444523006,1574.3,0.3192,BID
1444523007,1574.29,0.65,ASK
1444523008,1574.29,0.003,ASK
1444523009,1574.3,0.5,BID
1444523010,1574.3,0.0014,BID
1444523012,1574.3,0.5,BID
1444523013,1574.3,0.0014,BID
1444523013,1574.3,0.6352,BID
1444523014,1574.3,0.0546,BID
1444523014,1574.3,0.4514,BID
1444523015,1574.33,0.001,BID
1444523015,1574.33,0.001,BID
1444523015,1574.33,0.001,BID
1444523015,1574.35,0.001,BID
1444523015,1574.38,0.006,ASK
1444523018,1574.35,0.054,BID
1444523019,1574.36,0.054,ASK
1444523019,1574.31,0.1838,ASK
1444523019,1574.31,0.5812,ASK
1444523020,1574.4,0.001,BID
1444523020,1574.44,0.001,BID
1444523020,1574.46,0.011,BID
1444523020,1574.46,0.0035,BID
1444523020,1574.47,0.29,BID
1444523020,1574.49,0.001,BID
1444523020,1574.54,0.001,BID
1444523020,1574.54,0.001,BID
1444523020,1574.54,0.001,BID
1444523020,1574.54,0.0123,BID
1444523020,1574.55,0.8702,BID
1444523020,1574.31,0.054,ASK
1444523021,1574.3,0.0014,BID
1444523023,1574.3,0.05,BID
1444523023,1574.3,0.34,BID
1444523023,1574.3,0.2046,BID
1444523023,1574.55,0.01,BID
1444523023,1574.32,15.595,BID
1444523025,1574.32,0.004,ASK
1444523026,1574.32,0.0098,ASK
1444523030,1574.55,0.7766,BID
1444523031,1574.55,0.6351,BID
1444523032,1574.55,0.6351,BID
1444523033,1574.55,0.6351,BID
1444523034,1574.55,0.5064,BID
1444523034,1574.55,0.002,BID
1444523034,1574.71,12.0,BID
1444523034,1574.71,8.879,BID
1444523035,1574.56,0.0215,ASK
1444523035,1574.72,0.001,BID
1444523035,1574.85,0.001,BID
1444523035,1574.93,0.001,BID
1444523035,1574.99,0.374,BID
1444523035,1574.99,0.123,BID
1444523036,1574.56,0.0121,ASK
1444523037,1574.56,0.0931,ASK
1444523037,1574.56,0.3839,ASK
1444523037,1574.56,0.2512,ASK
1444523037,1574.47,0.037,BID
1444523040,1574.47,0.06,BID
1444523041,1574.47,0.145,BID
1444523048,1574.98,0.037,BID
1444523049,1574.6,0.0014,ASK
1444523050,1574.52,0.0086,BID
1444523050,1574.59,0.0177,BID
1444523050,1574.61,0.01,ASK
1444523051,1574.99,1.0,BID
1444523053,1574.61,0.1168,ASK
1444523053,1574.61,0.001,ASK
1444523054,1574.65,0.0014,ASK
1444523054,1574.62,0.0248,ASK
1444523054,1574.61,0.0906,ASK
1444523055,1574.61,0.003,ASK
1444523055,1574.61,0.01,ASK
1444523059,1574.64,0.0014,ASK
1444523059,1574.62,0.0048,ASK
1444523059,1574.61,0.0038,ASK
1444523060,1574.66,0.01,ASK
1444523061,1574.68,0.0014,ASK
1444523061,1574.66,0.0682,ASK
1444523062,1574.66,0.4548,ASK
1444523064,1574.72,0.0014,ASK
1444523064,1574.66,0.0273,ASK
1444523064,1574.96,0.01,BID
1444523065,1574.66,0.01,ASK
1444523066,1574.67,0.0269,ASK
1444523066,1574.63,0.1566,ASK
1444523066,1574.61,0.0696,ASK
1444523066,1574.55,0.2095,BID
1444523068,1574.49,0.004,ASK
1444523068,1574.55,0.0258,BID
1444523075,1574.94,0.1524,BID
1444523075,1574.96,0.0356,BID
1444523079,1574.85,0.0014,ASK
1444523080,1574.68,0.001,ASK
1444523081,1574.78,0.0086,BID
1444523081,1574.92,0.0014,BID
1444523082,1574.91,0.003,ASK
1444523083,1574.91,0.0284,ASK
1444523085,1574.9,0.0014,BID
1444523085,1574.68,0.0292,ASK
1444523086,1574.68,0.0292,ASK
1444523087,1574.68,0.0206,ASK
1444523088,1574.67,0.0014,BID
1444523089,1574.67,0.057,BID
1444523089,1574.67,0.079,BID
1444523090,1574.88,0.0349,ASK
1444523091,1574.88,0.01,ASK
1444523093,1574.88,0.01,ASK
1444523093,1574.88,0.0035,ASK
1444523093,1574.88,0.136,ASK
1444523094,1574.87,0.0095,BID
1444523094,1574.89,0.0005,BID
1444523096,1574.71,0.021,ASK
1444523097,1574.76,0.0014,ASK
1444523097,1574.72,0.0266,ASK
1444523097,1574.71,0.078,ASK
1444523098,1574.72,0.004,ASK
1444523102,1574.84,0.01,BID
1444523105,1574.72,0.0196,ASK
1444523105,1574.71,0.3922,ASK
1444523105,1574.69,0.0655,ASK
1444523105,1574.68,0.0584,ASK
1444523105,1574.66,0.08,ASK
1444523105,1574.66,0.0169,ASK
1444523105,1574.65,0.339,ASK
1444523105,1574.64,0.1266,ASK
1444523106,1574.62,0.0014,BID
1444523107,1574.62,0.5,BID
1444523107,1574.62,0.477,BID
1444523107,1574.62,0.1064,BID
1444523108,1574.62,0.6,BID
1444523108,1574.62,0.4,BID
1444523108,1574.62,0.57,BID
1444523108,1574.62,0.01,BID
1444523108,1574.62,0.6351,BID
1444523108,1574.62,0.0014,BID
1444523109,1574.62,0.602,BID
1444523109,1574.62,10.0,BID
1444523109,1574.62,0.6351,BID
1444523110,1574.62,0.5,BID
1444523110,1574.56,0.003,ASK
1444523110,1574.62,0.6351,BID
1444523111,1574.62,0.6351,BID
1444523112,1574.62,0.05,BID
1444523112,1574.62,0.6351,BID
1444523112,1574.62,0.216,BID
1444523113,1574.62,0.5,BID
1444523113,1574.62,0.2921,BID
1444523114,1574.68,0.001,BID
1444523114,1574.76,0.06,BID
1444523114,1574.82,0.055,BID
1444523116,1574.8,0.01,ASK
1444523117,1574.8,3.8644,ASK
1444523119,1574.64,0.0172,ASK
1444523119,1574.64,0.0317,ASK
1444523119,1574.63,0.343,ASK
1444523119,1574.63,0.2741,ASK
1444523120,1574.63,0.0489,ASK
1444523122,1574.64,0.0181,ASK
1444523122,1574.63,0.3121,ASK
1444523123,1574.57,0.01,BID
1444523123,1574.62,0.0007,BID
1444523123,1574.56,0.0021,ASK
1444523124,1574.56,0.0207,ASK
1444523126,1574.48,0.06,ASK
1444523126,1574.48,0.205,ASK
1444523126,1574.4,0.0215,ASK
1444523126,1574.4,0.001,ASK
1444523126,1574.35,0.1635,ASK
1444523127,1574.42,0.06,ASK
1444523127,1574.35,0.3365,ASK
1444523127,1574.34,0.1035,ASK
1444523128,1574.34,0.0051,ASK
1444523129,1574.32,0.01,ASK
1444523130,1574.32,0.1,ASK
1444523130,1574.32,0.0878,ASK
1444523131,1574.32,0.2715,ASK
1444523131,1574.31,0.1875,ASK
1444523131,1574.42,0.01,BID
1444523131,1574.31,0.4085,ASK
1444523132,1574.2,0.001,ASK
1444523132,1574.16,0.009,ASK
1444523133,1574.22,0.01,BID
1444523133,1574.22,0.0014,BID
1444523134,1574.16,0.121,ASK
1444523134,1574.22,0.001,BID
1444523134,1574.22,0.0384,BID
1444523134,1574.3,0.0464,BID
1444523134,1574.31,0.16,BID
1444523134,1574.31,0.01,BID
1444523135,1574.16,0.0384,ASK
1444523135,1574.16,0.001,ASK
1444523135,1574.15,0.001,ASK
1444523135,1574.15,0.001,ASK
1444523135,1574.15,0.001,ASK
1444523135,1574.1,0.0356,ASK
1444523136,1574.15,0.0014,BID
1444523139,1574.1,0.1593,ASK
1444523139,1574.08,0.6407,ASK
1444523141,1574.08,0.601,ASK
1444523142,1574.08,0.65,ASK
1444523144,1574.08,0.65,ASK
1444523145,1574.08,0.65,ASK
1444523146,1574.08,0.5353,ASK
1444523147,1574.08,0.65,ASK
1444523147,1574.08,3.1959,ASK
1444523147,1574.08,0.65,ASK
1444523147,1574.08,0.1,ASK
1444523147,1574.08,1.1771,ASK
1444523149,1574.0,0.6924,ASK
1444523150,1574.0,0.65,ASK
1444523150,1574.0,0.6924,ASK
1444523151,1574.0,0.65,ASK
1444523152,1574.0,0.124,ASK
1444523152,1574.0,0.65,ASK
1444523153,1574.0,0.06,ASK
1444523153,1574.05,0.05,BID
1444523153,1574.0,0.5712,ASK
1444523154,1573.93,0.001,ASK
1444523155,1573.91,0.0014,BID
1444523156,1573.91,0.0576,BID
1444523156,1573.99,0.0424,BID
1444523157,1573.86,0.004,ASK
1444523157,1573.99,0.01,BID
1444523161,1573.92,0.0586,ASK
1444523162,1573.92,0.0004,ASK
1444523163,1573.91,0.0586,BID
1444523163,1573.98,0.0213,BID
1444523163,1573.98,0.0125,BID
1444523163,1573.99,0.0264,BID
1444523163,1573.99,0.65,BID
1444523163,1574.03,0.0371,BID
1444523163,1574.03,0.0625,BID
1444523163,1574.04,3.275,BID
1444523163,1574.04,2.71,BID
1444523163,1574.05,1.2233,BID
1444523163,1574.07,0.65,BID
1444523163,1574.08,2.0869,BID
1444523163,1574.09,0.1593,BID
1444523163,1574.12,0.06,BID
1444523163,1574.15,0.159,BID
1444523163,1574.15,0.1604,BID
1444523163,1574.3,0.026,BID
1444523163,1574.31,0.2993,BID
1444523163,1574.31,0.4593,BID
1444523163,1574.38,0.001,BID
1444523163,1574.41,0.5,BID
1444523163,1574.42,0.2448,BID
1444523163,1574.47,0.265,BID
1444523163,1574.55,0.0228,BID
1444523163,1574.62,0.361,BID
1444523163,1574.63,0.171,BID
1444523163,1574.74,0.0107,BID
1444523163,1574.75,0.001,BID
1444523163,1574.75,0.001,BID
1444523163,1574.79,0.65,BID
1444523163,1574.82,0.0514,BID
1444523163,1574.84,0.0555,BID
1444523163,1574.87,0.0235,BID
1444523163,1574.9,0.03,BID
1444523163,1574.94,0.688,BID
1444523163,1574.95,1.5207,BID
1444523163,1574.96,0.111,BID
1444523164,1574.96,0.599,ASK
1444523165,1574.96,1.0,ASK
1444523165,1574.96,2.0,ASK
1444523165,1574.96,3.0,ASK
1444523165,1574.96,0.5,ASK
1444523165,1574.96,0.5,ASK
1444523165,1574.96,4.672,ASK
1444523166,1574.96,0.6837,ASK
1444523166,1573.92,0.0586,ASK
1444523166,1573.9,0.0014,ASK
1444523166,1573.86,0.0546,ASK
1444523166,1573.85,0.001,ASK
1444523166,1573.82,0.0246,ASK
1444523166,1573.77,2.4398,ASK
1444523166,1574.06,20.748,ASK
1444523167,1574.07,0.001,BID
1444523172,1574.51,0.23,BID
1444523174,1573.97,0.5,BID
1444523174,1573.97,0.225,BID
1444523197,1574.02,0.06,ASK
1444523199,1574.01,0.0471,ASK
1444523201,1574.0,0.0471,ASK
1444523202,1574.0,0.2155,ASK
1444523202,1573.98,0.0471,ASK
1444523203,1573.99,3.0,ASK
1444523203,1573.99,5.556,ASK
1444523211,1573.99,0.0318,ASK
1444523212,1573.98,0.0318,ASK
1444523213,1573.98,0.5564,ASK
1444523213,1573.9,0.0318,ASK
1444523214,1573.9,0.4682,ASK
1444523214,1573.88,0.0882,ASK
1444523225,1573.9,0.3006,ASK
1444523226,1573.9,0.2729,ASK
1444523226,1573.9,0.0246,ASK
1444523228,1573.89,0.466,BID
1444523229,1573.89,0.1075,BID
1444523229,1573.89,0.5279,BID
1444523230,1573.89,0.0702,BID
1444523230,1574.01,0.0021,BID
1444523230,1574.1,0.06,BID
1444523230,1574.36,0.0114,BID
1444523230,1574.37,0.2274,BID
1444523230,1574.37,0.02,BID
1444523230,1574.38,0.1791,BID
1444523237,1574.28,0.0177,ASK
1444523248,1573.93,0.0899,ASK
1444523248,1573.92,0.0223,ASK
1444523248,1573.91,0.2878,ASK
1444523250,1573.94,0.0177,ASK
1444523252,1574.0,0.001,ASK
1444523252,1573.94,0.009,ASK
1444523252,1573.94,0.0333,ASK
1444523252,1573.91,0.0635,ASK
1444523254,1573.91,0.0152,BID
1444523254,1573.93,0.06,BID
1444523255,1573.95,0.01,ASK
1444523256,1573.95,0.0152,ASK
1444523257,1573.9,0.287,ASK
1444523258,1573.9,0.3484,ASK
1444523258,1573.9,0.5457,ASK
1444523259,1573.9,0.0897,ASK
1444523260,1573.88,0.708,ASK
1444523261,1573.88,0.6128,ASK
1444523262,1573.88,0.65,ASK
1444523262,1573.88,0.825,ASK
1444523263,1573.88,0.0794,ASK
1444523263,1573.87,0.001,ASK
1444523265,1573.83,0.001,ASK
1444523265,1573.82,0.001,ASK
1444523265,1573.79,0.008,ASK
1444523270,1573.79,0.3144,ASK
1444523274,1573.75,0.001,ASK
1444523274,1573.75,0.001,ASK
1444523278,1573.72,0.001,ASK
1444523286,1573.55,0.0478,ASK
1444523287,1573.54,0.001,ASK
1444523287,1573.54,0.001,ASK
1444523287,1573.54,0.001,ASK
1444523289,1573.54,0.01,BID
1444523308,1573.54,0.01,BID
1444523309,1573.54,0.0248,BID
1444523315,1573.61,0.0952,ASK
1444523319,1573.6,0.01,BID
1444523319,1573.55,0.0101,ASK
1444523320,1573.55,0.0101,ASK
1444523323,1573.55,0.0146,ASK
1444523324,1573.52,0.002,ASK
1444523324,1573.49,0.001,ASK
1444523326,1573.44,0.01,BID
1444523330,1573.44,0.0016,BID
1444523330,1573.6,0.0084,BID
1444523334,1573.6,0.01,BID
1444523348,1573.57,0.236,BID
1444523348,1573.57,0.0483,BID
1444523348,1573.58,0.0201,BID
1444523348,1573.59,0.3132,BID
1444523348,1573.59,0.0297,BID
1444523348,1573.59,0.06,BID
1444523348,1573.6,0.0668,BID
1444523349,1573.6,0.0118,ASK
1444523350,1573.6,0.465,ASK
1444523351,1573.68,0.0148,BID
1444523351,1573.69,0.2954,BID
1444523351,1573.7,0.0328,BID
1444523351,1573.61,0.4014,ASK
1444523351,1573.61,0.3246,ASK
1444523351,1573.6,0.3254,ASK
1444523352,1573.7,0.015,BID
1444523352,1573.77,0.01,BID
1444523352,1573.76,9.955,ASK
1444523353,1573.77,0.0057,BID
1444523353,1573.78,0.0043,BID
1444523353,1573.78,0.02,BID
1444523354,1573.7,0.2804,ASK
1444523355,1573.61,0.0436,ASK
1444523355,1573.61,0.0974,ASK
1444523355,1573.61,0.0262,ASK
1444523355,1573.6,0.1132,ASK
1444523355,1573.69,0.0021,BID
1444523356,1573.6,0.1672,ASK
1444523370,1573.69,0.2783,BID
1444523370,1573.77,0.0145,BID
1444523370,1573.78,0.2072,BID
1444523376,1573.78,0.0829,BID
1444523380,1573.86,0.061,BID
1444523380,1573.87,0.2575,BID
1444523381,1573.86,0.025,BID
1444523381,1573.87,0.036,BID
1444523382,1573.86,0.03,BID
1444523382,1573.87,0.031,BID
1444523383,1573.87,0.061,BID
1444523384,1573.79,0.0829,ASK
1444523386,1573.71,0.0139,ASK
1444523387,1573.72,0.0829,BID
1444523387,1573.72,0.0968,ASK
1444523387,1573.71,0.0139,ASK
1444523387,1573.7,0.1676,ASK
1444523389,1573.7,0.0312,ASK
1444523390,1573.7,0.0312,ASK
1444523390,1573.7,0.0483,ASK
1444523402,1573.69,0.0624,BID
1444523402,1573.69,0.1107,BID
1444523402,1573.78,0.0829,BID
1444523402,1573.85,0.1797,BID
1444523402,1573.86,0.0448,BID
1444523402,1573.87,0.0195,BID
1444523403,1573.87,0.1646,BID
1444523403,1573.87,0.65,BID
1444523403,1573.88,0.0157,BID
1444523403,1573.88,0.0139,BID
1444523403,1573.89,0.5603,BID
1444523403,1573.89,0.65,BID
1444523403,1573.99,0.5255,BID
1444523403,1573.86,0.0139,BID
1444523403,1573.99,1.1661,BID
1444523405,1573.99,2.0,BID
1444523409,1573.99,0.173,BID
1444523416,1573.98,0.0868,BID
1444523416,1573.99,0.4132,BID
1444523419,1573.99,0.103,BID
1444523419,1573.99,0.5,BID
1444523425,1573.78,0.0177,BID
1444523425,1573.98,0.088,BID
1444523425,1573.98,0.3058,BID
1444523425,1573.99,2.6942,BID
1444523426,1573.99,0.0177,BID
1444523429,1573.99,0.05,BID
1444523430,1573.99,0.6353,BID
1444523431,1573.99,0.6353,BID
1444523432,1573.99,0.6353,BID
1444523433,1573.99,0.6353,BID
1444523434,1573.81,0.0143,ASK
1444523434,1573.8,0.2713,ASK
1444523435,1573.99,0.6353,BID
1444523436,1573.98,0.0143,BID
1444523436,1573.99,0.621,BID
1444523437,1573.99,0.5,BID
1444523437,1573.99,0.6353,BID
1444523438,1573.99,0.6353,BID
1444523440,1573.99,0.6353,BID
1444523440,1573.99,0.5,BID
1444523441,1573.99,0.0708,BID
1444523442,1574.0,0.0554,ASK
1444523442,1574.0,0.0625,ASK
1444523449,1574.0,0.01,ASK
1444523451,1574.1,0.2129,ASK
1444523452,1574.1,1.41,ASK
1444523452,1574.1,0.2129,ASK
1444523453,1574.1,0.65,ASK
1444523453,1574.13,0.055,BID
1444523453,1574.14,0.001,BID
1444523453,1574.15,0.1004,BID
1444523453,1574.24,0.001,BID
1444523453,1574.25,0.001,BID
1444523453,1574.28,0.5,BID
1444523453,1574.3,0.0882,BID
1444523453,1574.3,0.4334,BID
1444523454,1574.1,0.65,ASK
1444523455,1574.11,0.1692,ASK
1444523455,1574.1,0.4808,ASK
1444523456,1574.3,0.2856,BID
1444523457,1574.1,0.65,ASK
1444523458,1574.29,0.1222,BID
1444523458,1574.3,0.513,BID
1444523459,1574.29,7.934,BID
1444523459,1574.11,0.013,ASK
1444523459,1574.11,0.0145,ASK
1444523459,1574.1,0.6225,ASK
1444523460,1574.26,0.464,BID
1444523460,1574.3,0.1712,BID
1444523460,1574.29,0.0485,BID
1444523460,1574.3,0.0737,BID
1444523461,1574.29,0.0149,BID
1444523461,1574.3,0.6203,BID
1444523466,1574.28,0.01,ASK
1444523467,1574.28,0.092,ASK
1444523471,1574.12,0.01,ASK
1444523472,1574.12,0.0026,ASK
1444523472,1574.11,0.01,ASK
1444523474,1574.13,0.1327,ASK
1444523475,1574.13,0.0118,ASK
1444523477,1574.13,0.3389,ASK
1444523478,1574.14,0.0151,ASK
1444523478,1574.12,0.0201,ASK
1444523478,1574.12,0.0119,ASK
1444523478,1574.11,0.3389,ASK
1444523479,1574.11,0.1611,ASK
1444523479,1574.11,0.1285,BID
1444523480,1574.1,0.1611,ASK
1444523481,1574.1,0.862,ASK
1444523483,1574.1,0.01,ASK
1444523483,1574.11,0.0484,BID
1444523483,1574.11,0.4516,ASK
1444523483,1574.1,1.1834,ASK
1444523484,1574.12,0.0484,BID
1444523484,1574.1,1.3096,ASK
1444523485,1574.1,0.65,ASK
1444523486,1574.1,0.0165,ASK
1444523486,1574.1,3.0,ASK
1444523486,1574.1,0.65,ASK
1444523486,1574.1,5.0019,ASK
1444523487,1574.1,0.8,ASK
1444523487,1574.1,0.65,ASK
1444523488,1574.1,0.01,ASK
1444523488,1574.1,0.8064,ASK
1444523489,1574.06,0.6889,BID
1444523490,1574.03,0.001,ASK
1444523490,1574.03,0.001,ASK
1444523490,1574.01,0.008,ASK
1444523491,1574.02,1.0,ASK
1444523491,1574.02,2.222,ASK
1444523491,1574.01,0.01,ASK
1444523491,1574.06,0.1275,BID
1444523491,1574.08,0.0276,ASK
1444523492,1574.08,0.0225,BID
1444523492,1574.09,0.4775,BID
1444523494,1574.07,0.1275,ASK
1444523495,1574.08,0.0146,BID
1444523495,1574.08,0.0265,BID
1444523495,1574.09,0.102,BID
1444523496,1574.02,0.0136,ASK
1444523496,1574.01,0.1139,ASK
1444523496,1574.06,0.0146,BID
1444523498,1574.06,0.1129,BID
1444523499,1574.06,0.0144,ASK
1444523500,1574.07,0.065,ASK
1444523501,1574.07,0.0479,ASK
1444523501,1574.06,0.0506,ASK
1444523501,1574.01,0.0144,ASK
1444523505,1574.06,0.1129,BID
1444523506,1574.08,0.0111,BID
1444523506,1574.08,0.0249,BID
1444523506,1574.09,0.0705,BID
1444523506,1574.09,0.3935,BID
1444523509,1574.08,0.0111,BID
1444523509,1574.09,0.0221,BID
1444523510,1574.09,0.1491,BID
1444523512,1574.07,0.017,ASK
1444523514,1574.09,0.0599,BID
1444523514,1574.07,0.0222,ASK
1444523515,1574.07,0.0737,ASK
1444523515,1574.01,0.0222,ASK
1444523516,1574.01,0.0671,ASK
1444523516,1574.01,0.0066,ASK
1444523517,1574.04,0.03,ASK
1444523518,1574.04,0.1177,ASK
1444523519,1574.01,0.01,ASK
1444523520,1574.06,0.1129,BID
1444523520,1574.06,0.0798,BID
1444523521,1574.06,0.0161,BID
1444523524,1574.07,0.01,ASK
1444523525,1574.07,0.01,ASK
1444523529,1574.09,0.0254,BID
1444523537,1574.11,0.0122,BID
1444523537,1574.12,0.1884,BID
1444523539,1574.12,0.01,BID
1444523540,1574.12,0.045,BID
1444523540,1574.27,0.102,BID
1444523540,1574.29,0.0126,BID
1444523540,1574.3,0.001,BID
1444523540,1574.3,0.001,BID
1444523543,1574.31,0.0238,ASK
1444523547,1574.3,0.01,BID
1444523552,1574.29,0.034,BID
1444523554,1574.28,0.0284,BID
1444523554,1574.29,0.211,BID
1444523554,1574.29,0.0196,BID
1444523554,1574.29,0.337,BID
1444523554,1574.3,0.0138,BID
1444523555,1574.37,0.01,BID
1444523556,1574.31,0.1039,ASK
1444523557,1574.31,0.1463,ASK
1444523557,1574.3,0.1039,ASK
1444523558,1574.3,0.2502,ASK
1444523559,1574.37,0.054,BID
1444523560,1574.37,0.0259,BID
1444523560,1574.37,0.0111,BID
1444523560,1574.38,0.054,BID
1444523561,1574.38,0.091,BID
1444523562,1574.34,0.0133,ASK
1444523563,1574.34,0.1307,ASK
1444523563,1574.31,0.0124,ASK
1444523564,1574.28,0.0111,BID
1444523567,1574.33,0.01,BID
1444523574,1574.23,0.0133,BID
1444523574,1574.27,0.1636,BID
1444523581,1574.25,0.0103,ASK
1444523581,1574.24,0.1956,ASK
1444523582,1574.25,10.417,ASK
1444523583,1574.24,0.0103,ASK
1444523584,1574.21,6.0,ASK
1444523584,1574.21,2.776,ASK
1444523585,1574.19,0.0148,ASK
1444523585,1574.18,0.1097,ASK
1444523585,1574.18,0.0514,ASK
1444523586,1574.18,0.01,ASK
1444523587,1574.18,0.125,ASK
1444523589,1574.12,0.0182,ASK
1444523591,1574.09,0.005,ASK
1444523593,1574.03,0.06,ASK
1444523596,1574.01,0.0384,ASK
1444523597,1573.99,0.001,ASK
1444523597,1573.98,0.001,ASK
1444523597,1573.98,0.001,ASK
1444523597,1573.98,0.001,ASK
1444523599,1573.81,0.01,ASK
1444523608,1574.04,0.0177,ASK
1444523617,1573.92,0.2042,ASK
1444523617,1573.87,0.038,ASK
1444523618,1573.87,0.2042,ASK
1444523618,1573.87,0.1258,ASK
1444523618,1573.86,0.038,ASK
1444523619,1573.86,0.196,ASK
1444523619,1573.86,0.0898,ASK
1444523620,1573.83,0.2141,BID
1444523627,1573.82,0.0987,ASK
1444523630,1573.81,0.0454,ASK
1444523630,1573.81,0.0625,ASK
1444523630,1573.8,0.0143,ASK
1444523630,1573.8,0.001,ASK
1444523630,1573.78,0.0527,ASK
1444523630,1573.74,0.2601,ASK
1444523632,1573.74,0.0004,ASK
1444523632,1573.72,0.0096,ASK
1444523633,1573.72,0.0772,ASK
1444523633,1573.72,0.28,ASK
1444523636,1573.74,0.01,ASK
1444523637,1573.74,0.0199,ASK
1444523637,1573.7,0.001,ASK
1444523640,1573.65,0.001,ASK
1444523640,1573.61,0.009,ASK
1444523641,1573.66,0.01,ASK
1444523655,1573.73,0.0189,BID
1444523655,1573.74,0.1086,BID
1444523655,1573.74,0.0337,BID
1444523658,1573.73,0.0118,BID
1444523658,1573.73,0.1862,ASK
1444523660,1573.72,0.011,BID
1444523660,1573.73,0.0819,BID
1444523661,1573.72,0.0118,BID
1444523663,1573.7,0.2226,ASK
1444523663,1573.62,0.0221,ASK
1444523664,1573.71,0.0111,ASK
1444523664,1573.63,0.0113,ASK
1444523664,1573.62,0.0335,ASK
1444523671,1573.63,0.0703,ASK
1444523672,1573.63,0.3497,ASK
1444523672,1573.62,0.0003,ASK
1444523675,1573.61,0.3984,ASK
1444523676,1573.61,0.6573,ASK
1444523677,1573.61,0.65,ASK
1444523678,1573.61,0.41,ASK
1444523678,1573.61,0.65,ASK
1444523678,1573.61,0.7119,ASK
1444523680,1573.61,0.5513,ASK
1444523682,1573.42,0.001,ASK
1444523682,1573.42,0.001,ASK
1444523682,1573.38,0.001,ASK
1444523682,1573.35,0.001,ASK
1444523683,1573.33,11.169,ASK
1444523684,1573.34,0.006,BID
1444523684,1573.34,0.01,BID
1444523686,1573.36,0.0227,ASK
1444523687,1573.36,0.0227,ASK
1444523687,1573.36,0.1393,ASK
1444523688,1573.3,0.001,ASK
1444523688,1573.3,0.001,ASK
1444523688,1573.25,0.001,ASK
1444523689,1573.24,0.001,ASK
1444523689,1573.23,0.009,BID
1444523689,1573.25,0.159,BID
1444523689,1573.35,0.0423,BID
1444523691,1573.34,0.0115,BID
1444523691,1573.35,0.0031,BID
1444523691,1573.35,0.1847,BID
1444523693,1573.44,0.01,BID
1444523697,1573.36,0.0308,ASK
1444523699,1573.35,0.0002,BID
1444523699,1573.35,0.0308,BID
1444523701,1573.37,0.1117,ASK
1444523702,1573.36,0.031,ASK
1444523703,1573.27,0.02,BID
1444523707,1573.27,0.01,BID
1444523708,1573.24,0.127,ASK
1444523712,1573.26,0.01,BID
1444523713,1573.26,0.3798,BID
1444523713,1573.27,0.0092,BID
1444523713,1573.27,0.0415,BID
1444523713,1573.28,0.1117,BID
1444523713,1573.36,0.1117,BID
1444523713,1573.56,0.0176,BID
1444523713,1573.57,0.2175,BID
1444523716,1573.27,0.132,ASK
1444523717,1573.28,0.0175,ASK
1444523717,1573.27,0.1145,ASK
1444523717,1573.56,0.07,BID
1444523717,1573.56,0.151,BID
1444523717,1573.57,0.1336,BID
1444523717,1573.59,0.0205,BID
1444523717,1573.6,0.0987,BID
1444523717,1573.6,0.5262,BID
1444523718,1573.29,0.0175,ASK
1444523720,1573.29,0.1115,ASK
1444523721,1573.29,0.0719,ASK
1444523721,1573.29,0.0163,ASK
1444523721,1573.28,0.0296,ASK
1444523722,1573.54,14.136,ASK
1444523722,1573.28,0.0882,ASK
1444523723,1573.28,0.209,ASK
1444523728,1573.29,0.01,ASK
1444523729,1573.29,0.0464,ASK
1444523731,1573.29,0.0464,ASK
1444523731,1573.29,0.1142,ASK
1444523732,1573.29,0.1358,ASK
1444523735,1573.28,0.06,ASK
1444523736,1573.27,0.1433,ASK
1444523737,1573.14,0.001,ASK
1444523737,1573.11,0.001,ASK
1444523737,1573.11,0.001,ASK
1444523737,1573.06,0.001,ASK
1444523738,1573.04,0.006,BID
1444523739,1573.27,0.1608,ASK
1444523740,1573.15,0.1327,ASK
1444523743,1573.28,0.1635,ASK
1444523743,1573.28,0.0652,ASK
1444523747,1573.51,0.0129,BID
1444523747,1573.52,0.1327,BID
1444523747,1573.52,0.0652,BID
1444523747,1573.53,0.0176,BID
1444523747,1573.54,0.0564,BID
1444523747,1573.54,0.2962,BID
1444523758,1573.36,1.25,BID
1444523758,1573.49,0.0577,BID
1444523758,1573.5,0.1322,BID
1444523758,1573.54,0.0002,BID
1444523758,1573.56,0.3268,BID
1444523758,1573.6,0.1238,BID
1444523758,1573.62,0.07,BID
1444523758,1573.62,0.42,BID
1444523758,1573.64,0.0305,ASK
1444523759,1573.64,1.719,ASK
1444523760,1573.64,0.6428,ASK
1444523760,1573.64,0.01,ASK
1444523760,1573.64,0.65,ASK
1444523761,1573.64,0.3089,ASK
1444523761,1573.64,0.2134,ASK
1444523762,1573.64,1.0941,ASK
1444523763,1573.64,1.1231,ASK
1444523770,1573.64,0.01,ASK
1444523772,1573.64,0.01,ASK
1444523774,1573.64,0.01,ASK
1444523778,1573.64,8.2975,ASK
1444523778,1573.44,0.001,ASK
1444523778,1573.22,0.1653,ASK
1444523778,1573.22,0.0107,ASK
1444523778,1573.22,0.0174,ASK
1444523778,1573.21,2.9151,ASK
1444523781,1573.66,0.12,BID
1444523781,1573.72,0.0441,BID
1444523781,1573.73,0.1388,BID
1444523781,1573.73,0.0118,BID
1444523781,1573.74,0.2248,BID
1444523787,1573.32,0.0177,BID
1444523788,1573.65,0.01,BID
1444523790,1573.54,0.0264,ASK
1444523823,1573.64,0.083,BID
1444523823,1573.65,0.1415,BID
1444523823,1573.72,0.0131,BID
1444523823,1573.73,0.2021,BID
1444523823,1573.74,0.0118,BID
1444523823,1573.76,0.06,BID
1444523823,1573.8,0.1079,BID
1444523823,1573.8,0.001,BID
1444523823,1573.85,0.0184,BID
1444523823,1573.86,0.368,BID
1444523823,1574.01,0.3389,BID
1444523823,1574.07,0.0184,BID
1444523823,1574.08,0.2422,BID
1444523823,1574.08,0.1258,BID
1444523823,1574.11,0.001,BID
1444523823,1574.11,0.001,BID
1444523823,1574.11,0.001,BID
1444523823,1574.17,0.135,BID
1444523823,1574.22,0.135,BID
1444523823,1574.23,0.1956,BID
1444523823,1574.23,17.1525,BID
1444523823,1574.24,0.0103,BID
1444523823,1574.26,0.001,BID
1444523823,1574.33,0.134,BID
1444523823,1574.33,0.25,BID
1444523823,1574.42,0.001,BID
1444523823,1574.42,0.001,BID
1444523823,1574.44,0.001,BID
1444523823,1574.55,0.154,BID
1444523823,1574.65,0.001,BID
1444523823,1574.7,0.001,BID
1444523823,1574.8,0.001,BID
1444523823,1574.8,0.9615,BID
1444523824,1573.57,8.487,BID
1444523824,1573.61,0.04,BID
1444523825,1573.65,0.01,ASK
1444523827,1573.65,0.01,ASK
1444523828,1573.65,0.023,ASK
1444523831,1573.63,0.01,BID
1444523831,1573.65,0.01,BID
1444523833,1573.67,0.0137,ASK
1444523833,1573.66,0.1133,ASK
1444523834,1573.67,0.01,ASK
1444523837,1573.67,0.01,ASK
1444523837,1573.67,0.4,ASK
1444523837,1573.67,0.8,ASK
1444523838,1573.68,0.001,ASK
1444523838,1573.67,0.009,ASK
1444523838,1573.67,0.1895,ASK
1444523838,1573.67,0.2008,ASK
1444523838,1573.66,0.1611,ASK
1444523841,1573.66,0.0208,BID
1444523841,1573.64,0.01,ASK
1444523842,1573.64,0.01,ASK
1444523842,1573.66,0.0528,BID
1444523844,1573.67,0.01,ASK
1444523846,1573.68,0.134,ASK
1444523846,1573.68,0.01,ASK
1444523847,1573.68,0.01,ASK
1444523849,1573.81,0.0114,BID
1444523849,1573.82,0.2281,BID
1444523849,1573.83,0.0208,BID
1444523849,1573.83,0.157,ASK
1444523849,1573.68,0.023,ASK
1444523849,1573.68,0.01,ASK
1444523851,1573.68,0.0411,ASK
1444523851,1573.67,0.0108,ASK
1444523851,1573.67,0.0109,ASK
1444523852,1573.68,0.01,BID
1444523853,1573.79,0.166,BID
1444523854,1573.69,0.01,ASK
1444523855,1573.69,0.01,ASK
1444523856,1573.7,0.01,ASK
1444523859,1573.77,0.0113,BID
1444523859,1573.78,0.2268,BID
1444523859,1573.8,0.268,BID
1444523859,1573.69,0.01,ASK
1444523861,1573.79,0.054,ASK
1444523862,1573.79,0.01,ASK
1444523862,1573.79,0.01,ASK
1444523863,1573.79,0.1528,ASK
1444523863,1573.7,0.0125,ASK
1444523863,1573.69,0.1477,ASK
1444523864,1573.7,0.072,ASK
1444523864,1573.7,0.1673,ASK
1444523865,1573.79,0.072,BID
1444523865,1573.79,0.01,BID
1444523865,1573.8,0.0113,BID
1444523866,1573.8,0.0067,ASK
1444523866,1573.7,0.1551,ASK
1444523866,1573.69,0.0652,ASK
1444523866,1573.69,0.0264,ASK
1444523866,1573.67,0.0627,ASK
1444523866,1573.67,0.001,ASK
1444523873,1573.66,0.037,BID
1444523873,1573.69,0.0092,BID
1444523873,1573.7,0.037,BID
1444523873,1573.76,0.03,BID
1444523874,1573.9,0.137,ASK
1444523876,1573.67,0.1532,ASK
1444523877,1573.76,0.02,BID
1444523877,1573.89,0.157,BID
1444523877,1573.67,0.01,ASK
1444523878,1573.89,0.02,BID
1444523880,1573.9,0.157,ASK
1444523881,1573.68,0.01,ASK
1444523882,1573.88,0.0896,BID
1444523883,1573.88,0.01,ASK
1444523883,1573.88,0.0004,ASK
1444523883,1573.68,0.0096,ASK
1444523884,1573.89,0.0896,BID
1444523885,1573.88,0.01,BID
1444523885,1573.89,0.0674,BID
1444523887,1573.9,0.01,ASK
1444523888,1573.9,0.0106,ASK
1444523889,1573.9,0.01,ASK
1444523889,1574.0,14.257,ASK
1444523890,1573.91,0.01,ASK
1444523890,1573.91,0.216,ASK
1444523890,1573.91,0.0263,ASK
1444523890,1573.9,0.049,ASK
1444523890,1573.9,0.024,ASK
1444523891,1573.9,0.133,ASK
1444523896,1573.69,0.06,ASK
1444523896,1573.68,0.07,ASK
1444523897,1573.8,0.01,BID
1444523897,1573.8,0.06,ASK
1444523898,1573.8,0.01,ASK
1444523898,1573.8,0.01,ASK
1444523898,1573.87,6.0,ASK
1444523898,1573.87,4.0,ASK
1444523898,1573.87,2.385,ASK
1444523904,1573.71,0.01,ASK
1444523904,1573.71,0.001,ASK
1444523904,1573.71,0.093,ASK
1444523905,1573.71,0.01,ASK
1444523906,1573.71,0.011,ASK
1444523906,1573.71,0.01,ASK
1444523909,1573.71,0.01,ASK
1444523911,1573.71,0.01,ASK
1444523913,1573.71,0.01,ASK
1444523915,1573.72,0.01,ASK
1444523917,1573.72,0.01,ASK
1444523918,1573.73,0.01,ASK
1444523920,1573.73,0.0352,ASK
1444523920,1573.72,0.0018,ASK
1444523920,1573.71,0.0408,ASK
1444523920,1573.7,0.1962,ASK
1444523922,1573.7,0.01,ASK
1444523923,1573.72,0.0352,BID
1444523924,1573.72,0.01,ASK
1444523926,1573.73,0.01,ASK
1444523928,1573.73,0.01,ASK
1444523930,1573.73,0.01,ASK
1444523931,1573.83,0.1188,BID
1444523931,1573.84,0.0452,BID
1444523931,1573.85,0.0218,BID
1444523931,1573.86,0.0115,BID
1444523931,1573.87,0.2203,BID
1444523935,1573.84,0.01,ASK
1444523939,1573.88,0.0108,BID
1444523939,1573.89,0.216,BID
1444523943,1573.88,0.01,ASK
1444523944,1573.88,0.09,ASK
1444523948,1573.85,0.001,ASK
1444523948,1573.84,0.009,ASK
1444523950,1573.87,0.1,BID
1444523952,1573.88,0.01,ASK
1444523954,1573.88,0.01,ASK
1444523956,1573.97,0.01,ASK
1444523972,1573.97,0.0077,ASK
1444523974,1573.88,0.09,ASK
1444523974,1573.88,0.0169,ASK
1444523975,1573.89,0.0114,ASK
1444523975,1573.88,0.2305,ASK
1444523979,1573.84,0.01,ASK
1444523979,1573.84,0.01,ASK
1444523996,1573.84,0.01,ASK
1444524038,1573.85,6.9,ASK
1444524044,1573.85,0.8,BID
1444524045,1573.85,0.6354,BID
1444524045,1573.84,0.01,ASK
1444524046,1573.85,0.6354,BID
1444524047,1573.84,0.01,ASK
1444524047,1573.85,0.6354,BID
1444524048,1573.85,0.6354,BID
1444524049,1573.84,0.01,ASK
1444524049,1573.85,0.6354,BID
1444524050,1573.85,0.6354,BID
1444524051,1573.84,0.01,ASK
1444524051,1573.85,0.6354,BID
1444524052,1573.85,0.6354,BID
1444524053,1573.84,0.01,ASK
1444524053,1573.85,0.6354,BID
1444524055,1573.85,0.6354,BID
1444524056,1573.84,0.01,ASK
1444524056,1573.85,0.6354,BID
1444524057,1573.85,0.6354,BID
1444524058,1573.84,0.0098,ASK
1444524058,1573.84,0.0002,BID
1444524058,1573.85,0.6352,BID
1444524059,1573.85,0.307,BID
1444524059,1573.86,0.1481,BID
1444524059,1573.86,0.0136,BID
1444524061,1573.86,0.01,ASK
1444524062,1573.86,0.1067,ASK
1444524063,1573.86,0.01,ASK
1444524063,1573.86,0.04,ASK
1444524063,1573.86,0.61,ASK
1444524064,1573.86,0.0254,ASK
1444524079,1573.85,0.6246,BID
1444524079,1573.85,0.508,BID
1444524104,1573.87,0.3374,BID
1444524105,1573.87,0.01,ASK
1444524107,1573.87,0.01,ASK
1444524109,1573.87,0.01,ASK
1444524137,1573.97,0.001,BID
1444524151,1573.88,0.1418,ASK
1444524151,1573.88,0.175,ASK
1444524151,1573.87,0.1728,ASK
1444524151,1573.87,0.0105,ASK
1444524151,1573.87,0.0134,ASK
1444524151,1573.86,0.6665,ASK
1444524151,1573.86,2.58,ASK
1444524152,1573.86,2.0,ASK
1444524153,1573.86,0.01,ASK
1444524154,1573.86,0.01,ASK
1444524155,1573.86,2.0,ASK
1444524155,1573.86,1.18,ASK
1444524156,1573.87,0.001,BID
1444524156,1573.86,0.65,ASK
1444524156,1573.86,0.01,ASK
1444524157,1573.86,0.65,ASK
1444524158,1573.86,0.01,ASK
1444524158,1573.86,0.65,ASK
1444524159,1573.86,0.65,ASK
1444524160,1573.86,0.01,ASK
1444524160,1573.86,1.18,ASK
1444524160,1573.86,0.65,ASK
1444524161,1573.87,0.0872,BID
1444524161,1573.86,0.65,ASK
1444524162,1573.87,0.2286,BID
1444524167,1573.88,0.01,ASK
1444524205,1573.9,0.0177,BID
1444524205,1573.97,0.1408,BID
1444524205,1573.97,0.047,BID
1444524205,1573.97,0.0105,BID
1444524205,1573.97,0.0134,BID
1444524205,1573.98,1.4185,BID
1444524205,1573.99,0.4009,BID
1444524205,1574.0,0.4684,BID
1444524205,1574.06,0.001,BID
1444524205,1574.07,0.06,BID
1444524205,1574.13,0.001,BID
1444524205,1574.13,0.001,BID
1444524205,1574.2,0.597,BID
1444524206,1574.19,13.0,BID
1444524206,1574.19,2.315,BID
1444524208,1573.87,0.01,ASK
1444524220,1573.9,0.01,ASK
1444524221,1573.91,0.0153,ASK
1444524221,1573.9,0.297,ASK
1444524221,1573.89,0.06,ASK
1444524221,1573.89,0.0316,ASK
1444524221,1573.89,0.0105,ASK
1444524221,1573.88,0.1235,ASK
1444524221,1573.87,0.5861,ASK
1444524258,1573.88,0.0377,ASK
1444524259,1573.87,0.0377,ASK
1444524270,1573.88,6.4,BID
1444524272,1573.88,0.6354,BID
1444524273,1573.88,0.6354,BID
1444524274,1573.88,0.6354,BID
1444524275,1573.88,0.6354,BID
1444524276,1573.88,0.6354,BID
1444524278,1573.88,0.132,BID
1444524278,1573.87,0.01,BID
1444524278,1573.88,0.6254,BID
1444524279,1573.88,0.6354,BID
1444524279,1573.88,0.01,BID
1444524280,1573.86,0.1219,ASK
1444524280,1573.88,0.6354,BID
1444524281,1573.86,0.01,ASK
1444524281,1573.86,0.65,ASK
1444524282,1573.86,0.65,ASK
1444524284,1573.86,0.65,ASK
1444524286,1573.86,0.65,ASK
1444524287,1573.86,0.65,ASK
1444524288,1573.86,0.65,ASK
1444524289,1573.86,0.65,ASK
1444524290,1573.87,0.001,BID
1444524290,1573.86,0.65,ASK
1444524291,1573.86,0.65,ASK
1444524292,1573.86,0.65,ASK
1444524293,1573.86,0.65,ASK
1444524294,1573.87,0.0297,BID
1444524294,1573.87,1.1259,BID
1444524294,1573.88,0.0244,BID
1444524294,1573.86,0.65,ASK
1444524294,1573.88,0.5897,BID
1444524294,1573.88,0.0153,BID
1444524294,1573.89,0.307,BID
1444524294,1574.06,0.06,BID
1444524294,1574.1,0.0316,BID
1444524294,1574.19,0.1235,BID
1444524294,1574.29,0.0308,BID
1444524294,1574.3,0.6152,BID
1444524294,1574.32,0.001,BID
1444524294,1574.35,0.2259,BID
1444524295,1573.87,0.0307,BID
1444524296,1574.29,0.0918,BID
1444524296,1574.35,0.2741,BID
1444524296,1574.36,2.2141,BID
1444524305,1573.9,0.1378,ASK
1444524305,1573.9,0.1323,ASK
1444524305,1573.89,0.001,ASK
1444524305,1573.89,3.2588,ASK
1444524305,1573.89,0.0282,ASK
1444524305,1573.89,0.0307,ASK
1444524305,1573.88,0.5633,ASK
1444524305,1573.88,0.614,ASK
1444524305,1573.87,0.5,ASK
1444524305,1573.86,6.2839,ASK
1444524313,1574.0,0.01,ASK
1444524318,1574.14,0.01,ASK
