timestamp,price,amount,side
1444262244,1575.0,1.0,BID
1444262245,1575.0,0.6349,BID
1444262246,1575.0,0.6349,BID
1444262251,1575.0,1.0,BID
1444262257,1575.0,0.0044,BID
1444262257,1574.99,0.1,ASK
1444262258,1574.99,2.0,ASK
1444262258,1574.99,0.65,ASK
1444262259,1574.99,0.65,ASK
1444262260,1574.99,0.6,ASK
1444262269,1574.04,0.06,ASK
1444262269,1574.01,0.015,ASK
1444262269,1574.0,0.3,ASK
1444262269,1573.8,0.0165,ASK
1444262269,1573.79,0.1085,ASK
1444262273,1573.79,0.2215,ASK
1444262273,1573.17,0.186,ASK
1444262273,1573.13,0.256,ASK
1444262273,1572.44,0.5,ASK
1444262273,1572.43,1.4165,ASK
1444262275,1574.94,0.1226,BID
1444262275,1574.94,0.015,BID
1444262275,1574.95,0.4084,BID
1444262275,1574.64,0.108,ASK
1444262276,1574.94,14.012,BID
1444262279,1574.95,0.1083,BID
1444262279,1574.98,0.05,BID
1444262279,1574.98,0.65,BID
1444262279,1575.0,0.1917,BID
1444262279,1574.92,2.0,BID
1444262279,1574.92,13.245,BID
1444262282,1574.93,0.001,BID
1444262285,1574.91,0.116,BID
1444262285,1574.91,0.4111,BID
1444262285,1574.92,0.0165,BID
1444262285,1574.92,0.5,BID
1444262285,1574.93,0.0724,BID
1444262290,1574.66,0.0264,ASK
1444262290,1574.65,0.5006,ASK
1444262290,1574.65,0.3253,ASK
1444262290,1574.64,0.0003,ASK
1444262291,1574.64,0.0549,BID
1444262294,1574.64,0.0195,BID
1444262294,1574.92,0.06,BID
1444262294,1574.94,0.703,BID
1444262294,1574.94,0.2175,BID
1444262295,1574.94,0.1,BID
1444262296,1574.94,0.01,BID
1444262302,1574.93,0.001,BID
1444262302,1574.92,0.5006,BID
1444262302,1574.93,0.3293,BID
1444262302,1574.94,0.0375,BID
1444262302,1574.99,0.116,BID
1444262302,1575.0,0.0166,BID
1444262305,1574.07,0.384,ASK
1444262326,1574.99,0.001,BID
1444262339,1574.97,0.383,BID
1444262339,1574.97,0.0236,BID
1444262339,1574.98,0.472,BID
1444262339,1575.0,0.1214,BID
1444262343,1575.0,1.0,BID
1444262360,1574.96,0.0025,ASK
1444262361,1574.75,0.0075,BID
1444262368,1574.98,0.031,ASK
1444262370,1574.98,0.069,ASK
1444262370,1574.8,0.052,ASK
1444262376,1574.81,0.527,ASK
1444262376,1574.96,0.001,BID
1444262381,1574.82,0.0264,ASK
1444262381,1574.8,0.0005,ASK
1444262387,1574.7,0.0131,BID
1444262387,1574.7,0.06,BID
1444262387,1574.71,0.0231,BID
1444262387,1574.81,0.0264,BID
1444262387,1574.97,0.069,BID
1444262387,1574.99,0.0292,BID
1444262387,1575.0,0.9018,BID
1444262389,1574.99,7.0,BID
1444262389,1574.99,9.734,BID
1444262396,1575.0,1.0,BID
1444262397,1574.99,0.527,BID
1444262397,1575.0,0.1079,BID
1444262397,1574.97,11.0,BID
1444262397,1574.97,4.19,BID
1444262398,1575.0,0.6349,BID
1444262403,1575.0,1.5866,BID
1444262404,1575.0,0.6349,BID
1444262405,1575.0,1.0,BID
1444262405,1574.96,0.001,ASK
1444262405,1574.94,0.0259,ASK
1444262405,1574.93,0.1071,ASK
1444262405,1575.0,0.6349,BID
1444262407,1574.94,9.63,ASK
1444262407,1574.94,0.0259,ASK
1444262407,1574.93,0.0471,ASK
1444262409,1574.93,0.095,ASK
1444262410,1574.93,0.2692,ASK
1444262414,1574.92,0.1421,BID
1444262414,1574.92,0.3642,BID
1444262414,1575.0,0.4937,BID
1444262417,1574.93,0.12,ASK
1444262419,1574.99,0.0259,BID
1444262419,1575.0,0.3751,BID
1444262419,1575.0,0.3,BID
1444262419,1575.0,0.299,BID
1444262420,1574.99,0.0221,BID
1444262420,1575.0,0.0038,BID
1444262420,1574.94,0.0253,ASK
1444262420,1574.93,0.3863,ASK
1444262420,1574.82,0.0221,ASK
1444262420,1574.81,0.06,ASK
1444262420,1574.8,0.0383,ASK
1444262421,1575.0,0.0259,BID
1444262422,1575.0,0.001,BID
1444262423,1574.8,0.0217,ASK
1444262424,1574.79,0.5275,BID
1444262440,1574.79,0.0217,BID
1444262440,1574.99,0.0259,BID
1444262440,1575.0,0.517,BID
1444262440,1575.56,0.0253,BID
1444262440,1575.57,0.4101,BID
1444262443,1574.8,0.0265,ASK
1444262443,1574.78,0.001,ASK
1444262443,1574.66,0.0025,ASK
1444262448,1574.79,0.0265,BID
1444262448,1574.85,0.06,BID
1444262448,1575.57,0.3659,BID
1444262448,1575.57,0.5476,BID
1444262451,1575.56,0.05,BID
1444262479,1574.81,0.06,ASK
1444262487,1574.8,0.01,ASK
1444262492,1574.8,0.001,ASK
1444262492,1575.53,0.0014,BID
1444262498,1575.52,0.06,BID
1444262498,1575.53,0.4761,BID
1444262498,1575.56,0.0555,BID
1444262498,1575.57,0.4084,BID
1444262526,1575.52,0.001,ASK
1444262526,1575.36,0.06,ASK
1444262544,1575.0,1.0,BID
1444262549,1575.0,0.0066,BID
1444262551,1575.0,1.0,BID
1444262552,1574.89,0.03,ASK
1444262552,1575.0,0.3769,BID
1444262553,1574.89,0.0507,ASK
1444262553,1574.88,0.0238,ASK
1444262555,1574.88,0.0062,BID
1444262559,1575.0,1.0,BID
1444262560,1574.88,0.0176,ASK
1444262560,1574.87,0.3824,ASK
1444262560,1575.0,0.0807,BID
1444262566,1574.99,0.03,BID
1444262566,1574.99,0.0176,BID
1444262566,1575.0,0.9524,BID
1444262573,1575.0,1.0,BID
1444262579,1575.0,1.0,BID
1444262580,1575.0,0.0011,BID
1444262585,1575.0,0.6,BID
1444262586,1575.0,0.07,BID
1444262589,1575.0,0.4,BID
1444262590,1575.0,0.106,BID
1444262591,1575.0,1.0,BID
1444262596,1574.98,0.07,BID
1444262597,1574.98,0.1741,BID
1444262597,1575.0,0.8259,BID
1444262600,1575.0,0.0021,BID
1444262603,1575.0,0.01,BID
1444262604,1575.0,1.0,BID
1444262611,1575.0,1.0,BID
1444262611,1575.0,0.01,BID
1444262618,1575.0,0.01,BID
1444262618,1575.0,1.0,BID
1444262621,1575.0,0.001,BID
1444262625,1575.0,1.0,BID
1444262633,1575.0,0.01,BID
1444262636,1575.0,1.0,BID
1444262637,1575.0,0.01,BID
1444262637,1575.0,0.07,BID
1444262639,1575.0,1.0,BID
1444262641,1575.0,0.0121,BID
1444262643,1575.0,1.0,BID
1444262645,1574.89,11.0,BID
1444262645,1574.89,10.084,BID
1444262648,1575.0,0.05,BID
1444262650,1575.0,1.0,BID
1444262650,1575.0,0.05,BID
1444262651,1575.0,1.0,BID
1444262654,1575.0,0.05,BID
1444262657,1575.0,0.01,BID
1444262657,1575.0,1.0,BID
1444262661,1575.0,1.0,BID
1444262661,1575.0,0.0015,BID
1444262662,1575.0,0.046,BID
1444262662,1575.0,0.05,BID
1444262663,1575.0,0.109,BID
1444262663,1575.0,0.01,BID
1444262664,1575.0,1.0,BID
1444262666,1575.0,0.063,BID
1444262667,1575.0,1.0,BID
1444262667,1575.0,0.05,BID
1444262670,1575.0,0.02,BID
1444262670,1575.0,0.01,BID
1444262672,1575.0,1.0,BID
1444262674,1575.0,1.0,BID
1444262676,1575.0,0.01,BID
1444262677,1574.99,3.0,BID
1444262677,1574.99,11.626,BID
1444262679,1575.0,1.0,BID
1444262681,1575.0,1.0,BID
1444262682,1575.0,0.01,BID
1444262683,1575.0,0.0011,BID
1444262686,1575.0,1.0,BID
1444262689,1575.0,0.028,BID
1444262693,1575.0,1.0,BID
1444262697,1575.0,0.74,BID
1444262697,1575.0,0.74,BID
1444262697,1575.0,1.0,BID
1444262697,1575.0,0.41,BID
1444262700,1575.0,1.0,BID
1444262700,1575.0,0.5,BID
1444262702,1575.0,0.1,BID
1444262702,1575.0,0.01,BID
1444262703,1575.0,1.0,BID
1444262704,1575.0,0.01,BID
1444262704,1575.0,1.0,BID
1444262705,1575.0,0.5,BID
1444262705,1575.0,0.028,BID
1444262705,1575.0,0.857,BID
1444262706,1575.0,0.2,BID
1444262707,1575.0,0.01,BID
1444262707,1575.0,1.0,BID
1444262708,1575.0,0.5,BID
1444262710,1575.0,0.116,BID
1444262710,1575.0,0.01,BID
1444262710,1575.0,1.0,BID
1444262711,1575.0,0.028,BID
1444262712,1575.0,1.0,BID
1444262712,1575.0,0.5,BID
1444262715,1575.0,0.5,BID
1444262717,1575.0,1.0,BID
1444262718,1575.0,0.17,BID
1444262721,1575.0,0.087,BID
1444262727,1575.0,1.0,BID
1444262727,1575.0,0.571,BID
1444262728,1575.0,0.9142,BID
1444262728,1575.1,0.06,BID
1444262728,1575.63,0.001,BID
1444262728,1575.93,0.0248,BID
1444262730,1575.93,0.0772,BID
1444262730,1575.98,0.1,BID
1444262730,1576.0,0.3,BID
1444262733,1576.09,0.006,ASK
1444262736,1576.21,0.01,BID
1444262737,1576.21,0.01,BID
1444262742,1576.47,0.01,ASK
1444262748,1576.49,0.01,ASK
1444262754,1576.37,0.01,BID
1444262756,1576.5,0.05,ASK
1444262760,1576.09,0.0013,BID
1444262779,1576.08,0.01,BID
1444262789,1575.79,0.0012,ASK
1444262816,1576.1,0.001,ASK
1444262817,1576.77,0.001,BID
1444262838,1576.11,0.001,ASK
1444262839,1576.75,0.001,BID
1444262839,1576.12,0.0131,ASK
1444262839,1576.11,0.2629,ASK
1444262839,1576.1,0.0647,ASK
1444262839,1576.09,0.1043,ASK
1444262840,1576.09,0.012,ASK
1444262840,1576.08,0.0131,BID
1444262854,1576.05,0.01,BID
1444262863,1576.04,0.01,BID
1444262863,1575.65,0.001,ASK
1444262863,1576.04,0.002,BID
1444262875,1576.04,0.05,BID
1444262875,1576.05,0.173,BID
1444262875,1576.06,0.0112,BID
1444262875,1576.07,0.2874,BID
1444262875,1576.77,0.0647,BID
1444262875,1576.93,0.016,BID
1444262875,1576.94,0.1163,BID
1444262875,1576.94,0.083,BID
1444262878,1576.09,0.0559,ASK
1444262879,1576.1,12.0,ASK
1444262879,1576.1,1.565,ASK
1444262889,1576.1,0.0011,ASK
1444262906,1576.18,0.4,ASK
1444262908,1576.91,8.0,ASK
1444262908,1576.91,0.988,ASK
1444262908,1576.91,0.0156,BID
1444262908,1576.92,0.0844,BID
1444262912,1576.2,0.01,ASK
1444262913,1576.9,1.0,ASK
1444262913,1576.9,3.975,ASK
1444262913,1576.91,0.001,BID
1444262917,1576.2,0.05,ASK
1444262917,1576.19,0.0066,ASK
1444262934,1576.18,0.025,ASK
1444262934,1576.17,0.0191,ASK
1444262934,1576.17,0.0565,ASK
1444262934,1576.17,0.29,ASK
1444262936,1576.17,0.1535,ASK
1444262936,1576.16,0.1465,ASK
1444262937,1576.17,0.0191,ASK
1444262937,1576.16,0.1344,ASK
1444262938,1576.16,0.01,ASK
1444262938,1576.18,0.0011,BID
1444262938,1576.19,0.0045,BID
1444262945,1576.18,0.0219,BID
1444262945,1576.19,0.1081,BID
1444262958,1576.18,0.0114,BID
1444262958,1576.19,0.0786,BID
1444262963,1576.16,0.0044,ASK
1444262963,1576.18,0.003,BID
1444262971,1576.18,0.0096,BID
1444262971,1576.19,0.2522,BID
1444262974,1576.51,0.0557,ASK
1444262974,1576.51,0.5269,ASK
1444262974,1576.5,2.4174,ASK
1444262974,1576.5,0.8,ASK
1444262976,1576.5,0.582,ASK
1444262979,1576.5,3.0,ASK
1444262981,1576.51,0.5,ASK
1444262982,1576.51,0.879,ASK
1444262982,1576.51,0.0305,ASK
1444262982,1576.5,0.4695,ASK
1444262985,1576.5,0.0021,ASK
1444262990,1576.5,0.1472,ASK
1444262993,1576.18,0.001,ASK
1444262993,1576.16,0.0861,ASK
1444262993,1576.13,0.0156,ASK
1444262993,1576.12,0.3126,ASK
1444262995,1576.11,0.0156,BID
1444263012,1576.08,0.06,BID
1444263012,1576.09,0.139,BID
1444263015,1576.09,0.0186,BID
1444263016,1576.09,0.1157,BID
1444263016,1576.1,0.1002,BID
1444263016,1576.11,0.0171,BID
1444263024,1576.11,0.16,BID
1444263025,1576.11,0.0063,BID
1444263027,1576.18,0.001,BID
1444263035,1576.42,0.1428,BID
1444263035,1576.82,0.0172,BID
1444263044,1576.44,0.0465,ASK
1444263048,1576.44,0.001,ASK
1444263061,1576.72,0.0236,BID
1444263061,1576.73,0.1594,BID
1444263066,1576.73,0.01,ASK
1444263072,1576.73,0.01,ASK
1444263076,1576.73,0.001,ASK
1444263077,1576.74,0.001,BID
1444263078,1576.73,0.01,ASK
1444263082,1576.73,0.069,ASK
1444263098,1576.67,0.0012,BID
1444263105,1576.66,0.3667,BID
1444263105,1576.67,0.0388,BID
1444263105,1576.69,0.061,BID
1444263105,1576.72,0.069,BID
1444263105,1576.73,0.001,BID
1444263105,1576.75,0.015,BID
1444263105,1576.75,0.0114,BID
1444263105,1576.76,0.2454,BID
1444263105,1576.76,0.1917,BID
1444263119,1576.68,0.01,ASK
1444263131,1576.68,0.003,ASK
1444263131,1576.68,0.0068,ASK
1444263132,1576.68,0.0032,ASK
1444263132,1576.67,0.1901,ASK
1444263143,1576.68,0.0811,ASK
1444263156,1576.68,0.0006,ASK
1444263156,1576.67,0.0115,ASK
1444263156,1576.78,0.002,BID
1444263177,1576.67,0.0015,ASK
1444263190,1576.78,0.0797,BID
1444263190,1576.82,0.0133,BID
1444263190,1576.83,0.0557,BID
1444263190,1576.89,0.023,BID
1444263190,1576.9,0.5,BID
1444263190,1576.91,0.0056,BID
1444263190,1576.95,0.0154,BID
1444263190,1576.95,0.0234,BID
1444263190,1576.96,0.2839,BID
1444263193,1576.96,1.095,BID
1444263193,1576.96,0.0001,BID
1444263196,1576.98,0.563,BID
1444263196,1577.0,0.237,BID
1444263197,1577.0,0.063,BID
1444263197,1577.01,0.2083,BID
1444263197,1577.02,0.7287,BID
1444263199,1577.02,0.204,BID
1444263204,1577.02,0.0673,BID
1444263204,1577.03,0.9327,BID
1444263205,1576.96,0.001,ASK
1444263211,1577.03,0.0673,BID
1444263211,1577.09,0.9997,BID
1444263211,1577.09,0.0003,BID
1444263211,1577.21,0.01,BID
1444263212,1577.28,0.0585,ASK
1444263222,1577.29,0.01,ASK
1444263229,1577.41,0.449,BID
1444263229,1577.54,0.369,BID
1444263229,1577.73,0.1,BID
1444263229,1577.74,0.013,BID
1444263234,1577.3,0.001,ASK
1444263259,1577.38,0.0014,ASK
1444263263,1577.74,0.002,ASK
1444263272,1577.39,0.06,ASK
1444263272,1577.38,0.0283,ASK
1444263272,1577.31,0.2829,ASK
1444263285,1577.38,0.002,BID
1444263288,1577.38,0.0046,BID
1444263290,1577.82,4.0,BID
1444263290,1577.82,3.53,BID
1444263307,1577.44,0.002,BID
1444263307,1577.81,0.0027,BID
1444263333,1577.39,0.001,BID
1444263333,1577.81,0.013,BID
1444263357,1577.45,0.0056,ASK
1444263370,1577.8,0.001,ASK
1444263370,1577.62,0.01,ASK
1444263370,1577.44,0.0121,ASK
1444263370,1577.43,0.2426,ASK
1444263370,1577.41,0.026,ASK
1444263370,1577.4,0.52,ASK
1444263370,1577.39,0.1242,ASK
1444263371,1577.38,0.026,BID
1444263371,1577.38,0.0121,BID
1444263376,1577.38,0.0054,BID
1444263378,1577.38,1.0,BID
1444263379,1577.37,0.0485,ASK
1444263380,1577.36,0.0485,ASK
1444263385,1577.37,0.2344,BID
1444263385,1577.38,0.7656,BID
1444263388,1577.38,0.001,BID
1444263392,1577.38,1.0,BID
1444263394,1577.38,0.116,BID
1444263399,1577.38,1.0,BID
1444263405,1577.38,1.0,BID
1444263412,1577.36,0.003,ASK
1444263413,1577.38,0.001,BID
1444263413,1577.38,1.0,BID
1444263422,1577.37,1.3334,ASK
1444263423,1577.37,0.078,ASK
1444263423,1577.37,0.65,ASK
1444263423,1577.37,0.01,ASK
1444263424,1577.37,0.25,ASK
1444263424,1577.37,0.376,ASK
1444263424,1577.37,0.65,ASK
1444263425,1577.37,0.65,ASK
1444263426,1577.37,0.65,ASK
1444263427,1577.37,0.65,ASK
1444263428,1577.37,0.65,ASK
1444263429,1577.37,0.65,ASK
1444263431,1577.37,0.65,ASK
1444263432,1577.37,0.65,ASK
1444263433,1577.37,0.65,ASK
1444263434,1577.37,0.0013,ASK
1444263434,1577.37,0.65,ASK
1444263434,1577.38,0.0047,BID
1444263435,1577.37,1.149,ASK
1444263435,1577.37,0.65,ASK
1444263436,1577.38,0.5,BID
1444263436,1577.37,0.65,ASK
1444263437,1577.38,0.634,BID
1444263438,1577.38,0.634,BID
1444263439,1577.38,0.5,BID
1444263439,1577.37,1.091,ASK
1444263439,1577.38,0.634,BID
1444263440,1577.38,0.634,BID
1444263441,1577.37,0.02,ASK
1444263441,1577.37,0.4,ASK
1444263441,1577.38,0.634,BID
1444263442,1577.37,0.65,ASK
1444263444,1577.37,0.65,ASK
1444263444,1577.36,0.0272,ASK
1444263445,1577.2,0.0138,BID
1444263445,1577.38,0.2297,BID
1444263446,1577.36,0.634,BID
1444263447,1577.36,0.016,BID
1444263447,1577.38,2.8084,BID
1444263447,1577.57,0.06,BID
1444263447,1577.8,0.0054,BID
1444263447,1577.82,0.0485,BID
1444263447,1577.83,0.0787,BID
1444263447,1577.85,0.0407,BID
1444263447,1577.95,0.002,BID
1444263447,1577.95,0.002,BID
1444263447,1577.98,0.005,BID
1444263447,1577.99,0.015,BID
1444263447,1578.0,0.3,BID
1444263447,1578.01,0.1,BID
1444263447,1578.12,0.205,BID
1444263447,1578.2,0.107,BID
1444263447,1578.45,0.003,BID
1444263447,1578.88,0.1,BID
1444263447,1579.0,0.3,BID
1444263447,1579.0,0.1,BID
1444263447,1579.25,0.0705,BID
1444263447,1579.26,0.5171,BID
1444263455,1577.82,0.0186,ASK
1444263455,1577.83,0.3,BID
1444263456,1577.82,0.1014,ASK
1444263467,1577.39,0.06,ASK
1444263467,1577.39,0.05,ASK
1444263467,1577.39,0.06,ASK
1444263468,1577.39,0.005,ASK
1444263472,1577.38,0.001,ASK
1444263472,1577.02,0.0619,ASK
1444263472,1577.01,0.0151,ASK
1444263472,1577.0,0.002,ASK
1444263472,1577.0,0.3,ASK
1444263479,1576.98,0.02,ASK
1444263479,1576.97,0.081,ASK
1444263480,1576.97,0.01,ASK
1444263486,1577.38,0.0012,BID
1444263486,1577.53,0.0035,BID
1444263487,1577.52,0.0056,BID
1444263487,1577.53,0.0229,BID
1444263492,1576.97,0.059,ASK
1444263495,1576.98,0.0189,ASK
1444263495,1576.97,0.3811,ASK
1444263495,1576.97,0.0774,ASK
1444263495,1576.96,0.1199,ASK
1444263495,1576.95,0.0837,BID
1444263495,1577.51,0.0128,BID
1444263495,1577.51,0.0131,BID
1444263495,1577.51,0.059,BID
1444263495,1577.52,0.0139,BID
1444263497,1577.51,7.945,BID
1444263505,1576.91,0.01,ASK
1444263510,1576.92,0.0259,ASK
1444263510,1576.89,0.023,ASK
1444263511,1576.88,0.0011,BID
1444263511,1576.96,0.001,BID
1444263511,1577.51,0.0035,BID
1444263516,1576.78,0.002,ASK
1444263516,1576.73,0.0689,ASK
1444263516,1576.72,0.0301,ASK
1444263533,1576.77,0.001,BID
1444263533,1577.5,0.0028,BID
1444263559,1577.45,0.001,BID
1444263579,1577.42,0.001,BID
1444263604,1577.39,0.001,BID
1444263625,1577.36,0.0178,BID
1444263625,1577.36,0.04,BID
1444263625,1577.36,0.008,BID
1444263625,1577.36,0.5,BID
1444263625,1577.37,0.355,BID
1444263625,1577.38,0.0298,BID
1444263625,1577.39,0.4599,BID
1444263625,1577.4,0.0566,BID
1444263627,1577.4,0.143,ASK
1444263628,1577.4,0.6,ASK
1444263629,1577.4,0.65,ASK
1444263629,1577.44,3.0,ASK
1444263629,1577.44,3.513,ASK
1444263630,1577.4,0.65,ASK
1444263631,1577.4,0.01,ASK
1444263631,1577.4,0.65,ASK
1444263632,1577.4,0.65,ASK
1444263632,1577.4,0.53,ASK
1444263633,1577.4,0.65,ASK
1444263634,1577.4,0.65,ASK
1444263642,1577.4,0.01,ASK
1444263656,1577.4,0.002,ASK
1444263657,1577.45,0.0065,BID
1444263657,1577.4,0.158,ASK
1444263658,1577.4,0.65,ASK
1444263659,1577.4,3.449,ASK
1444263659,1577.4,0.65,ASK
1444263660,1577.4,0.1817,ASK
1444263661,1577.4,0.65,ASK
1444263662,1577.4,0.65,ASK
1444263663,1577.4,0.65,ASK
1444263664,1577.4,0.65,ASK
1444263665,1577.4,0.65,ASK
1444263669,1577.4,8.1722,ASK
1444263670,1577.39,65.81,ASK
1444263678,1577.38,0.001,BID
1444263693,1577.32,0.0484,ASK
1444263693,1577.26,0.0516,ASK
1444263704,1577.26,0.1,ASK
1444263705,1577.26,0.0531,ASK
1444263706,1577.25,0.0017,BID
1444263707,1577.24,10.001,BID
1444263713,1577.25,0.0983,BID
1444263713,1577.25,0.1531,BID
1444263713,1577.31,0.0484,BID
1444263713,1577.31,0.001,BID
1444263713,1577.37,0.0116,BID
1444263713,1577.38,0.2037,BID
1444263713,1577.38,0.0134,BID
1444263713,1577.39,0.4705,BID
1444263714,1576.78,0.0209,ASK
1444263714,1576.76,0.0285,ASK
1444263714,1576.76,0.0506,BID
1444263714,1577.24,0.0301,BID
1444263735,1577.34,0.001,ASK
1444263739,1577.38,0.025,BID
1444263739,1577.39,0.075,BID
1444263740,1577.39,0.025,BID
1444263741,1577.38,10.0,BID
1444263741,1577.38,4.097,BID
1444263755,1577.39,0.0795,BID
1444263755,1577.39,0.3995,BID
1444263755,1577.39,0.0005,BID
1444263755,1577.45,0.0144,BID
1444263755,1577.47,0.0285,BID
1444263768,1577.81,0.167,BID
1444263791,1577.53,0.0017,ASK
1444263791,1577.8,0.001,BID
1444263805,1577.55,0.1418,ASK
1444263805,1577.54,0.06,ASK
1444263810,1577.53,0.399,BID
1444263811,1577.53,0.0052,BID
1444263811,1577.54,0.1418,BID
1444263813,1577.55,3.0,BID
1444263813,1577.55,5.399,BID
1444263816,1577.55,0.0047,ASK
1444263816,1577.77,0.0054,BID
1444263836,1577.55,0.0082,ASK
1444263836,1577.54,0.0018,ASK
1444263837,1577.54,0.001,ASK
1444263837,1577.72,0.001,BID
1444263838,1577.74,4.395,ASK
1444263842,1577.55,0.01,ASK
1444263843,1577.55,0.0028,ASK
1444263843,1577.54,0.2544,ASK
1444263843,1577.51,0.0791,ASK
1444263843,1577.51,0.014,ASK
1444263843,1577.5,0.2554,ASK
1444263843,1577.5,0.0241,ASK
1444263843,1577.49,0.4822,ASK
1444263843,1577.48,1.3785,ASK
1444263843,1577.47,0.0806,ASK
1444263843,1577.4,0.4795,ASK
1444263843,1577.4,0.479,ASK
1444263856,1577.74,0.06,BID
1444263856,1577.74,0.0637,BID
1444263856,1577.75,0.06,BID
1444263856,1577.79,0.0119,BID
1444263856,1577.8,0.0183,BID
1444263859,1577.54,0.001,BID
1444263893,1577.78,0.001,ASK
1444263895,1577.78,0.458,BID
1444263895,1577.79,0.0118,BID
1444263895,1577.8,0.2361,BID
1444263895,1577.82,0.116,BID
1444263895,1577.83,0.0361,BID
1444263896,1577.77,0.0229,BID
1444263896,1577.82,18.752,ASK
1444263909,1577.79,0.001,ASK
1444263913,1577.79,0.0719,ASK
1444263914,1577.79,0.3622,ASK
1444263914,1577.78,0.001,ASK
1444263915,1577.67,0.01,BID
1444263917,1577.63,14.109,BID
1444263917,1577.78,0.0709,BID
1444263917,1577.78,0.4341,BID
1444263917,1577.82,0.0172,BID
1444263917,1577.83,0.4778,BID
1444263924,1577.83,0.4,BID
1444263925,1577.83,0.0861,BID
1444263930,1577.84,0.001,ASK
1444263938,1577.85,0.5261,ASK
1444263938,1577.84,0.399,ASK
1444263938,1577.84,0.4861,ASK
1444263941,1577.83,0.65,BID
1444263941,1577.84,1.1688,BID
1444263941,1578.0,0.3,BID
1444263941,1578.1,0.002,BID
1444263941,1578.51,0.333,BID
1444263941,1578.52,0.126,BID
1444263941,1578.55,0.613,BID
1444263941,1578.59,1.3785,BID
1444263941,1578.68,0.497,BID
1444263945,1578.01,0.3,ASK
1444263956,1578.04,0.0065,ASK
1444263956,1578.04,0.01,ASK
1444263958,1578.04,0.0435,ASK
1444263958,1578.04,0.1145,ASK
1444263959,1578.04,0.3027,ASK
1444263959,1578.03,0.1244,ASK
1444263969,1578.02,0.134,BID
1444263969,1578.02,0.3928,BID
1444263969,1578.03,0.0336,BID
1444263969,1578.03,0.0036,BID
1444263969,1578.03,0.314,BID
1444263969,1578.03,0.116,BID
1444263970,1578.03,0.0271,BID
1444263976,1578.2,0.06,BID
1444263976,1578.29,0.041,BID
1444263978,1578.15,7.0,BID
1444263978,1578.15,4.0,BID
1444263978,1578.15,4.695,BID
1444263978,1578.29,0.0834,BID
1444263979,1578.39,0.001,ASK
1444263980,1578.39,0.0612,ASK
1444263989,1578.28,0.1857,BID
1444263990,1578.28,0.0394,BID
1444264010,1578.38,0.001,ASK
1444264029,1578.68,0.1509,BID
1444264039,1578.41,0.0038,ASK
1444264039,1578.68,0.001,BID
1444264041,1578.67,8.0,BID
1444264041,1578.67,1.536,BID
1444264064,1578.44,0.0056,ASK
1444264064,1578.65,0.001,BID
1444264065,1578.64,6.0,BID
1444264065,1578.64,1.975,BID
1444264089,1578.44,0.001,BID
1444264110,1578.48,0.002,ASK
1444264114,1578.64,0.001,ASK
1444264133,1578.49,0.001,BID
1444264133,1578.64,0.0052,BID
1444264135,1578.48,0.001,BID
1444264140,1578.64,0.14,ASK
1444264142,1578.64,0.65,ASK
1444264142,1578.64,0.14,ASK
1444264143,1578.64,0.65,ASK
1444264144,1578.65,0.0261,BID
1444264144,1578.65,0.65,ASK
1444264146,1578.66,0.0261,ASK
1444264146,1578.65,0.3239,ASK
1444264147,1578.65,0.3785,ASK
1444264147,1578.65,0.2715,ASK
1444264150,1578.65,0.01,ASK
1444264150,1578.65,0.012,ASK
1444264150,1578.65,0.02,ASK
1444264153,1578.65,0.01,ASK
1444264154,1578.65,0.0047,ASK
1444264157,1578.65,0.05,ASK
1444264160,1578.65,0.01,ASK
1444264163,1578.65,0.089,ASK
1444264164,1578.65,0.0228,ASK
1444264164,1578.65,0.1753,ASK
1444264164,1578.64,0.089,ASK
1444264164,1578.64,0.043,ASK
1444264170,1578.65,0.0214,ASK
1444264170,1578.64,0.1136,ASK
1444264171,1578.64,0.65,ASK
1444264171,1578.64,1.497,ASK
1444264173,1578.64,3.467,ASK
1444264174,1578.64,0.65,ASK
1444264175,1578.64,0.1443,ASK
1444264204,1578.63,0.5057,BID
1444264204,1578.63,0.0943,BID
1444264204,1578.63,0.4,BID
1444264205,1578.5,0.0054,BID
1444264205,1578.63,0.1557,BID
1444264205,1578.64,0.1,BID
1444264229,1578.64,0.0095,ASK
1444264229,1578.64,0.001,ASK
1444264239,1578.64,0.01,ASK
1444264247,1578.64,0.01,ASK
1444264250,1578.64,0.001,ASK
1444264251,1578.64,0.3409,ASK
1444264271,1578.49,0.0031,BID
1444264273,1578.6,0.2191,BID
1444264273,1578.69,0.0157,BID
1444264273,1578.7,0.3132,BID
1444264273,1578.76,0.005,BID
1444264273,1578.98,0.01,BID
1444264273,1578.99,0.2003,BID
1444264273,1578.99,0.015,BID
1444264273,1579.0,0.3,BID
1444264273,1579.23,0.003,BID
1444264273,1579.29,0.947,BID
1444264295,1578.62,0.001,ASK
1444264299,1578.64,0.01,ASK
1444264307,1578.64,0.01,ASK
1444264316,1578.62,0.001,ASK
1444264322,1578.63,0.1072,ASK
1444264322,1578.62,0.049,ASK
1444264322,1578.61,0.0538,ASK
1444264333,1578.72,0.1,BID
1444264334,1578.71,0.001,BID
1444264334,1578.72,0.0591,BID
1444264337,1578.74,0.0099,ASK
1444264342,1578.73,0.001,ASK
1444264343,1578.73,0.1581,ASK
1444264359,1578.69,0.1519,BID
1444264362,1578.69,0.0025,ASK
1444264385,1578.69,0.02,ASK
1444264386,1578.69,0.001,ASK
1444264387,1578.69,0.01,ASK
1444264406,1578.7,0.014,ASK
1444264426,1578.7,0.0047,ASK
1444264430,1578.79,0.1848,BID
1444264431,1578.9,0.01,BID
1444264432,1578.9,0.017,BID
1444264432,1578.9,0.017,BID
1444264441,1579.18,0.0276,BID
1444264441,1579.19,0.4314,BID
1444264443,1579.19,0.0001,BID
1444264444,1579.21,0.0071,ASK
1444264452,1579.21,0.0061,ASK
1444264453,1579.27,0.05,BID
1444264453,1579.28,0.7608,BID
1444264481,1579.07,0.03,ASK
1444264487,1579.16,0.0105,BID
1444264487,1579.17,0.211,BID
1444264487,1579.21,0.0058,BID
1444264487,1579.27,0.012,BID
1444264487,1579.28,0.2392,BID
1444264487,1579.34,0.456,BID
1444264487,1579.4,0.178,BID
1444264487,1579.67,0.1968,BID
1444264488,1579.51,3.0,BID
1444264488,1579.51,5.0,BID
1444264488,1579.51,11.073,BID
1444264503,1579.18,0.001,BID
1444264503,1579.2,0.143,BID
1444264504,1579.22,0.06,ASK
1444264505,1579.22,0.246,ASK
1444264519,1579.18,0.1635,ASK
1444264520,1579.19,0.0248,ASK
1444264520,1579.18,0.6413,ASK
1444264521,1579.18,0.65,ASK
1444264521,1579.18,0.1776,ASK
1444264522,1579.18,0.251,ASK
1444264522,1579.18,0.01,ASK
1444264523,1579.18,0.21,ASK
1444264523,1579.19,0.01,BID
1444264524,1579.19,0.1418,ASK
1444264524,1579.19,0.3482,ASK
1444264524,1579.18,0.3018,ASK
1444264525,1579.18,0.65,ASK
1444264528,1579.18,0.0904,ASK
1444264529,1579.18,0.65,ASK
1444264530,1579.19,0.01,ASK
1444264530,1579.19,0.65,ASK
1444264535,1579.19,0.22,ASK
1444264536,1579.19,0.4986,ASK
1444264536,1579.18,0.1514,ASK
1444264537,1579.18,0.01,ASK
1444264537,1579.18,0.65,ASK
1444264538,1579.18,0.65,ASK
1444264539,1579.2,0.008,BID
1444264539,1579.18,0.65,ASK
1444264540,1579.18,0.65,ASK
1444264542,1579.18,0.03,ASK
1444264543,1579.2,0.008,BID
1444264543,1579.18,0.306,ASK
1444264545,1579.18,0.01,ASK
1444264547,1579.18,0.6,ASK
1444264548,1579.18,0.34,ASK
1444264552,1579.18,0.01,ASK
1444264553,1579.18,0.002,ASK
1444264553,1579.2,0.0058,BID
1444264563,1579.18,0.4,ASK
1444264563,1579.18,0.069,ASK
1444264563,1579.18,0.438,ASK
1444264563,1579.18,0.0218,ASK
1444264569,1579.18,2.344,ASK
1444264573,1579.2,0.0382,BID
1444264574,1579.2,0.01,ASK
1444264574,1579.2,0.972,ASK
1444264574,1579.2,0.002,ASK
1444264579,1579.21,0.5264,ASK
1444264579,1579.2,0.1839,ASK
1444264579,1579.19,0.0486,ASK
1444264579,1579.18,0.1611,ASK
1444264584,1579.19,0.0273,ASK
1444264584,1579.19,0.01,ASK
1444264584,1579.18,0.2077,ASK
1444264592,1579.21,0.489,BID
1444264593,1579.19,0.0114,ASK
1444264593,1579.18,0.3886,ASK
1444264593,1579.22,0.02,ASK
1444264594,1579.22,0.438,ASK
1444264595,1579.22,0.031,ASK
1444264595,1579.18,0.2148,ASK
1444264597,1579.12,0.2232,BID
1444264597,1579.21,0.0027,BID
1444264597,1579.21,0.008,BID
1444264598,1579.21,0.36,ASK
1444264600,1579.21,0.485,ASK
1444264615,1579.22,0.001,ASK
1444264616,1579.23,0.01,ASK
1444264636,1579.24,0.0069,ASK
1444264637,1579.64,0.5264,BID
1444264637,1579.64,0.0484,BID
1444264637,1579.65,0.5,BID
1444264637,1579.65,0.9422,BID
1444264637,1579.25,0.0382,ASK
1444264638,1579.25,0.0218,ASK
1444264638,1579.24,0.1784,ASK
1444264638,1579.23,0.3031,ASK
1444264638,1579.21,0.4977,ASK
1444264639,1579.21,0.041,ASK
1444264643,1579.23,0.0152,ASK
1444264643,1579.23,0.0128,ASK
1444264643,1579.22,0.0204,ASK
1444264643,1579.21,1.3632,ASK
1444264643,1579.2,0.4432,ASK
1444264648,1579.11,0.0732,BID
1444264649,1579.22,0.0428,ASK
1444264650,1579.18,0.0172,BID
1444264653,1579.12,0.01,ASK
1444264655,1579.12,0.01,ASK
1444264658,1579.12,0.0266,ASK
1444264660,1579.12,0.0266,ASK
1444264660,1578.98,0.0194,ASK
1444264661,1579.13,0.0266,ASK
1444264661,1579.13,0.01,ASK
1444264662,1579.21,0.02,BID
1444264662,1579.24,0.001,BID
1444264665,1579.25,0.212,ASK
1444264666,1579.25,0.0002,ASK
1444264668,1578.98,0.01,ASK
1444264681,1579.13,0.001,BID
1444264687,1579.19,0.115,BID
1444264687,1579.21,0.04,BID
1444264687,1579.22,0.025,BID
1444264687,1579.23,0.4931,BID
1444264687,1579.23,0.0106,BID
1444264687,1579.24,0.1363,BID
1444264689,1579.23,0.0172,ASK
1444264701,1579.23,0.0078,ASK
1444264701,1578.98,0.0022,ASK
1444264703,1578.99,0.0509,BID
1444264721,1579.21,0.0069,ASK
1444264721,1579.04,0.0091,ASK
1444264721,1578.98,0.084,ASK
1444264764,1579.02,0.0013,ASK
1444264771,1579.05,0.01,ASK
1444264784,1579.04,0.001,ASK
1444264796,1579.04,0.09,ASK
1444264798,1579.04,0.0338,ASK
1444264800,1579.02,0.01,ASK
1444264807,1579.02,0.01,ASK
1444264835,1579.02,0.001,ASK
1444264838,1579.03,0.09,BID
1444264838,1579.03,0.1238,BID
1444264845,1579.02,0.02,ASK
1444264846,1579.02,0.01,ASK
1444264848,1579.02,0.01,ASK
1444264856,1579.02,0.01,ASK
1444264865,1579.02,0.01,ASK
1444264873,1579.02,0.01,ASK
1444264876,1579.03,0.0282,BID
1444264876,1579.22,0.06,BID
1444264876,1579.24,0.0757,BID
1444264876,1579.32,0.027,BID
1444264876,1579.33,0.4364,BID
1444264876,1579.55,0.005,BID
1444264878,1579.02,0.01,ASK
1444264880,1579.03,0.01,ASK
1444264891,1579.04,0.01,ASK
1444264893,1579.05,0.01,ASK
1444264896,1579.05,0.01,ASK
1444264898,1579.05,0.01,ASK
1444264915,1579.22,0.0012,ASK
1444264920,1579.24,0.01,ASK
1444264921,1579.25,2.0,ASK
1444264921,1579.25,2.0,ASK
1444264921,1579.25,0.477,ASK
1444264923,1579.24,0.1029,ASK
1444264923,1579.23,0.03,ASK
1444264923,1579.22,0.4488,ASK
1444264923,1579.04,0.0194,ASK
1444264923,1579.03,0.0007,ASK
1444264923,1579.02,0.2042,ASK
1444264923,1579.0,0.194,ASK
1444264927,1579.04,0.01,ASK
1444264930,1579.04,0.01,ASK
1444264934,1579.04,0.01,ASK
1444264934,1579.04,0.01,ASK
1444264939,1579.21,0.0169,BID
1444264939,1579.22,0.2773,BID
1444264939,1579.23,0.1008,BID
1444264939,1579.24,0.06,BID
1444264939,1579.42,0.1104,BID
1444264939,1579.43,0.068,BID
1444264966,1579.04,0.01,ASK
1444264966,1579.04,0.0068,ASK
1444264974,1579.06,0.01,ASK
1444264981,1579.07,0.01,ASK
1444264987,1579.07,0.0097,ASK
1444264987,1579.2,0.0027,BID
1444264989,1579.07,0.01,ASK
1444264992,1579.07,0.0182,ASK
1444264992,1579.06,0.0005,ASK
1444264992,1579.06,0.01,ASK
1444264992,1579.05,0.2104,ASK
1444264992,1579.04,0.1432,ASK
1444264992,1579.0,0.0515,ASK
1444264992,1578.99,0.0275,ASK
1444264992,1578.98,0.0244,ASK
1444264992,1578.93,0.0223,ASK
1444264996,1579.19,0.01,BID
1444264997,1579.19,0.0479,BID
1444264997,1579.2,0.1801,BID
1444265005,1579.06,0.23,ASK
1444265008,1579.07,0.0013,ASK
1444265008,1579.07,0.01,ASK
1444265009,1579.19,0.001,BID
1444265010,1579.07,0.01,ASK
1444265030,1579.08,0.0031,ASK
1444265037,1579.09,0.01,ASK
1444265039,1579.09,0.01,ASK
1444265040,1579.09,0.001,ASK
1444265043,1579.08,0.01,ASK
1444265051,1579.08,0.002,BID
1444265061,1579.08,0.0016,BID
1444265065,1579.09,0.0084,ASK
1444265065,1579.07,0.0016,ASK
1444265067,1579.17,0.0226,BID
1444265067,1579.17,0.021,BID
1444265070,1579.08,0.01,ASK
1444265076,1579.08,0.0016,ASK
1444265076,1579.07,0.0084,ASK
1444265079,1579.08,0.0062,ASK
1444265085,1579.08,0.01,ASK
1444265087,1579.08,0.091,ASK
1444265100,1579.07,0.01,ASK
1444265106,1579.08,0.45,BID
1444265108,1579.07,0.001,ASK
1444265108,1579.08,2.5513,BID
1444265108,1579.15,0.002,BID
1444265111,1579.15,0.0173,BID
1444265111,1579.16,0.4318,BID
1444265111,1579.17,0.0116,BID
1444265111,1579.18,0.01,BID
1444265111,1579.19,0.2866,BID
1444265111,1579.2,0.0276,BID
1444265111,1579.48,0.1129,BID
1444265111,1579.51,0.023,BID
1444265111,1579.52,2.1,BID
1444265111,1579.61,1.0,BID
1444265111,1579.61,0.488,BID
1444265111,1579.79,0.1,BID
1444265111,1579.83,0.144,BID
1444265111,1579.97,0.3032,BID
1444265111,1579.98,1.064,BID
1444265113,1579.72,11.0,BID
1444265113,1579.72,10.0,BID
1444265113,1579.72,14.439,BID
1444265114,1579.18,0.01,ASK
1444265116,1579.74,0.01,ASK
1444265117,1579.74,0.09,ASK
1444265127,1579.24,0.01,ASK
1444265128,1579.24,0.01,ASK
1444265133,1579.26,0.001,ASK
1444265178,1579.72,0.01,BID
1444265181,1579.23,0.001,ASK
1444265192,1579.26,0.01,ASK
1444265192,1579.26,0.01,ASK
1444265193,1579.26,0.0093,ASK
1444265193,1579.25,0.0007,ASK
1444265194,1579.27,0.01,ASK
1444265196,1579.27,0.01,ASK
1444265197,1579.28,0.01,ASK
1444265198,1579.28,0.01,ASK
1444265199,1579.28,0.0058,ASK
1444265199,1579.28,0.0042,BID
1444265201,1579.46,0.01,ASK
1444265201,1579.46,0.0558,ASK
1444265202,1579.29,0.001,ASK
1444265202,1579.36,0.01,BID
1444265202,1579.36,0.0279,BID
1444265204,1579.29,0.01,ASK
1444265205,1579.29,0.01,ASK
1444265207,1579.29,0.01,ASK
1444265208,1579.29,0.01,ASK
1444265210,1579.28,0.01,ASK
1444265212,1579.36,0.01,BID
1444265215,1579.28,0.0022,ASK
1444265215,1579.28,0.0078,ASK
1444265226,1579.28,0.0019,ASK
1444265242,1579.28,0.0003,ASK
1444265242,1579.27,0.0097,ASK
1444265245,1579.27,0.0275,ASK
1444265248,1579.27,0.01,ASK
1444265250,1579.27,0.002,ASK
1444265256,1579.27,0.07,ASK
1444265262,1579.28,0.01,ASK
1444265264,1579.28,0.01,ASK
1444265270,1579.29,0.002,ASK
1444265273,1579.29,0.01,ASK
1444265275,1579.3,5.0,ASK
1444265275,1579.3,2.0,ASK
1444265275,1579.3,11.957,ASK
1444265287,1579.29,0.008,ASK
1444265287,1579.28,0.002,ASK
1444265292,1579.3,0.001,ASK
1444265292,1579.3,0.0024,ASK
1444265292,1579.3,0.0176,ASK
1444265317,1579.29,0.0027,ASK
1444265338,1579.29,0.01,ASK
1444265342,1579.46,0.0058,ASK
1444265347,1579.46,0.01,ASK
1444265362,1579.47,0.001,ASK
1444265383,1579.48,0.0069,ASK
1444265384,1579.48,0.01,ASK
1444265398,1579.49,0.01,ASK
1444265420,1579.49,0.01,ASK
1444265446,1579.49,0.01,ASK
1444265450,1579.5,0.01,ASK
1444265452,1579.65,0.01,BID
1444265453,1579.5,0.01,ASK
1444265464,1579.5,0.1,ASK
1444265477,1579.5,0.1,ASK
1444265488,1579.51,0.01,ASK
1444265488,1579.51,0.1,ASK
1444265494,1579.51,0.01,ASK
1444265497,1579.51,0.1,ASK
1444265499,1579.51,0.01,ASK
1444265502,1579.51,0.01,ASK
1444265511,1579.51,0.01,ASK
1444265516,1579.55,0.01,ASK
1444265526,1579.55,0.01,ASK
1444265537,1579.52,0.02,ASK
1444265547,1579.53,0.0819,ASK
1444265547,1579.52,0.0431,ASK
1444265559,1579.55,0.125,ASK
1444265562,1579.62,0.01,BID
1444265568,1579.55,0.01,ASK
1444265570,1579.55,0.025,ASK
1444265570,1579.53,0.0826,ASK
1444265570,1579.52,0.0174,ASK
1444265579,1579.52,0.0785,ASK
1444265579,1579.51,0.0465,ASK
1444265589,1579.5,0.125,ASK
1444265600,1579.5,0.125,ASK
1444265609,1579.5,0.03,ASK
1444265609,1579.49,0.095,ASK
1444265618,1579.6,0.125,ASK
1444265621,1579.6,0.01,ASK
1444265623,1579.6,0.16,ASK
1444265632,1579.61,0.01,BID
1444265632,1579.62,0.0726,BID
1444265632,1579.63,0.0819,BID
1444265632,1579.65,0.001,BID
1444265632,1579.66,0.1312,BID
1444265632,1579.68,0.0034,BID
1444265632,1579.68,0.0125,BID
1444265632,1579.69,0.25,BID
1444265632,1579.69,0.116,BID
1444265632,1579.72,0.0038,BID
1444265632,1579.73,0.01,BID
1444265632,1579.8,0.05,BID
1444265632,1579.8,0.07,BID
1444265632,1579.81,1.0,BID
1444265632,1579.88,0.004,BID
1444265632,1579.98,0.1081,BID
1444265632,1579.99,2.161,BID
1444265632,1579.99,0.0177,BID
1444265632,1580.0,0.3,BID
1444265632,1580.0,5.3899,BID
1444265632,1580.02,0.379,BID
1444265632,1580.09,0.325,BID
1444265632,1580.14,0.12,BID
1444265632,1580.14,0.126,BID
1444265632,1580.15,0.955,BID
1444265632,1580.31,0.137,BID
1444265632,1580.35,0.003,BID
1444265632,1580.4,5.0,BID
1444265632,1580.53,1.0,BID
1444265632,1580.92,13.2228,BID
1444265632,1580.93,6.0361,BID
1444265632,1580.96,0.002,BID
1444265632,1581.0,0.3,BID
1444265632,1581.24,3.724,BID
1444265634,1579.61,0.0102,ASK
1444265634,1579.6,0.1148,ASK
1444265643,1580.0,0.125,ASK
1444265645,1580.01,0.015,ASK
1444265645,1580.01,0.16,ASK
1444265645,1580.01,0.175,ASK
1444265645,1580.01,0.1913,ASK
1444265645,1580.0,0.0087,ASK
1444265646,1580.0,0.01,ASK
1444265646,1580.0,0.1563,ASK
1444265654,1579.7,0.01,ASK
1444265655,1579.7,0.015,ASK
1444265655,1579.69,0.11,ASK
1444265664,1579.71,0.1845,ASK
1444265664,1579.7,0.001,ASK
1444265665,1579.7,0.059,ASK
1444265665,1579.7,0.066,ASK
1444265670,1579.72,0.01,ASK
1444265674,1579.73,0.0034,ASK
1444265674,1579.68,0.005,ASK
1444265674,1579.66,0.002,ASK
1444265674,1579.64,0.002,ASK
1444265674,1579.62,0.002,ASK
1444265674,1579.61,0.0461,ASK
1444265674,1579.6,0.0645,ASK
1444265681,1579.72,0.001,ASK
1444265682,1579.6,0.0257,ASK
1444265682,1579.55,0.0993,ASK
1444265720,1579.65,0.0167,BID
1444265720,1579.65,0.0433,BID
1444265722,1579.65,0.0167,BID
1444265724,1579.64,0.01,BID
1444265735,1579.64,0.116,BID
1444265735,1579.65,0.006,BID
1444265735,1579.65,0.0168,BID
1444265735,1579.66,0.3331,BID
1444265735,1579.66,0.0025,BID
1444265735,1579.67,0.0222,BID
1444265735,1579.68,0.4445,BID
1444265735,1579.75,0.06,BID
1444265735,1579.96,0.0034,BID
1444265735,1579.98,0.1845,BID
1444265742,1579.99,0.01,ASK
1444265745,1580.0,0.06,ASK
1444265745,1579.99,0.94,ASK
1444265745,1579.99,0.4292,ASK
1444265745,1579.98,0.1708,ASK
1444265754,1579.99,0.28,ASK
1444265759,1579.98,1.0,ASK
1444265760,1579.98,0.6,ASK
1444265764,1579.98,1.0,ASK
1444265773,1580.3,0.06,BID
1444265773,1580.33,0.0996,BID
1444265779,1580.0,0.01,ASK
1444265779,1580.01,0.02,ASK
1444265783,1580.01,0.04,ASK
1444265783,1580.0,0.005,ASK
1444265783,1580.0,0.0235,ASK
1444265783,1579.99,0.0115,ASK
1444265784,1580.02,0.0472,ASK
1444265784,1579.99,0.4885,ASK
1444265784,1579.99,0.2706,ASK
1444265784,1579.99,0.1185,ASK
1444265784,1579.98,0.0752,ASK
1444265791,1580.0,0.3035,ASK
1444265791,1579.99,0.0148,ASK
1444265791,1579.99,0.0204,ASK
1444265791,1579.98,0.0633,ASK
1444265796,1579.98,0.01,ASK
1444265815,1579.99,0.01,ASK
1444265819,1579.99,0.106,ASK
1444265819,1579.98,0.894,ASK
1444265820,1579.98,0.0167,ASK
1444265829,1580.0,0.01,ASK
1444265832,1580.0,0.0032,ASK
1444265837,1579.98,0.01,ASK
1444265851,1579.98,1.0,ASK
1444265859,1579.98,0.3001,ASK
1444265859,1579.98,0.6999,ASK
1444265863,1579.98,0.185,ASK
1444265865,1579.98,0.01,ASK
1444265865,1579.98,1.0,ASK
1444265867,1579.98,0.01,ASK
1444265872,1579.98,0.01,ASK
1444265873,1579.98,1.0,ASK
1444265874,1579.98,0.01,ASK
1444265877,1579.98,0.01,ASK
1444265888,1579.98,0.01,ASK
1444265888,1579.98,0.01,ASK
1444265890,1579.98,0.01,ASK
1444265892,1579.98,0.01,ASK
1444265898,1579.98,4.4648,ASK
1444265899,1579.98,2.405,ASK
1444265900,1579.98,0.1654,ASK
1444265938,1579.7,0.01,ASK
1444265944,1579.7,0.01,ASK
1444265949,1579.7,0.01,ASK
1444265969,1579.7,0.47,ASK
1444265969,1579.65,0.116,ASK
1444265969,1579.56,0.0025,ASK
1444265969,1579.55,0.0407,ASK
1444265969,1579.55,10.0129,ASK
1444265969,1579.5,1.0,ASK
1444265969,1579.49,0.2219,ASK
1444265969,1579.48,0.1143,ASK
1444265969,1579.47,0.2526,ASK
1444265969,1579.46,0.0242,ASK
1444265969,1579.2,0.0138,ASK
1444265969,1579.09,13.6523,ASK
1444265969,1579.08,1.2907,ASK
1444265974,1579.51,0.01,BID
1444265988,1579.97,0.1346,BID
1444265988,1579.98,0.06,BID
1444265988,1579.99,0.0118,BID
1444265988,1580.0,0.0436,BID
1444265999,1579.62,0.01,ASK
1444266007,1579.61,0.01,ASK
1444266012,1579.62,0.01,ASK
1444266019,1579.62,0.06,ASK
1444266020,1579.62,0.01,ASK
1444266025,1579.63,0.01,ASK
1444266029,1579.63,0.04,ASK
1444266030,1579.62,0.01,ASK
1444266035,1579.62,0.01,ASK
1444266044,1579.94,0.0033,BID
1444266044,1579.95,0.02,BID
1444266044,1579.96,0.1233,BID
1444266044,1579.96,0.0166,BID
1444266044,1579.97,0.1608,BID
1444266056,1579.72,0.01,ASK
1444266070,1579.73,0.0122,ASK
1444266070,1579.72,0.0161,ASK
1444266074,1579.94,0.01,BID
1444266076,1579.9,0.01,BID
1444266082,1579.73,0.01,ASK
1444266087,1579.73,0.0014,ASK
1444266087,1579.73,0.0086,ASK
1444266092,1579.72,0.01,ASK
1444266097,1579.72,0.01,ASK
1444266101,1579.89,0.0245,BID
1444266101,1579.9,0.49,BID
1444266101,1579.92,0.06,BID
1444266101,1579.94,0.0122,BID
1444266101,1579.95,0.0372,BID
1444266102,1579.72,0.01,ASK
1444266110,1579.89,0.01,ASK
1444266115,1579.89,0.7147,ASK
1444266116,1579.89,0.116,ASK
1444266132,1579.89,0.09,ASK
1444266155,1579.89,0.01,ASK
1444266180,1579.94,0.0103,BID
1444266180,1579.95,0.2068,BID
1444266180,1579.97,0.1704,BID
1444266180,1579.98,0.0118,BID
1444266180,1579.99,0.2364,BID
1444266180,1579.99,0.0627,BID
1444266180,1580.0,0.1932,BID
1444266180,1580.0,1.0,BID
1444266180,1580.06,1.3792,BID
1444266180,1580.26,0.494,BID
1444266180,1580.34,1.0,BID
1444266180,1580.34,1.0,BID
1444266180,1580.34,1.0,BID
1444266180,1580.57,0.002,BID
1444266180,1580.99,0.5,BID
1444266180,1581.0,0.3,BID
1444266180,1581.05,0.9332,BID
1444266180,1579.89,0.01,ASK
1444266185,1579.89,0.01,ASK
1444266185,1579.89,0.01,ASK
1444266209,1580.0,0.01,ASK
1444266216,1580.01,0.01,ASK
1444266217,1581.02,7.0,ASK
1444266217,1581.02,1.0,ASK
1444266217,1581.02,6.231,ASK
1444266229,1580.97,0.5263,BID
1444266229,1580.98,0.0123,BID
1444266229,1581.04,0.01,BID
1444266229,1581.05,12.4514,BID
1444266230,1580.04,0.06,ASK
1444266230,1580.03,0.0123,ASK
1444266230,1580.02,0.0134,ASK
1444266230,1580.01,0.2525,ASK
1444266230,1580.01,0.0145,ASK
1444266230,1580.0,0.0473,ASK
1444266238,1580.02,1.3792,ASK
1444266238,1580.02,0.0308,ASK
1444266238,1580.01,0.0705,ASK
1444266238,1580.0,0.2427,ASK
1444266239,1580.0,0.5266,BID
1444266241,1580.0,0.6329,BID
1444266241,1580.0,0.2,BID
1444266248,1579.9,0.01,ASK
1444266271,1579.9,0.01,ASK
1444266275,1579.9,0.01,ASK
1444266288,1579.98,0.0704,BID
1444266288,1579.99,1.3792,BID
1444266288,1579.99,0.0298,BID
1444266288,1579.99,0.0589,BID
1444266288,1580.0,0.4617,BID
1444266314,1579.92,0.01,ASK
1444266315,1579.92,0.01,ASK
1444266341,1579.99,0.0284,BID
1444266341,1580.0,0.5046,BID
1444266362,1580.0,0.01,BID
1444266364,1580.0,0.01,BID
1444266368,1580.0,2.58,BID
1444266369,1580.0,0.351,BID
1444266380,1580.02,0.01,ASK
1444266397,1580.03,0.002,ASK
1444266399,1580.03,0.01,ASK
1444266401,1580.03,0.01,ASK
1444266402,1580.53,0.06,BID
1444266404,1580.53,0.4,ASK
1444266404,1580.53,0.6,ASK
1444266404,1580.53,1.0,ASK
1444266405,1580.53,0.533,ASK
1444266406,1580.53,1.0,ASK
1444266407,1580.53,0.65,ASK
1444266409,1580.53,1.0,ASK
1444266413,1580.53,1.0,ASK
1444266414,1580.53,0.3339,ASK
1444266417,1580.53,1.0,ASK
1444266418,1580.53,0.4,ASK
1444266419,1580.53,1.0,ASK
1444266420,1580.53,0.022,ASK
1444266420,1580.53,1.0,ASK
1444266423,1580.53,1.0,ASK
1444266423,1580.53,1.0,ASK
1444266425,1580.53,0.5266,ASK
1444266427,1580.53,0.01,ASK
1444266428,1580.53,1.0,ASK
1444266430,1580.53,1.0,ASK
1444266432,1580.53,0.01,ASK
1444266433,1580.53,1.0,ASK
1444266434,1580.53,1.0,ASK
1444266434,1580.53,1.0,ASK
1444266435,1580.53,1.0,ASK
1444266436,1580.53,0.6,ASK
1444266436,1580.53,1.0,ASK
1444266437,1580.53,1.0,ASK
1444266444,1580.53,1.0,ASK
1444266451,1580.53,1.0,ASK
1444266455,1580.53,0.02,ASK
1444266462,1580.53,0.01,ASK
1444266468,1580.53,0.3245,ASK
1444266468,1580.35,0.06,ASK
1444266482,1580.17,0.01,ASK
1444266509,1580.17,0.01,ASK
1444266545,1580.25,0.01,BID
1444266550,1580.37,0.06,BID
1444266554,1580.47,0.01,ASK
1444266568,1580.52,1.0,BID
1444266568,1580.52,0.4,BID
1444266570,1580.55,0.2255,BID
1444266570,1580.57,0.0995,BID
1444266577,1580.57,0.0005,BID
1444266599,1580.6,0.06,ASK
1444266599,1580.59,0.04,ASK
1444266609,1580.97,0.06,BID
1444266609,1580.98,0.0458,BID
1444266609,1580.99,0.2942,BID
1444266623,1580.7,0.01,ASK
1444266632,1580.73,0.02,ASK
1444266637,1580.75,0.01,ASK
1444266651,1580.77,0.01,ASK
1444266659,1580.78,0.1,ASK
1444266667,1580.78,0.2636,ASK
1444266667,1580.77,0.1714,ASK
1444266672,1580.77,0.0004,ASK
1444266673,1580.76,0.0364,ASK
1444266673,1580.75,0.01,ASK
1444266673,1580.73,0.1485,ASK
1444266673,1580.71,0.05,ASK
1444266673,1580.7,0.0001,ASK
1444266674,1580.77,0.01,BID
1444266681,1580.7,0.0099,ASK
1444266681,1580.69,0.0001,ASK
1444266682,1580.69,0.01,ASK
1444266684,1580.7,0.01,ASK
1444266684,1580.69,0.0006,ASK
1444266684,1580.69,0.01,ASK
1444266686,1580.69,0.01,ASK
1444266686,1580.69,0.01,ASK
1444266687,1580.69,0.0106,ASK
1444266687,1580.69,0.01,ASK
1444266690,1580.69,0.0387,ASK
1444266690,1580.69,0.0019,ASK
1444266691,1580.69,0.01,ASK
1444266694,1580.69,0.01,ASK
1444266714,1580.69,0.0606,ASK
1444266716,1580.69,0.01,ASK
1444266722,1580.69,0.0075,ASK
1444266722,1580.59,0.0025,ASK
1444266732,1580.69,0.01,ASK
1444266744,1580.69,0.078,ASK
1444266770,1580.7,23.9923,BID
1444266771,1580.77,0.01,ASK
1444266777,1580.77,0.0096,ASK
1444266779,1580.77,0.01,ASK
1444266784,1580.77,0.01,ASK
1444266784,1580.77,0.3,ASK
1444266805,1580.77,0.01,ASK
1444266856,1580.77,0.01,ASK
1444266869,1580.78,0.1,BID
1444266869,1580.92,0.0364,BID
1444266869,1580.97,0.06,BID
1444266869,1580.99,0.01,BID
1444266869,1581.0,0.3,BID
1444266869,1581.04,0.0215,BID
1444266869,1581.04,0.0705,BID
1444266869,1581.05,0.4758,BID
1444266869,1581.06,5.0,BID
1444266869,1581.16,0.005,BID
1444266869,1581.18,0.002,BID
1444266869,1581.2,0.002,BID
1444266869,1581.22,0.002,BID
1444266869,1581.3,0.16,BID
1444266869,1581.35,0.079,BID
1444266872,1580.78,2.0,BID
1444266872,1580.78,5.574,BID
1444266873,1581.34,11.228,BID
1444266887,1581.31,0.2105,BID
1444266900,1580.89,0.01,ASK
1444266913,1580.91,0.1,BID
1444266947,1580.91,0.0072,ASK
1444266950,1580.91,0.01,ASK
1444266958,1580.91,0.01,ASK
1444266989,1581.05,0.01,ASK
1444266989,1581.05,0.01,ASK
1444266989,1581.05,0.01,ASK
1444266996,1581.15,0.01,BID
1444267011,1581.05,0.01,ASK
1444267013,1581.06,2.0,ASK
1444267013,1581.06,10.493,ASK
1444267019,1581.05,0.01,ASK
1444267021,1581.06,0.0397,ASK
1444267021,1581.01,0.0603,ASK
1444267026,1581.17,0.01,BID
1444267036,1581.05,0.4,BID
1444267037,1581.05,0.1,BID
1444267039,1581.04,0.031,BID
1444267040,1581.04,0.059,BID
1444267040,1581.05,0.031,BID
1444267046,1581.05,0.01,ASK
1444267054,1581.05,0.08,ASK
1444267055,1581.04,0.01,ASK
1444267067,1581.04,0.01,BID
1444267068,1581.01,0.0312,ASK
1444267068,1581.01,0.0188,ASK
1444267080,1581.04,0.01,BID
1444267084,1581.04,0.06,BID
1444267084,1581.04,0.0703,BID
1444267084,1581.04,0.01,BID
1444267084,1581.04,0.04,BID
1444267084,1581.05,0.6627,BID
1444267085,1581.05,0.1403,BID
1444267086,1581.05,0.8,BID
1444267086,1581.01,0.0501,ASK
1444267086,1581.01,0.0263,ASK
1444267086,1581.01,0.13,ASK
1444267086,1581.01,0.01,ASK
1444267086,1581.0,6.7836,ASK
1444267088,1581.01,3.0,BID
1444267088,1581.01,13.95,BID
1444267088,1581.04,0.01,BID
1444267088,1581.05,0.79,BID
1444267089,1581.04,0.0501,BID
1444267089,1581.05,0.5824,BID
1444267090,1581.05,0.4906,BID
1444267092,1581.06,0.1419,ASK
1444267092,1581.01,0.0345,ASK
1444267093,1581.0,0.0345,ASK
1444267095,1581.0,0.01,ASK
1444267099,1581.0,0.74,ASK
1444267100,1581.0,0.4319,ASK
1444267108,1580.99,0.2181,BID
1444267108,1580.99,0.65,BID
1444267110,1581.0,1.525,ASK
1444267112,1581.0,0.923,ASK
1444267113,1581.0,0.01,ASK
1444267113,1581.0,0.1608,ASK
1444267116,1581.0,0.1,ASK
1444267118,1581.0,1.0,ASK
1444267122,1581.0,0.01,ASK
1444267124,1581.01,0.111,BID
1444267125,1581.01,0.6325,BID
1444267125,1581.01,0.4,BID
1444267126,1581.01,0.6325,BID
1444267127,1581.01,0.6325,BID
1444267128,1581.01,0.6325,BID
1444267129,1581.01,0.6325,BID
1444267131,1581.01,0.6325,BID
1444267133,1581.01,0.6325,BID
1444267133,1581.0,0.01,ASK
1444267134,1581.01,0.6325,BID
1444267135,1581.01,0.6325,BID
1444267137,1581.01,0.126,BID
1444267137,1581.01,0.6325,BID
1444267138,1581.01,0.6325,BID
1444267139,1581.01,0.6325,BID
1444267141,1581.01,0.6325,BID
1444267142,1581.01,0.6325,BID
1444267143,1581.01,0.6325,BID
1444267144,1581.01,0.6325,BID
1444267145,1581.0,0.326,ASK
1444267146,1581.01,0.6325,BID
1444267147,1581.0,0.65,ASK
1444267147,1581.01,0.6325,BID
1444267148,1581.0,0.65,ASK
1444267150,1581.0,0.65,ASK
1444267151,1581.0,0.65,ASK
1444267152,1581.0,0.65,ASK
1444267153,1581.0,0.65,ASK
1444267154,1581.01,0.461,BID
1444267154,1581.01,2.0,BID
1444267154,1581.0,0.65,ASK
1444267155,1581.01,31.6423,BID
1444267156,1581.01,0.6325,BID
1444267156,1581.01,0.129,BID
1444267157,1581.01,0.6325,BID
1444267157,1581.01,0.6325,BID
1444267158,1581.01,0.6325,BID
1444267159,1581.01,0.461,BID
1444267161,1581.01,0.01,BID
1444267161,1581.01,0.6325,BID
1444267162,1581.01,0.6325,BID
1444267162,1581.01,0.6325,BID
1444267163,1581.01,0.6325,BID
1444267163,1581.01,0.502,BID
1444267164,1581.01,0.6325,BID
1444267165,1581.01,0.6325,BID
1444267167,1581.01,0.6325,BID
1444267168,1581.01,0.6325,BID
1444267169,1581.01,0.6325,BID
1444267170,1581.01,0.6325,BID
1444267171,1581.0,0.6171,ASK
1444267171,1581.0,0.6325,ASK
1444267171,1581.0,0.0287,BID
1444267171,1581.01,0.6038,BID
1444267183,1580.99,0.65,BID
1444267183,1581.0,0.1,BID
1444267183,1581.01,6.25,BID
1444267189,1581.0,0.01,ASK
1444267198,1581.0,0.6225,ASK
1444267202,1581.0,0.7198,BID
1444267202,1581.01,12.0802,BID
1444267203,1581.01,0.6325,BID
1444267219,1581.0,0.0095,BID
1444267219,1581.01,2.6111,BID
1444267220,1580.87,0.0095,ASK
1444267220,1580.87,0.025,ASK
1444267220,1580.86,0.5,ASK
1444267220,1580.86,0.1412,ASK
1444267220,1580.85,0.4681,ASK
1444267220,1580.85,6.4616,ASK
1444267223,1580.86,0.0095,BID
1444267223,1581.0,0.0005,BID
1444267224,1581.0,0.01,BID
1444267227,1581.0,0.01,BID
1444267255,1580.96,0.0112,BID
1444267256,1580.96,0.2494,BID
1444267256,1580.97,0.0178,BID
1444267256,1580.98,0.3563,BID
1444267256,1580.99,0.199,BID
1444267256,1581.0,0.0927,BID
1444267257,1581.0,0.0835,ASK
1444267258,1581.0,0.02,ASK
1444267259,1581.0,0.01,ASK
1444267261,1581.01,0.01,BID
1444267263,1581.0,0.5525,ASK
1444267263,1580.97,0.2606,ASK
1444267263,1580.86,0.0785,ASK
1444267263,1580.86,0.0927,ASK
1444267263,1580.85,1.6687,ASK
1444267271,1580.98,0.0276,BID
1444267271,1580.99,0.5524,BID
1444267272,1580.99,0.0001,BID
1444267273,1581.0,0.0785,BID
1444267273,1581.0,0.5015,BID
1444267276,1581.0,0.81,BID
1444267278,1581.0,1.47,BID
1444267280,1581.0,0.38,BID
1444267281,1581.0,0.6325,BID
1444267282,1581.0,0.6325,BID
1444267283,1581.0,0.6325,BID
1444267285,1581.0,0.6325,BID
1444267286,1581.0,0.6325,BID
1444267287,1581.0,0.6325,BID
1444267288,1581.0,0.6325,BID
1444267289,1581.0,0.6325,BID
1444267291,1581.0,0.6325,BID
1444267292,1581.0,0.6325,BID
1444267293,1581.0,0.6325,BID
1444267293,1580.99,0.0275,ASK
1444267294,1580.88,0.0225,BID
1444267294,1581.0,0.61,BID
1444267294,1580.86,0.1,ASK
1444267303,1580.87,0.01,ASK
1444267304,1580.87,0.01,ASK
1444267312,1580.98,0.0716,BID
1444267312,1580.99,0.0651,BID
1444267312,1580.99,0.0125,BID
1444267312,1581.0,0.8508,BID
1444267315,1580.99,0.0716,ASK
1444267315,1580.87,0.0516,ASK
1444267315,1580.86,0.034,ASK
1444267315,1580.86,0.1192,ASK
1444267315,1580.85,1.7236,ASK
1444267340,1580.85,0.8,ASK
1444267341,1580.85,0.65,ASK
1444267342,1580.86,0.0118,BID
1444267342,1580.85,0.65,ASK
1444267343,1580.85,0.65,ASK
1444267344,1580.85,0.65,ASK
1444267345,1580.85,0.65,ASK
1444267346,1580.85,0.031,ASK
1444267347,1580.85,0.65,ASK
1444267348,1580.85,0.62,ASK
1444267348,1580.85,0.126,ASK
1444267348,1580.85,0.898,ASK
1444267348,1580.85,0.126,ASK
1444267349,1580.85,0.65,ASK
1444267350,1580.85,0.65,ASK
1444267352,1580.85,1.0,ASK
1444267353,1580.85,0.65,ASK
1444267354,1580.85,0.65,ASK
1444267355,1580.85,0.01,ASK
1444267355,1580.85,0.65,ASK
1444267356,1580.85,0.65,ASK
1444267356,1580.85,0.2461,ASK
1444267359,1580.8,0.0775,ASK
1444267359,1580.79,0.9225,ASK
1444267360,1580.79,0.0775,ASK
1444267361,1580.79,1.696,ASK
1444267362,1580.79,0.192,ASK
1444267362,1580.79,0.65,ASK
1444267362,1580.79,0.01,ASK
1444267363,1580.79,0.01,ASK
1444267364,1580.79,0.65,ASK
1444267364,1580.79,0.01,ASK
1444267365,1580.79,0.38,ASK
1444267365,1580.83,0.065,BID
1444267365,1580.84,0.5675,BID
1444267365,1580.79,0.2089,ASK
1444267365,1580.78,0.1484,ASK
1444267366,1580.77,0.124,ASK
1444267366,1580.77,0.03,ASK
1444267366,1580.71,0.11,ASK
1444267366,1580.59,0.0075,ASK
1444267366,1580.49,0.03,BID
1444267379,1580.47,0.06,BID
1444267379,1580.48,0.07,BID
1444267383,1580.48,0.0092,BID
1444267383,1580.49,0.6985,BID
1444267383,1580.72,0.3859,BID
1444267383,1580.76,0.025,BID
1444267383,1580.77,0.0352,BID
1444267383,1580.77,0.5,BID
1444267383,1580.77,0.0168,BID
1444267383,1580.78,0.2927,BID
1444267383,1580.78,0.65,BID
1444267383,1580.78,0.0547,BID
1444267383,1580.79,2.8762,BID
1444267383,1580.84,0.0825,BID
1444267383,1580.84,0.65,BID
1444267383,1580.84,0.126,BID
1444267383,1580.86,0.0398,BID
1444267383,1580.86,0.699,ASK
1444267385,1580.86,0.795,ASK
1444267385,1580.86,0.2869,ASK
1444267392,1580.23,0.06,ASK
1444267392,1580.22,0.0228,ASK
1444267392,1580.21,0.0702,ASK
1444267392,1580.18,0.0792,ASK
1444267392,1580.17,0.02,ASK
1444267396,1580.23,0.7478,ASK
1444267405,1580.02,0.005,ASK
1444267405,1580.02,0.002,ASK
1444267405,1580.0,0.3,ASK
1444267406,1580.0,0.0069,BID
1444267406,1580.0,5.0,BID
1444267407,1579.99,1.0,BID
1444267407,1579.99,5.019,BID
1444267409,1580.0,0.01,BID
1444267409,1580.0,1.4386,BID
1444267410,1580.0,0.6329,BID
1444267411,1579.92,0.03,ASK
1444267411,1580.0,0.6329,BID
1444267411,1580.0,0.141,BID
1444267413,1580.0,1.164,BID
1444267415,1580.0,2.0,BID
1444267415,1580.0,0.6329,BID
1444267416,1579.99,0.016,BID
1444267416,1580.0,0.6169,BID
1444267417,1580.0,0.63,BID
1444267417,1580.0,0.6329,BID
1444267417,1580.0,2.0,BID
1444267419,1579.99,0.7478,BID
1444267419,1580.0,0.691,BID
1444267420,1580.0,0.6329,BID
1444267432,1579.93,0.025,ASK
1444267433,1579.92,0.025,ASK
1444267436,1579.92,0.1555,ASK
1444267437,1579.92,0.3195,ASK
1444267437,1579.91,0.3305,ASK
1444267438,1579.91,0.475,ASK
1444267442,1579.99,0.002,BID
1444267458,1579.91,1.6105,ASK
1444267469,1579.91,0.01,ASK
1444267477,1579.91,0.01,ASK
1444267481,1579.91,0.17,ASK
1444267482,1579.91,0.65,ASK
1444267483,1579.91,0.65,ASK
1444267484,1579.91,0.65,ASK
1444267485,1579.91,0.65,ASK
1444267487,1579.91,0.65,ASK
1444267489,1579.91,0.65,ASK
1444267490,1579.91,0.65,ASK
1444267491,1579.91,0.65,ASK
1444267492,1579.91,0.65,ASK
1444267494,1579.91,0.65,ASK
1444267515,1579.97,0.0315,BID
1444267515,1579.98,0.63,BID
1444267515,1579.99,0.116,BID
1444267515,1579.99,0.0191,BID
1444267515,1579.99,0.0494,BID
1444267515,1580.0,13.254,BID
1444267537,1579.92,0.02,ASK
1444267537,1579.92,0.0255,ASK
1444267538,1579.91,0.0455,ASK
1444267540,1579.92,0.01,BID
1444267543,1579.92,0.01,BID
1444267566,1579.92,1.9345,BID
1444267572,1579.92,0.02,ASK
1444267593,1579.92,0.1455,ASK
1444267593,1579.91,0.4645,ASK
1444267593,1579.91,0.103,ASK
1444267594,1579.91,0.013,ASK
1444267595,1579.91,0.1325,BID
1444267595,1579.92,0.01,ASK
1444267596,1579.92,2.0,ASK
1444267596,1579.92,0.658,ASK
1444267598,1579.92,0.01,ASK
1444267599,1579.92,2.0,ASK
1444267599,1579.99,0.01,BID
1444267600,1579.92,0.01,ASK
1444267600,1579.92,0.65,ASK
1444267605,1579.92,0.525,ASK
1444267606,1579.92,0.65,ASK
1444267607,1579.92,0.65,ASK
1444267607,1579.92,0.519,ASK
1444267608,1579.92,0.65,ASK
1444267610,1579.92,0.65,ASK
1444267611,1579.92,0.65,ASK
1444267612,1579.92,0.65,ASK
1444267613,1579.92,0.65,ASK
1444267614,1579.92,0.65,ASK
1444267616,1579.92,0.65,ASK
1444267617,1579.92,0.65,ASK
1444267618,1579.92,2.0,ASK
1444267618,1579.92,0.65,ASK
1444267620,1579.92,2.58,ASK
1444267620,1579.92,0.65,ASK
1444267640,1579.92,0.01,ASK
1444267657,1579.99,0.0155,BID
1444267657,1579.99,0.116,BID
1444267657,1580.0,1.8939,BID
1444267661,1580.0,0.01,BID
1444267661,1580.0,2.58,BID
1444267663,1580.0,0.6329,BID
1444267674,1580.0,2.0,BID
1444267675,1579.98,0.1,BID
1444267675,1580.0,0.5329,BID
1444267677,1580.0,2.0,BID
1444267678,1580.0,0.6329,BID
1444267679,1580.0,0.6329,BID
1444267680,1580.0,0.01,BID
1444267681,1580.0,0.6329,BID
1444267683,1580.0,0.6329,BID
1444267683,1580.0,0.01,BID
1444267684,1580.0,0.6329,BID
1444267685,1580.0,0.6329,BID
1444267686,1580.0,0.4363,BID
1444267686,1580.0,0.1966,BID
1444267687,1580.0,1.7528,BID
1444267687,1580.0,0.3,ASK
1444267709,1580.04,0.01,ASK
1444267710,1580.73,0.0614,BID
1444267710,1580.73,0.06,BID
1444267710,1580.74,0.0046,BID
1444267710,1580.74,0.0864,BID
1444267710,1580.78,0.0069,BID
1444267710,1580.86,0.005,BID
1444267710,1580.86,0.002,BID
1444267710,1580.88,0.06,BID
1444267710,1580.93,0.5,BID
1444267710,1580.95,0.146,BID
1444267710,1580.97,0.0118,BID
1444267710,1581.0,1.0559,BID
1444267721,1580.06,0.002,ASK
1444267744,1580.5,0.01,ASK
1444267753,1580.7,0.5,BID
1444267753,1580.72,0.2971,BID
1444267753,1580.74,0.01,ASK
1444267755,1580.74,0.6,ASK
1444267755,1580.74,0.4,ASK
1444267755,1580.74,0.8,ASK
1444267756,1580.74,0.4,ASK
1444267756,1580.75,0.5265,ASK
1444267756,1580.74,0.5245,ASK
1444267756,1580.74,2.58,ASK
1444267756,1580.74,0.01,ASK
1444267757,1580.74,0.204,ASK
1444267757,1580.5,0.01,ASK
1444267757,1580.49,0.06,ASK
1444267758,1580.47,0.0956,BID
1444267769,1580.11,0.0287,ASK
1444267769,1580.1,0.025,ASK
1444267769,1580.09,0.0169,ASK
1444267769,1580.09,0.5,ASK
1444267769,1580.08,0.0594,ASK
1444267769,1580.45,0.0287,BID
1444267769,1580.46,0.06,BID
1444267770,1580.09,4.0,ASK
1444267770,1580.09,2.501,ASK
1444267793,1580.1,0.06,ASK
1444267793,1580.1,0.025,ASK
1444267793,1580.09,0.0139,ASK
1444267793,1580.09,0.0011,ASK
1444267794,1580.09,0.4989,ASK
1444267794,1580.08,0.2787,ASK
1444267794,1580.06,0.0149,ASK
1444267794,1580.05,0.2971,ASK
1444267794,1580.03,0.0614,ASK
1444267794,1580.02,0.0046,ASK
1444267794,1580.02,0.0864,ASK
1444267794,1580.01,0.6329,ASK
1444267794,1580.01,0.6329,ASK
1444267794,1580.01,0.116,ASK
1444267794,1580.0,10.8034,ASK
1444267794,1579.99,0.1,ASK
1444267795,1579.99,0.5,BID
1444267795,1579.99,2.58,BID
1444267796,1579.99,0.6,BID
1444267796,1579.99,0.4,BID
1444267845,1580.66,0.01,BID
1444267851,1580.66,0.0108,BID
1444267851,1580.67,0.4166,BID
1444267851,1580.69,0.2816,BID
1444267853,1580.7,0.1513,ASK
1444267860,1580.1,0.0106,ASK
1444267860,1580.09,0.0894,ASK
1444267861,1580.09,0.1227,ASK
1444267861,1580.01,0.0557,ASK
1444267861,1580.0,0.6329,ASK
1444267861,1580.0,0.8,ASK
1444267863,1579.99,0.426,BID
1444267863,1579.99,1.127,BID
1444267863,1579.99,1.303,BID
1444267863,1579.99,0.0651,BID
1444267863,1579.99,2.0,BID
1444267863,1579.99,1.303,BID
1444267864,1579.99,0.0585,BID
1444267865,1579.99,0.1,BID
1444267866,1579.99,0.4,BID
1444267866,1579.99,0.6329,BID
1444267868,1579.99,0.6329,BID
1444267869,1579.99,0.33,BID
1444267869,1579.99,0.6329,BID
1444267870,1579.99,0.32,BID
1444267870,1579.99,0.1,BID
1444267870,1579.99,0.6329,BID
1444267871,1579.99,0.5,BID
1444267871,1579.99,1.0,BID
1444267871,1579.99,0.341,BID
1444267872,1579.98,23.0,BID
1444267872,1579.98,0.844,BID
1444267872,1579.99,0.6329,BID
1444267873,1579.99,0.017,BID
1444267873,1579.99,0.1,BID
1444267874,1579.99,0.6329,BID
1444267874,1579.99,0.6,BID
1444267874,1579.99,0.6329,BID
1444267874,1579.99,0.44,BID
1444267875,1579.99,0.6329,BID
1444267876,1579.99,0.1,BID
1444267877,1579.99,0.6329,BID
1444267878,1579.99,0.6329,BID
1444267878,1579.99,0.02,BID
1444267878,1579.99,0.6329,BID
1444267879,1579.99,0.1,BID
1444267879,1579.99,0.6329,BID
1444267880,1579.99,0.001,BID
1444267881,1579.99,1.8073,BID
1444267881,1579.99,0.6329,BID
1444267881,1579.99,1.303,BID
1444267881,1579.99,1.303,BID
1444267882,1579.99,0.01,BID
1444267882,1579.99,0.6329,BID
1444267882,1579.99,0.1,BID
1444267882,1579.99,0.15,BID
1444267883,1579.99,0.01,BID
1444267883,1579.99,0.61,BID
1444267883,1579.99,0.6329,BID
1444267884,1579.99,0.0003,BID
1444267884,1580.13,0.0097,BID
1444267884,1580.13,0.0503,BID
1444267886,1580.19,0.9497,ASK
1444267886,1580.0,0.6329,ASK
1444267886,1579.93,0.3096,ASK
1444267886,1579.92,0.501,ASK
1444267886,1579.92,5.69,ASK
1444267886,1579.9,0.02,ASK
1444267886,1579.9,0.0874,ASK
1444267886,1579.9,0.0437,ASK
1444267887,1579.9,0.1515,BID
1444267889,1580.18,0.126,BID
1444267889,1580.18,0.06,BID
1444267890,1580.12,0.01,ASK
1444267891,1580.18,0.257,BID
1444267891,1580.65,0.1974,BID
1444267891,1580.7,0.0104,BID
1444267891,1580.71,0.2121,BID
1444267893,1580.71,0.866,ASK
1444267893,1580.71,0.4,ASK
1444267894,1580.71,0.4,ASK
1444267894,1580.71,0.1882,ASK
1444267894,1580.19,0.257,ASK
1444267894,1580.12,0.0505,ASK
1444267894,1580.0,1.0,ASK
1444267894,1579.99,0.002,ASK
1444267894,1579.89,0.6905,ASK
1444267896,1580.39,0.01,BID
1444267896,1580.69,0.04,BID
1444267897,1579.9,2.0,ASK
1444267904,1579.99,0.01,BID
1444267907,1580.0,0.092,ASK
1444267924,1580.02,0.2352,ASK
1444267924,1580.01,1.3786,ASK
1444267924,1580.0,1.902,ASK
1444267925,1579.99,0.5,BID
1444267927,1579.99,3.2029,BID
1444267927,1579.99,0.781,BID
1444267928,1579.99,0.6329,BID
1444267930,1579.99,0.6329,BID
1444267930,1579.99,0.735,BID
1444267931,1579.99,0.6329,BID
1444267932,1579.99,0.6329,BID
1444267933,1579.99,0.0646,BID
1444267934,1579.99,0.6329,BID
1444267936,1579.99,0.6329,BID
1444267937,1579.99,0.01,BID
1444267938,1579.99,0.6329,BID
1444267938,1579.99,1.0,BID
1444267939,1579.98,0.6329,BID
1444267940,1579.93,6.519,BID
1444267941,1579.98,0.0146,BID
1444267945,1579.98,0.7311,BID
1444267945,1579.99,0.2689,BID
1444267946,1579.99,0.6329,BID
1444267950,1579.99,0.1475,BID
1444267950,1579.99,0.22,BID
1444267952,1579.99,1.0,BID
1444267952,1579.99,0.6329,BID
1444267953,1579.99,0.6329,BID
1444267954,1579.99,0.6329,BID
1444267955,1579.99,0.6329,BID
1444267957,1579.99,0.6329,BID
1444267958,1579.99,0.4888,BID
1444267971,1579.99,1.0,BID
1444267978,1579.99,1.0,BID
1444267984,1579.98,0.01,BID
1444267999,1579.92,0.005,ASK
1444267999,1579.92,0.088,ASK
1444267999,1579.91,0.151,ASK
1444267999,1579.89,1.76,ASK
1444268044,1579.91,0.093,BID
1444268044,1580.0,0.0118,BID
1444268044,1580.0,0.088,BID
1444268044,1580.01,0.1072,BID
1444268061,1580.01,0.128,BID
1444268061,1580.09,0.011,BID
1444268061,1580.1,0.22,BID
1444268064,1580.12,0.06,BID
1444268066,1580.12,0.298,ASK
1444268066,1580.07,0.1398,ASK
1444268066,1580.02,0.127,ASK
1444268066,1580.01,0.093,ASK
1444268066,1579.99,0.247,BID
1444268069,1579.99,0.365,BID
1444268070,1579.92,0.093,ASK
1444268070,1579.91,0.12,ASK
1444268070,1579.89,1.787,ASK
1444268070,1579.99,0.5,BID
1444268070,1579.99,0.146,BID
1444268071,1579.99,1.3785,BID
1444268072,1579.91,0.093,BID
1444268072,1579.99,0.261,BID
1444268072,1579.99,0.489,BID
1444268074,1579.98,0.508,BID
1444268075,1579.98,0.0059,BID
1444268075,1579.98,0.025,BID
1444268075,1579.99,0.3141,BID
1444268075,1579.99,0.104,BID
1444268076,1579.99,0.585,BID
1444268076,1579.98,5.0,BID
1444268076,1579.98,5.0,BID
1444268076,1579.98,4.928,BID
1444268077,1579.99,0.0309,BID
1444268078,1579.99,0.357,BID
1444268079,1579.99,1.0,BID
1444268079,1579.99,0.904,BID
1444268081,1579.99,0.101,BID
1444268083,1579.99,0.01,BID
1444268085,1579.98,1.0,BID
1444268087,1579.92,0.093,ASK
1444268087,1579.9,0.058,ASK
1444268090,1579.91,0.093,BID
1444268090,1579.98,0.3785,BID
1444268090,1579.98,0.058,BID
1444268090,1579.99,0.6305,BID
1444268092,1579.99,1.0,BID
1444268094,1579.98,0.0118,BID
1444268094,1579.99,0.0124,BID
1444268099,1579.98,0.0967,BID
1444268099,1579.98,0.0193,BID
1444268099,1579.99,0.9807,BID
1444268100,1579.99,0.116,BID
1444268100,1579.99,0.116,BID
1444268103,1579.92,0.093,ASK
1444268103,1579.9,0.2408,ASK
1444268103,1579.89,0.8142,ASK
1444268104,1579.91,0.01,BID
1444268105,1579.91,0.083,BID
1444268105,1579.98,0.2408,BID
1444268105,1579.99,0.65,BID
1444268110,1579.99,1.0,BID
1444268112,1579.99,0.0997,BID
1444268113,1579.99,2.0,BID
1444268113,1579.99,0.9921,BID
1444268114,1579.99,0.3929,BID
1444268115,1579.99,0.1781,BID
1444268119,1579.99,0.448,BID
1444268120,1579.99,0.9346,BID
1444268121,1579.99,1.0,BID
1444268122,1579.99,0.8,BID
1444268130,1579.99,0.505,BID
1444268130,1579.99,0.5,BID
1444268130,1579.99,0.34,BID
1444268131,1579.99,0.8669,BID
1444268132,1579.99,0.212,BID
1444268133,1579.99,5.0,BID
1444268137,1579.99,0.62,BID
1444268138,1579.99,0.3048,BID
1444268138,1580.1,0.12,BID
1444268138,1580.22,0.2352,BID
1444268140,1580.63,0.5,BID
1444268140,1580.67,0.137,BID
1444268140,1580.67,0.005,BID
1444268140,1580.7,0.65,BID
1444268140,1580.7,0.65,BID
1444268140,1580.73,0.65,BID
1444268140,1580.73,0.65,BID
1444268140,1580.95,0.231,BID
1444268140,1581.0,2.8443,BID
1444268140,1581.0,0.3,BID
1444268140,1581.0,5.5817,BID
1444268140,1581.17,0.0297,BID
1444268140,1581.22,0.55,BID
1444268140,1581.88,0.231,BID
1444268140,1582.0,0.3,BID
1444268140,1582.0,2.831,BID
1444268140,1582.2,0.01,BID
1444268140,1582.95,0.002,BID
1444268140,1583.0,0.3,BID
1444268140,1583.29,2.2678,BID
1444268140,1583.3,2.7069,BID
1444268140,1583.5,1.97,BID
1444268140,1584.0,0.3,BID
1444268140,1584.01,0.955,BID
1444268141,1580.54,11.059,BID
1444268146,1580.6,0.146,BID
1444268155,1580.81,0.002,ASK
1444268155,1580.79,0.061,ASK
1444268156,1580.79,0.039,ASK
1444268156,1580.6,0.09,ASK
1444268157,1580.61,0.0121,ASK
1444268157,1580.6,0.0269,ASK
1444268158,1581.17,4.591,ASK
1444268162,1580.6,0.039,ASK
1444268163,1580.6,0.039,ASK
1444268165,1580.6,0.002,ASK
1444268172,1580.98,0.1774,BID
1444268174,1581.0,0.1226,ASK
1444268174,1580.93,0.0934,BID
1444268174,1581.57,0.005,BID
1444268174,1581.59,0.002,BID
1444268174,1581.6,0.1,BID
1444268174,1581.91,0.0996,BID
1444268175,1580.63,0.005,ASK
1444268175,1580.6,0.0451,ASK
1444268175,1580.58,0.028,ASK
1444268175,1580.34,0.0174,ASK
1444268175,1580.33,0.0345,ASK
1444268175,1580.34,6.0,BID
1444268175,1580.34,9.437,BID
1444268178,1580.56,0.145,BID
1444268178,1580.56,0.115,BID
1444268178,1581.58,0.1,BID
1444268178,1581.91,0.0517,BID
1444268178,1581.93,0.0333,BID
1444268187,1580.64,0.005,ASK
1444268187,1580.62,0.01,ASK
1444268187,1580.59,0.002,ASK
1444268188,1580.58,0.013,ASK
1444268188,1580.57,0.013,ASK
1444268190,1580.59,0.007,BID
1444268199,1580.66,0.2,ASK
1444268200,1580.66,0.384,ASK
1444268202,1580.67,0.0589,ASK
1444268202,1580.66,0.1971,ASK
1444268203,1580.68,0.06,ASK
1444268203,1580.66,0.54,ASK
1444268205,1580.66,0.0569,ASK
1444268205,1580.58,0.0124,ASK
1444268205,1580.57,0.0407,ASK
1444268206,1580.57,0.04,ASK
1444268206,1580.57,0.042,ASK
1444268211,1580.57,0.1,ASK
1444268224,1580.33,0.277,ASK
1444268224,1580.46,0.04,BID
1444268225,1580.68,0.1526,ASK
1444268225,1580.33,0.0365,ASK
1444268267,1580.25,0.002,ASK
1444268285,1580.18,0.008,BID
1444268305,1580.3,0.096,BID
1444268320,1580.3,0.0106,BID
1444268386,1580.3,0.01,BID
1444268389,1580.3,0.0029,BID
1444268389,1580.31,0.0071,BID
1444268390,1580.31,0.3231,BID
1444268392,1580.32,0.01,BID
1444268393,1580.32,0.114,BID
1444268393,1580.32,0.0004,BID
1444268393,1580.32,0.1136,BID
1444268394,1580.32,0.0178,BID
1444268398,1580.32,0.01,BID
1444268404,1580.31,0.1,ASK
1444268404,1580.21,0.0129,ASK
1444268404,1580.2,0.002,ASK
1444268406,1580.2,0.3226,BID
1444268406,1580.2,0.036,BID
1444268407,1580.2,0.4,BID
1444268407,1580.2,0.4,BID
1444268408,1580.2,0.4,BID
1444268408,1580.2,0.6328,BID
1444268409,1580.2,0.6328,BID
1444268410,1580.19,3.0,BID
1444268410,1580.19,6.491,BID
1444268410,1580.2,0.559,BID
1444268410,1580.2,0.6328,BID
1444268411,1580.2,1.0,BID
1444268411,1580.2,0.6328,BID
1444268412,1580.07,8.0,BID
1444268412,1580.07,3.106,BID
1444268417,1580.18,0.0679,BID
1444268417,1580.19,0.9321,BID
1444268418,1580.07,8.0,BID
1444268418,1580.07,11.273,BID
1444268418,1580.19,0.0679,BID
1444268418,1580.19,0.378,BID
1444268418,1580.19,0.0192,BID
1444268418,1580.2,0.2388,BID
1444268423,1580.19,0.0267,BID
1444268423,1580.2,0.7733,BID
1444268424,1580.2,1.0,BID
1444268424,1580.2,0.3972,BID
1444268425,1580.2,0.296,BID
1444268426,1580.07,0.031,ASK
1444268426,1580.06,0.2109,ASK
1444268427,1580.06,0.031,ASK
1444268431,1580.2,0.02,BID
1444268435,1580.2,0.01,BID
1444268449,1580.2,0.0355,BID
1444268471,1580.22,0.5,ASK
1444268471,1580.21,0.3,ASK
1444268517,1580.21,1.078,ASK
1444268517,1580.09,0.3227,ASK
1444268547,1580.07,0.4119,BID
1444268550,1580.06,0.12,ASK
1444268550,1580.05,2.0,ASK
1444268551,1580.03,0.3302,ASK
1444268551,1580.0,0.6,ASK
1444268551,1580.0,0.85,ASK
1444268551,1580.0,0.3,ASK
1444268551,1580.0,0.5,ASK
1444268551,1580.0,1.0,ASK
1444268551,1579.99,0.13,ASK
1444268554,1579.91,0.395,ASK
1444268555,1579.91,0.65,ASK
1444268556,1579.91,0.65,ASK
1444268557,1579.91,0.65,ASK
1444268559,1579.91,0.3133,ASK
1444268559,1579.9,0.251,ASK
1444268559,1579.9,0.0857,ASK
1444268560,1579.9,0.5743,ASK
1444268560,1579.9,0.0757,ASK
1444268561,1579.91,11.0,ASK
1444268561,1579.91,6.294,ASK
1444268562,1579.9,0.0403,ASK
1444268562,1579.89,0.7277,ASK
1444268563,1579.89,0.906,ASK
1444268563,1579.89,0.0403,ASK
1444268577,1579.99,0.0118,BID
1444268577,1580.0,0.3043,BID
1444268577,1580.01,0.1831,BID
1444268577,1580.02,0.9661,BID
1444268577,1580.05,0.12,BID
1444268577,1580.06,0.035,BID
1444268578,1580.07,0.0192,ASK
1444268578,1580.07,0.1049,ASK
1444268579,1580.07,0.1049,ASK
1444268579,1580.07,0.2507,ASK
1444268580,1579.9,0.1049,ASK
1444268582,1579.9,0.0609,ASK
1444268582,1579.9,0.0118,ASK
1444268582,1579.9,0.0191,ASK
1444268582,1579.89,0.0131,ASK
1444268583,1579.89,0.1967,ASK
1444268583,1579.89,0.0879,ASK
1444268590,1580.04,0.0286,BID
1444268590,1580.05,0.3183,BID
1444268591,1580.05,0.0286,BID
1444268594,1579.89,6.3532,ASK
1444268595,1579.89,0.65,ASK
1444268596,1580.04,0.001,BID
1444268596,1579.89,0.65,ASK
1444268597,1579.9,0.0286,ASK
1444268597,1579.89,0.6214,ASK
1444268598,1579.89,0.65,ASK
1444268599,1579.89,0.65,ASK
1444268601,1579.89,0.65,ASK
1444268602,1579.89,0.65,ASK
1444268603,1579.89,0.65,ASK
1444268605,1579.89,0.65,ASK
1444268606,1579.89,0.65,ASK
1444268607,1579.89,0.65,ASK
1444268608,1579.89,0.65,ASK
1444268610,1579.89,0.65,ASK
1444268611,1579.89,0.65,ASK
1444268612,1579.89,0.65,ASK
1444268614,1579.89,0.65,ASK
1444268615,1579.89,0.65,ASK
1444268616,1579.89,0.65,ASK
1444268618,1579.89,0.65,ASK
1444268619,1579.9,1.0,ASK
1444268619,1579.9,9.0,ASK
1444268619,1579.9,9.755,ASK
1444268620,1579.89,0.65,ASK
1444268621,1579.89,0.65,ASK
1444268622,1580.03,21.0,ASK
1444268622,1580.03,2.985,ASK
1444268622,1579.89,0.65,ASK
1444268624,1579.89,0.65,ASK
1444268625,1579.89,0.2254,ASK
1444268625,1579.89,0.65,ASK
1444268626,1579.89,0.65,ASK
1444268627,1579.89,0.65,ASK
1444268627,1580.07,0.011,BID
1444268627,1580.07,0.1348,BID
1444268627,1580.08,0.4049,BID
1444268629,1579.9,0.012,ASK
1444268629,1579.89,0.638,ASK
1444268631,1579.9,0.2201,ASK
1444268631,1579.89,0.4299,ASK
1444268632,1579.89,0.012,ASK
1444268642,1580.01,0.0022,BID
1444268642,1580.02,0.011,BID
1444268642,1580.03,0.2201,BID
1444268644,1580.04,0.011,ASK
1444268657,1579.9,0.0022,ASK
1444268657,1579.9,0.0507,ASK
1444268657,1579.89,0.2841,ASK
1444268657,1579.89,0.7305,ASK
1444268663,1579.79,0.02,ASK
1444268663,1579.76,0.004,ASK
1444268663,1579.74,0.04,ASK
1444268663,1579.73,0.271,ASK
1444268666,1579.8,1.31,ASK
1444268667,1579.8,0.3378,ASK
1444268705,1579.73,0.529,ASK
1444268705,1579.73,0.841,ASK
1444268705,1579.78,0.4,BID
1444268705,1579.78,0.096,BID
1444268705,1579.78,0.004,BID
1444268705,1579.79,0.3122,BID
1444268705,1579.79,0.4838,BID
1444268706,1579.79,0.166,BID
1444268706,1579.73,0.65,ASK
1444268718,1579.79,0.0002,BID
1444268718,1579.89,0.0529,BID
1444268752,1579.78,0.1673,ASK
1444268752,1579.77,0.0129,ASK
1444268752,1579.76,0.1498,ASK
1444268766,1579.76,0.1088,ASK
1444268766,1579.75,0.025,ASK
1444268766,1579.74,0.5,ASK
1444268766,1579.74,0.0282,ASK
1444268766,1579.73,3.261,ASK
1444268768,1579.73,4.4539,ASK
1444268790,1579.73,0.46,ASK
1444268791,1579.73,0.65,ASK
1444268792,1579.73,0.65,ASK
1444268797,1579.75,0.001,BID
1444268812,1579.75,0.1078,BID
1444268812,1579.93,0.06,BID
1444268812,1579.94,0.0251,BID
1444268812,1579.95,0.503,BID
1444268812,1579.97,0.1673,BID
1444268812,1579.97,0.0159,BID
1444268812,1579.98,0.2586,BID
1444268812,1579.98,0.025,BID
1444268812,1579.99,0.5,BID
1444268812,1579.99,0.1307,BID
1444268812,1580.0,1.6478,BID
1444268812,1580.0,3.9421,BID
1444268814,1580.05,1.012,ASK
1444268815,1580.05,0.5,ASK
1444268815,1580.05,0.65,ASK
1444268816,1580.05,0.19,ASK
1444268816,1580.05,3.0,ASK
1444268817,1580.05,0.01,ASK
1444268817,1580.05,0.298,ASK
1444268818,1580.05,0.5967,ASK
1444268821,1580.08,2.5107,BID
1444268821,1580.1,1.4429,BID
1444268821,1580.2,0.65,BID
1444268821,1580.3,0.1,BID
1444268821,1580.32,0.1721,BID
1444268821,1580.49,1.0,BID
1444268821,1580.49,0.2419,BID
1444268821,1580.5,1.0,BID
1444268821,1580.51,1.0,BID
1444268821,1580.55,0.0673,BID
1444268840,1580.0,1.0979,BID
1444268840,1580.8,0.11,BID
1444268840,1580.81,0.11,BID
1444268840,1581.0,0.3,BID
1444268840,1581.33,0.1926,BID
1444268840,1581.65,1.0,BID
1444268840,1581.71,0.0013,BID
1444268840,1581.72,0.132,BID
1444268840,1581.9,0.005,BID
1444268840,1581.91,0.002,BID
1444268840,1582.0,0.3,BID
1444268840,1582.53,0.5682,BID
1444268851,1579.79,0.01,ASK
1444268861,1579.85,0.001,BID
1444268861,1579.88,0.1526,BID
1444268861,1579.89,0.5,BID
1444268862,1580.0,0.01,ASK
1444268863,1580.0,0.3564,ASK
1444268863,1579.98,0.0096,BID
1444268867,1580.02,0.0136,ASK
1444268867,1580.01,0.0864,ASK
1444268868,1580.01,0.01,ASK
1444268871,1580.01,0.1912,ASK
1444268871,1580.01,0.0033,ASK
1444268871,1580.0,0.3,ASK
1444268871,1579.83,0.01,ASK
1444268871,1579.82,0.2,ASK
1444268871,1579.8,0.5,ASK
1444268871,1579.79,0.1426,ASK
1444268871,1579.77,1.6529,ASK
1444268871,1580.02,0.001,BID
1444268871,1580.47,0.0033,BID
1444268871,1580.47,0.0136,BID
1444268871,1580.48,0.2831,BID
1444268872,1580.02,0.0954,ASK
1444268876,1579.83,0.01,ASK
1444268878,1579.83,0.3536,ASK
1444268878,1579.82,0.06,ASK
1444268878,1579.78,0.0719,ASK
1444268878,1579.77,0.0525,ASK
1444268880,1579.84,0.0177,ASK
1444268880,1579.77,0.5113,ASK
1444268881,1579.77,0.505,ASK
1444268881,1579.78,0.013,ASK
1444268881,1579.77,0.3696,ASK
1444268881,1579.74,0.0842,ASK
1444268881,1579.73,1.6841,ASK
1444268882,1579.71,0.0033,ASK
1444268882,1579.7,0.3497,ASK
1444268882,1579.7,0.6503,ASK
1444268884,1579.66,0.011,ASK
1444268884,1579.61,0.03,ASK
1444268892,1579.19,0.001,ASK
1444268892,1579.19,0.002,ASK
1444268892,1579.16,0.2,ASK
1444268892,1579.04,0.05,ASK
1444268892,1579.0,0.3,ASK
1444268892,1578.93,0.008,ASK
1444268897,1578.93,0.0016,ASK
1444268897,1578.89,0.9574,ASK
1444268898,1578.89,0.512,ASK
1444268899,1578.89,0.518,ASK
1444268900,1578.89,1.879,ASK
1444268901,1578.89,3.203,ASK
1444268902,1578.89,0.1361,ASK
1444268904,1578.88,0.1752,ASK
1444268904,1578.88,0.3608,ASK
1444268905,1578.88,0.488,ASK
1444268905,1578.88,0.164,ASK
1444268905,1578.87,0.1,ASK
1444268906,1578.87,0.1148,BID
1444268906,1578.87,0.0959,BID
1444268916,1578.87,0.01,BID
1444268918,1578.86,0.06,BID
1444268918,1578.87,0.94,BID
1444268919,1578.87,0.2421,BID
1444268919,1578.88,0.0668,BID
1444268919,1578.89,0.5086,BID
1444268932,1578.88,0.082,BID
1444268932,1578.88,0.0447,BID
1444268933,1578.88,0.0033,BID
1444268933,1578.89,0.1267,BID
1444268965,1578.88,0.0069,ASK
1444268965,1578.78,0.0031,BID
1444268967,1578.89,0.8453,ASK
1444268967,1578.89,0.1267,ASK
1444268967,1578.89,0.1,ASK
1444268968,1578.89,0.01,ASK
1444268970,1578.89,0.0949,ASK
1444268970,1578.89,0.06,ASK
1444268971,1578.71,0.002,ASK
1444268973,1578.33,0.3583,BID
1444268974,1578.33,0.2732,BID
1444268981,1578.77,0.001,BID
1444268987,1578.39,0.188,BID
1444268987,1578.71,0.001,BID
1444268987,1578.76,0.3715,BID
1444268987,1578.77,0.059,BID
1444268987,1578.78,0.3,BID
1444268987,1578.87,0.3583,BID
1444268988,1578.89,0.0001,BID
1444268988,1579.15,0.0079,BID
1444268989,1579.64,14.703,BID
1444268990,1578.87,0.176,ASK
1444268990,1578.87,2.008,ASK
1444268992,1578.87,0.2,ASK
1444268992,1578.87,1.0,ASK
1444268993,1578.87,0.2,ASK
1444268993,1578.87,0.315,ASK
1444268994,1578.87,0.01,ASK
1444268994,1578.87,2.487,ASK
1444268995,1578.87,0.001,ASK
1444268995,1578.88,0.1561,ASK
1444268995,1578.87,0.3989,ASK
1444268996,1578.87,0.247,ASK
1444268997,1578.88,13.814,ASK
1444268998,1578.87,0.1,ASK
1444268998,1578.87,0.029,ASK
1444268999,1578.88,0.02,ASK
1444268999,1578.88,0.024,ASK
1444269000,1578.88,0.01,ASK
1444269000,1578.88,0.006,ASK
1444269000,1578.87,0.994,ASK
1444269001,1578.87,0.1,ASK
1444269003,1579.16,0.004,BID
1444269003,1578.87,0.1,ASK
1444269003,1578.87,1.0,ASK
1444269005,1578.87,0.8,ASK
1444269005,1578.87,0.1,ASK
1444269005,1578.88,0.01,ASK
1444269008,1579.11,0.001,BID
1444269008,1579.14,0.0263,BID
1444269008,1579.14,0.0109,BID
1444269008,1579.32,0.09,ASK
1444269009,1579.32,0.0455,ASK
1444269010,1579.32,1.0,ASK
1444269011,1579.32,0.2,ASK
1444269011,1579.32,1.0,ASK
1444269011,1579.32,0.01,ASK
1444269012,1579.32,0.2,ASK
1444269012,1579.32,0.5,ASK
1444269012,1579.32,0.1485,ASK
1444269012,1579.32,0.2,ASK
1444269013,1579.32,0.2,ASK
1444269014,1579.32,0.152,ASK
1444269015,1579.32,0.5,ASK
1444269017,1579.32,0.001,ASK
1444269017,1579.32,0.2,ASK
1444269018,1579.32,1.0,ASK
1444269019,1579.32,0.03,ASK
1444269020,1579.32,0.2107,ASK
1444269020,1579.32,0.5,ASK
1444269022,1579.32,1.0,ASK
1444269022,1579.32,0.14,ASK
1444269023,1579.33,3.0,ASK
1444269023,1579.33,20.113,ASK
1444269025,1579.32,0.2929,ASK
1444269025,1578.88,0.0346,ASK
1444269025,1578.88,0.0109,ASK
1444269025,1578.88,0.0263,ASK
1444269025,1578.87,0.6353,ASK
1444269033,1578.88,0.001,BID
1444269038,1578.88,0.01,ASK
1444269043,1578.89,0.1346,ASK
1444269043,1578.88,0.1364,ASK
1444269043,1578.88,0.01,ASK
1444269062,1578.88,0.0874,ASK
1444269062,1578.88,0.0376,ASK
1444269064,1579.05,0.0027,BID
1444269065,1578.88,0.0301,ASK
1444269066,1578.89,0.0424,ASK
1444269066,1578.89,0.293,ASK
1444269070,1578.89,0.0904,ASK
1444269070,1578.88,0.0123,ASK
1444269070,1578.87,0.0003,ASK
1444269070,1578.87,1.0,ASK
1444269075,1578.87,1.0,ASK
1444269077,1578.87,0.5,ASK
1444269077,1578.87,1.0,ASK
1444269077,1578.87,0.08,ASK
1444269084,1578.87,1.0,ASK
1444269084,1578.87,0.2,ASK
1444269087,1578.89,0.0019,BID
1444269092,1578.87,1.0,ASK
1444269096,1578.87,0.3591,ASK
1444269099,1578.87,1.0,ASK
1444269100,1578.87,1.0,ASK
1444269105,1578.87,0.01,ASK
1444269106,1578.87,1.0,ASK
1444269107,1578.87,0.14,ASK
1444269111,1578.9,0.0059,ASK
1444269111,1578.87,0.1941,ASK
1444269115,1578.87,0.2,ASK
1444269115,1578.87,0.049,ASK
1444269118,1578.89,0.001,ASK
1444269118,1578.87,0.399,ASK
1444269119,1578.87,1.6427,ASK
1444269129,1578.88,0.0101,ASK
1444269129,1578.87,1.9899,ASK
1444269137,1578.87,1.0,ASK
1444269138,1578.96,0.0058,BID
1444269143,1578.87,0.5,ASK
1444269144,1578.87,1.0,ASK
1444269147,1578.87,0.01,ASK
1444269151,1578.87,1.0,ASK
1444269155,1578.87,0.01,ASK
1444269157,1578.95,12.0,ASK
1444269157,1578.95,4.508,ASK
1444269158,1578.87,1.0,ASK
1444269159,1578.87,1.0,ASK
1444269161,1578.87,0.01,ASK
1444269162,1578.96,0.0043,BID
1444269162,1578.97,0.0146,BID
1444269162,1578.98,0.291,BID
1444269162,1579.0,0.2203,BID
1444269162,1579.01,0.0059,BID
1444269162,1579.01,0.571,BID
1444269163,1578.87,0.0121,ASK
1444269164,1578.96,0.002,ASK
1444269166,1578.88,0.0173,ASK
1444269166,1578.87,0.3827,ASK
1444269166,1578.87,0.01,ASK
1444269188,1578.87,0.5245,ASK
1444269190,1578.88,0.002,BID
1444269194,1578.87,0.228,ASK
1444269211,1578.87,0.242,ASK
1444269213,1578.87,0.01,ASK
1444269216,1578.88,0.001,BID
1444269227,1578.87,0.463,ASK
1444269230,1578.87,0.001,ASK
1444269232,1578.88,0.004,BID
1444269234,1578.87,0.001,ASK
1444269235,1578.87,0.001,ASK
1444269236,1578.87,2.9636,ASK
1444269239,1578.87,0.01,ASK
1444269239,1578.87,0.001,ASK
1444269241,1578.87,0.001,ASK
1444269242,1578.88,0.001,BID
1444269243,1578.88,0.004,BID
1444269245,1578.87,0.001,ASK
1444269247,1578.87,0.001,ASK
1444269249,1578.87,0.001,ASK
1444269250,1578.87,0.0706,ASK
1444269251,1578.87,0.01,ASK
1444269252,1578.87,0.001,ASK
1444269253,1578.87,0.01,ASK
1444269254,1578.88,0.004,BID
1444269256,1578.87,0.001,ASK
1444269259,1578.87,0.001,ASK
1444269260,1578.87,0.4,ASK
1444269261,1578.87,0.001,ASK
1444269264,1578.87,0.01,ASK
1444269267,1578.88,0.001,BID
1444269268,1578.87,0.001,ASK
1444269270,1578.88,0.004,BID
1444269270,1578.87,0.01,ASK
1444269273,1578.87,0.001,ASK
1444269275,1578.87,0.001,ASK
1444269277,1578.87,0.001,ASK
1444269279,1578.87,0.001,ASK
1444269280,1578.88,0.004,BID
1444269282,1578.87,0.01,ASK
1444269282,1578.87,0.001,ASK
1444269284,1578.87,0.001,ASK
1444269286,1578.87,0.001,ASK
1444269289,1578.87,0.001,ASK
1444269289,1578.88,0.001,BID
1444269290,1578.87,0.156,ASK
1444269291,1578.87,0.5,ASK
1444269291,1578.88,0.004,BID
1444269292,1578.87,0.01,ASK
1444269293,1578.87,0.001,ASK
1444269293,1578.87,0.01,ASK
1444269296,1578.87,0.001,ASK
1444269297,1578.87,0.001,ASK
1444269299,1578.87,0.01,ASK
1444269299,1578.87,0.0504,ASK
1444269299,1578.75,0.16,ASK
1444269308,1578.72,0.013,BID
1444269308,1578.73,0.087,BID
1444269316,1578.72,0.001,BID
1444269319,1578.73,0.0979,BID
1444269319,1578.74,0.0116,BID
1444269319,1578.86,0.0614,BID
1444269319,1578.88,0.04,BID
1444269322,1578.75,0.06,ASK
1444269330,1578.76,0.5266,ASK
1444269330,1578.75,0.109,ASK
1444269330,1578.45,0.013,ASK
1444269332,1578.45,0.157,BID
1444269332,1578.45,0.4,BID
1444269333,1578.45,1.3791,BID
1444269333,1578.45,2.3653,BID
1444269334,1578.47,0.5,ASK
1444269338,1578.9,0.001,BID
1444269338,1578.98,0.001,BID
1444269338,1579.0,0.0016,BID
1444269353,1578.88,0.16,ASK
1444269357,1578.89,0.0123,ASK
1444269357,1578.88,0.034,ASK
1444269361,1578.98,0.0031,ASK
1444269368,1578.88,0.8,ASK
1444269370,1578.88,0.006,ASK
1444269370,1578.84,0.004,ASK
1444269372,1578.98,0.004,BID
1444269374,1578.99,0.004,BID
1444269375,1578.98,0.004,ASK
1444269376,1578.98,0.004,BID
1444269377,1578.84,0.001,ASK
1444269378,1578.97,0.004,BID
1444269382,1578.84,0.0129,ASK
1444269384,1578.97,0.001,ASK
1444269391,1578.84,0.0021,ASK
1444269391,1578.48,0.0718,ASK
1444269392,1578.47,0.06,BID
1444269398,1578.47,0.0761,BID
1444269404,1578.97,0.0062,BID
1444269407,1578.9,0.076,BID
1444269407,1578.96,0.109,BID
1444269426,1578.74,0.001,BID
1444269427,1578.95,0.0003,ASK
1444269436,1578.77,0.1,BID
1444269436,1578.99,0.0083,BID
1444269436,1578.99,0.0399,BID
1444269437,1578.99,0.0297,ASK
1444269437,1578.99,0.4025,ASK
1444269438,1578.99,0.06,ASK
1444269438,1578.99,0.001,ASK
1444269439,1578.99,0.6,ASK
1444269439,1578.99,0.185,ASK
1444269441,1578.99,0.02,ASK
1444269441,1578.99,0.001,ASK
1444269444,1579.0,0.222,BID
1444269444,1578.99,0.001,ASK
1444269445,1578.99,0.6,ASK
1444269445,1579.0,0.5756,BID
1444269446,1579.01,0.0577,ASK
1444269446,1578.99,0.0516,ASK
1444269453,1578.89,0.001,ASK
1444269455,1578.98,0.004,BID
1444269460,1578.89,0.149,ASK
1444269461,1578.73,0.0097,ASK
1444269461,1578.5,0.0297,ASK
1444269461,1578.49,0.1349,ASK
1444269461,1578.46,0.0463,ASK
1444269461,1578.35,0.1849,ASK
1444269461,1578.13,0.0125,ASK
1444269461,1578.13,0.0125,ASK
1444269461,1578.12,0.053,ASK
1444269486,1578.77,0.0012,BID
1444269489,1578.77,0.0132,BID
1444269489,1578.78,0.1724,BID
1444269491,1578.37,0.06,ASK
1444269491,1578.35,1.3997,ASK
1444269510,1578.63,0.001,BID
1444269510,1578.69,0.06,BID
1444269510,1578.78,0.1148,BID
1444269510,1578.82,0.01,BID
1444269510,1578.96,0.0463,BID
1444269510,1578.97,1.3791,BID
1444269510,1578.98,0.4406,BID
1444269510,1578.98,0.5539,BID
1444269510,1578.98,7.2056,BID
1444269511,1578.98,0.0227,ASK
1444269511,1578.98,0.0573,ASK
1444269513,1578.98,0.6,ASK
1444269513,1578.98,2.58,ASK
1444269514,1578.98,0.001,ASK
1444269514,1578.98,2.0,ASK
1444269517,1578.98,0.001,ASK
1444269517,1578.98,0.15,ASK
1444269519,1578.98,0.001,ASK
1444269521,1578.99,0.004,BID
1444269523,1578.98,0.001,ASK
1444269523,1578.98,0.5,ASK
1444269525,1578.98,0.001,ASK
1444269527,1578.98,0.001,ASK
1444269529,1578.98,0.001,ASK
1444269530,1578.99,0.004,BID
1444269530,1578.98,1.42,ASK
1444269530,1578.98,0.6,ASK
1444269531,1578.98,0.0794,ASK
1444269532,1578.98,0.001,ASK
1444269536,1578.98,0.001,ASK
1444269539,1578.98,0.001,ASK
1444269541,1578.98,0.001,ASK
1444269541,1578.98,0.0097,ASK
1444269542,1578.99,0.0282,BID
1444269543,1578.99,0.004,BID
1444269543,1578.99,0.0758,BID
1444269543,1578.99,0.0293,BID
1444269543,1579.0,0.0322,BID
1444269544,1579.0,0.1373,BID
1444269545,1578.98,0.001,ASK
1444269547,1578.98,0.001,ASK
1444269549,1578.98,0.001,ASK
1444269551,1578.98,0.001,ASK
1444269553,1579.0,0.004,BID
1444269555,1578.98,0.001,ASK
1444269557,1578.98,0.001,ASK
1444269559,1578.98,0.001,ASK
1444269560,1578.98,0.307,ASK
1444269561,1578.98,0.001,ASK
1444269561,1578.98,0.1373,ASK
1444269562,1578.98,0.1373,ASK
1444269563,1579.0,0.004,BID
1444269564,1578.98,0.001,ASK
1444269566,1578.98,0.01,ASK
1444269567,1578.98,0.001,ASK
1444269568,1578.98,0.001,ASK
1444269568,1579.0,0.0068,BID
1444269569,1578.98,0.001,ASK
1444269571,1578.98,0.001,ASK
1444269573,1579.0,0.004,BID
1444269574,1578.98,0.001,ASK
1444269576,1578.98,0.01,ASK
1444269576,1578.98,0.001,ASK
1444269578,1578.98,0.001,ASK
1444269580,1578.98,0.001,ASK
1444269583,1579.0,0.004,BID
1444269585,1578.98,0.001,ASK
1444269589,1578.98,0.001,ASK
1444269592,1578.98,0.001,ASK
1444269594,1578.98,0.001,ASK
1444269594,1579.0,0.001,BID
1444269595,1578.98,3.536,ASK
1444269598,1578.84,0.001,ASK
1444269600,1578.98,0.004,BID
1444269617,1578.87,0.001,BID
1444269617,1578.98,0.009,BID
1444269618,1578.85,0.001,ASK
1444269623,1578.85,0.01,ASK
1444269633,1578.85,0.01,ASK
1444269640,1578.88,0.001,ASK
1444269642,1578.86,6.0,ASK
1444269642,1578.86,3.0,ASK
1444269642,1578.86,10.638,ASK
1444269663,1578.99,0.0544,BID
1444269663,1579.0,1.9456,BID
1444269663,1579.0,2.58,BID
1444269663,1579.0,0.1,BID
1444269664,1579.0,0.0544,BID
1444269665,1579.0,0.791,BID
1444269670,1579.0,0.662,BID
1444269670,1578.99,6.765,BID
1444269671,1579.0,0.6333,BID
1444269672,1578.9,5.0,BID
1444269672,1578.9,3.612,BID
1444269672,1579.0,0.6333,BID
1444269673,1579.0,0.7,BID
1444269673,1579.0,0.6333,BID
1444269674,1579.0,0.6333,BID
1444269675,1579.0,0.433,BID
1444269676,1579.0,0.6333,BID
1444269677,1579.0,0.6333,BID
1444269677,1579.0,0.2146,BID
1444269680,1579.02,0.837,ASK
1444269680,1579.01,0.4187,ASK
1444269680,1579.01,0.6333,ASK
1444269682,1578.98,0.272,BID
1444269683,1578.98,0.6333,BID
1444269684,1578.98,0.6333,BID
1444269684,1578.98,0.462,BID
1444269685,1578.98,0.6333,BID
1444269687,1578.98,0.6333,BID
1444269687,1578.98,0.8,BID
1444269689,1578.98,0.6333,BID
1444269690,1578.89,0.001,ASK
1444269691,1578.98,0.6333,BID
1444269692,1578.98,0.6333,BID
1444269693,1578.98,0.3189,BID
1444269693,1578.98,0.6333,BID
1444269694,1578.98,0.5706,BID
1444269697,1579.01,0.22,BID
1444269698,1579.01,0.43,BID
1444269705,1579.03,0.1867,BID
1444269706,1579.03,0.1867,BID
1444269706,1579.03,0.0524,BID
1444269707,1579.06,0.2391,BID
1444269710,1579.06,0.0057,BID
1444269715,1579.18,0.001,ASK
1444269721,1579.18,0.01,ASK
1444269729,1579.18,0.0087,ASK
1444269729,1579.17,0.0013,ASK
1444269751,1579.05,0.04,ASK
1444269751,1579.04,0.3734,ASK
1444269751,1579.04,0.4258,ASK
1444269751,1579.03,0.0317,ASK
1444269751,1579.02,0.2033,ASK
1444269751,1579.02,0.43,ASK
1444269751,1578.99,0.0627,ASK
1444269751,1578.99,0.6333,ASK
1444269754,1578.99,0.6,BID
1444269756,1578.99,5.7,BID
1444269759,1578.98,0.009,ASK
1444269760,1578.99,1.0,BID
1444269761,1578.99,0.6333,BID
1444269762,1578.99,0.648,BID
1444269762,1578.99,0.6333,BID
1444269764,1578.99,0.6333,BID
1444269766,1578.99,1.0,BID
1444269766,1578.99,0.6333,BID
1444269767,1578.99,0.6333,BID
1444269768,1578.99,0.6333,BID
1444269769,1578.99,0.6333,BID
1444269770,1578.99,0.1,BID
1444269770,1578.99,0.6333,BID
1444269772,1578.99,0.6333,BID
1444269773,1578.92,4.0,BID
1444269773,1578.92,13.994,BID
1444269773,1578.99,1.0,BID
1444269773,1578.99,0.6333,BID
1444269774,1578.99,0.6333,BID
1444269778,1578.98,0.0317,BID
1444269778,1578.98,0.04,BID
1444269778,1578.99,0.4283,BID
1444269779,1578.99,0.01,BID
1444269779,1578.99,0.0717,BID
1444269780,1578.99,1.0,BID
1444269781,1578.99,0.6333,BID
1444269782,1578.99,0.6333,BID
1444269783,1578.99,0.6333,BID
1444269783,1578.99,1.0,BID
1444269784,1578.99,0.6333,BID
1444269786,1578.99,0.6333,BID
1444269786,1578.99,0.4,BID
1444269786,1578.99,1.729,BID
1444269787,1578.99,0.8,BID
1444269787,1578.99,0.5,BID
1444269788,1578.99,0.6333,BID
1444269788,1578.99,0.6333,BID
1444269789,1578.99,0.6333,BID
1444269790,1578.99,5.0,BID
1444269791,1578.99,0.6333,BID
1444269792,1578.99,0.6333,BID
1444269793,1578.99,0.6333,BID
1444269794,1578.99,0.3299,BID
1444269794,1578.99,0.6333,BID
1444269797,1578.99,0.1278,BID
1444269798,1578.99,0.5,BID
1444269798,1578.99,0.1026,BID
1444269799,1578.98,16.0,BID
1444269799,1578.98,1.318,BID
1444269799,1578.99,0.1278,BID
1444269800,1578.99,0.0702,BID
1444269802,1578.91,0.005,BID
1444269802,1578.99,0.595,BID
1444269813,1578.99,0.6,BID
1444269823,1578.89,0.001,ASK
1444269883,1578.9,2.4,ASK
1444269883,1578.89,0.0524,ASK
1444269883,1578.85,0.1276,ASK
1444269889,1578.85,0.0439,ASK
1444269889,1578.84,0.0001,ASK
1444269890,1578.84,0.0189,ASK
1444269894,1578.84,0.005,BID
1444269895,1578.84,0.02,BID
1444269895,1578.84,0.0309,BID
1444269900,1578.81,0.058,ASK
1444269900,1578.88,0.004,BID
1444269901,1578.81,0.022,ASK
1444269901,1578.74,0.1087,ASK
1444269901,1578.73,0.0023,ASK
1444269903,1578.73,0.0007,ASK
1444269921,1578.7,0.0013,BID
1444269944,1578.69,0.001,BID
1444269966,1578.69,0.001,BID
1444269967,1578.52,0.1162,ASK
1444269968,1578.51,0.3495,BID
1444269976,1578.53,0.349,ASK
1444269977,1578.5,0.2291,ASK
1444269978,1578.5,0.1489,BID
1444269978,1578.52,0.2001,BID
1444269978,1578.52,0.0201,BID
1444269979,1578.49,0.0295,ASK
1444269979,1578.49,0.05,ASK
1444269979,1578.41,0.2263,ASK
1444269979,1578.52,0.0479,BID
1444269980,1578.5,0.005,ASK
1444269981,1578.48,0.0745,BID
1444269981,1578.52,0.0809,BID
1444269981,1578.69,0.2746,BID
1444269983,1578.5,0.005,BID
1444269983,1578.7,0.122,BID
1444269991,1578.4,0.1352,ASK
1444269991,1578.26,0.003,ASK
1444269991,1578.11,0.025,ASK
1444269991,1578.1,0.5,ASK
1444269991,1578.06,0.02,ASK
1444269991,1578.05,0.4,ASK
1444269991,1578.04,0.0614,ASK
1444269991,1578.03,0.228,ASK
1444269991,1578.03,1.0,ASK
1444269991,1578.01,0.116,ASK
1444269991,1578.0,0.3,ASK
1444269991,1578.0,10.4563,ASK
1444269992,1578.0,1.344,BID
1444269992,1578.0,0.0097,BID
1444269993,1578.0,0.2,BID
1444269994,1578.0,0.61,BID
1444269994,1578.0,3.0,BID
1444269994,1578.0,0.5,BID
1444269994,1578.0,1.0,BID
1444269994,1578.0,1.549,BID
1444269994,1578.0,0.125,BID
1444269995,1578.0,4.3159,BID
1444269995,1578.0,0.5,BID
1444269995,1578.0,0.5,BID
1444269995,1578.0,13.682,BID
1444269996,1578.0,2.58,BID
1444269996,1578.0,2.0,BID
1444269996,1578.0,0.483,BID
1444269996,1578.0,0.044,BID
1444269996,1578.0,5.0,BID
1444269997,1578.0,0.2,BID
1444269997,1578.0,0.1,BID
1444269997,1578.0,0.01,BID
1444269998,1578.0,0.0025,BID
1444269999,1578.02,0.06,BID
1444269999,1578.69,0.0614,BID
1444269999,1578.69,0.025,BID
1444269999,1578.69,0.02,BID
1444269999,1578.7,0.8336,BID
1444270006,1578.68,0.0749,BID
1444270006,1578.69,0.5,BID
1444270006,1578.7,0.4251,BID
1444270007,1578.7,1.379,BID
1444270012,1578.7,1.0,BID
1444270015,1578.52,0.5268,ASK
1444270015,1578.51,0.132,ASK
1444270015,1578.5,0.02,ASK
1444270015,1578.0,0.001,ASK
1444270015,1577.82,0.541,ASK
1444270015,1577.78,0.8,ASK
1444270015,1577.01,0.5,ASK
1444270015,1577.0,0.3,ASK
1444270016,1577.0,0.0263,BID
1444270016,1577.0,0.027,BID
1444270017,1577.0,0.268,BID
1444270017,1577.0,0.2,BID
1444270018,1577.0,0.17,BID
1444270018,1577.0,1.0,BID
1444270018,1577.0,0.12,BID
1444270018,1577.0,0.5,BID
1444270018,1577.0,3.561,BID
1444270018,1577.0,0.027,BID
1444270018,1577.0,2.5,BID
1444270018,1577.0,1.405,BID
1444270018,1577.0,0.2,BID
1444270018,1577.0,0.4289,BID
1444270018,1577.0,0.12,BID
1444270018,1577.0,0.736,BID
1444270019,1577.0,0.2,BID
1444270019,1577.0,0.132,BID
1444270019,1577.0,1.0,BID
1444270021,1577.0,1.0,BID
1444270021,1577.0,0.27,BID
1444270021,1577.0,2.0,BID
1444270021,1577.0,0.5,BID
1444270021,1577.0,2.067,BID
1444270021,1577.0,0.1658,BID
1444270031,1577.99,0.2358,BID
1444270031,1577.99,0.015,BID
1444270032,1578.0,0.3,BID
1444270033,1577.99,0.015,ASK
1444270038,1578.66,0.011,BID
1444270038,1578.67,0.5268,BID
1444270038,1578.69,0.3999,BID
1444270038,1578.69,0.0485,BID
1444270038,1578.7,1.0138,BID
1444270042,1578.66,0.5,BID
1444270042,1578.69,0.0123,BID
1444270042,1578.7,0.4877,BID
1444270044,1578.7,1.0,BID
1444270046,1578.69,2.58,ASK
1444270047,1578.69,0.65,ASK
1444270048,1578.69,0.65,ASK
1444270049,1578.69,0.65,ASK
1444270050,1578.69,0.65,ASK
1444270051,1578.69,0.65,ASK
1444270052,1578.7,0.5,BID
1444270052,1578.7,0.01,BID
1444270053,1578.69,0.65,ASK
1444270055,1578.69,0.65,ASK
1444270056,1578.69,0.65,ASK
1444270057,1578.69,0.65,ASK
1444270058,1578.69,0.65,ASK
1444270060,1578.69,0.65,ASK
1444270061,1578.69,0.65,ASK
1444270062,1578.69,0.65,ASK
1444270064,1578.69,0.65,ASK
1444270065,1578.69,0.65,ASK
1444270065,1578.69,0.001,ASK
1444270066,1578.69,0.65,ASK
1444270067,1578.69,0.65,ASK
1444270069,1578.69,0.65,ASK
1444270070,1578.7,0.397,BID
1444270070,1578.69,0.65,ASK
1444270071,1578.7,1.0305,BID
1444270081,1578.79,0.01,BID
1444270088,1578.79,0.01,BID
1444270094,1578.79,0.01,BID
1444270101,1578.79,0.196,BID
1444270102,1578.79,0.0003,BID
1444270119,1578.8,0.001,ASK
1444270119,1578.87,0.01,BID
1444270127,1578.87,0.01,BID
1444270127,1578.87,0.0887,BID
1444270147,1579.0,0.3,BID
1444270149,1579.01,0.0097,ASK
1444270152,1579.01,0.2903,ASK
1444270152,1579.01,0.17,ASK
1444270152,1578.95,0.5267,ASK
1444270152,1578.94,0.4013,ASK
1444270152,1578.88,0.0987,ASK
1444270152,1578.86,0.005,ASK
1444270152,1578.81,0.0128,ASK
1444270152,1578.8,0.195,ASK
1444270152,1578.8,0.06,ASK
1444270152,1578.8,0.2797,BID
1444270153,1578.8,0.1205,BID
1444270154,1578.8,0.491,BID
1444270155,1578.8,1.001,BID
1444270155,1578.8,0.6334,BID
1444270156,1578.8,0.6334,BID
1444270157,1578.8,0.6334,BID
1444270158,1578.8,1.0,BID
1444270159,1578.8,0.6334,BID
1444270160,1578.8,0.6334,BID
1444270161,1578.8,0.6334,BID
1444270162,1578.8,0.01,BID
1444270162,1578.8,0.6334,BID
1444270164,1578.8,0.6334,BID
1444270164,1578.8,0.3566,BID
1444270164,1578.99,0.06,BID
1444270167,1579.15,0.583,ASK
1444270168,1579.15,0.0004,ASK
1444270175,1579.08,0.001,ASK
1444270179,1579.14,0.01,BID
1444270192,1578.86,0.1,BID
1444270198,1579.12,0.0263,BID
1444270198,1579.13,0.1735,BID
1444270205,1579.1,0.01,BID
1444270211,1579.07,0.3532,BID
1444270211,1579.09,0.0026,BID
1444270223,1579.13,0.005,ASK
1444270229,1579.13,0.218,ASK
1444270230,1579.13,0.65,ASK
1444270231,1579.13,0.65,ASK
1444270232,1579.14,0.573,BID
1444270232,1579.27,0.1998,BID
1444270232,1579.28,0.0192,BID
1444270232,1579.29,0.208,BID
1444270232,1579.13,0.65,ASK
1444270241,1579.28,0.001,BID
1444270244,1579.17,0.0013,ASK
1444270245,1579.17,0.1299,ASK
1444270245,1579.16,0.0287,ASK
1444270245,1579.15,0.0224,ASK
1444270248,1579.16,0.131,BID
1444270249,1579.16,0.0002,BID
1444270259,1579.17,0.131,ASK
1444270259,1579.15,0.5506,ASK
1444270259,1579.15,0.0211,ASK
1444270259,1579.15,0.0426,ASK
1444270259,1579.14,1.2547,ASK
1444270271,1579.16,0.01,BID
1444270275,1579.14,0.1245,ASK
1444270275,1579.14,0.0275,ASK
1444270276,1579.13,0.152,ASK
1444270279,1579.14,0.026,BID
1444270281,1579.14,0.5,BID
1444270282,1579.14,0.6333,BID
1444270285,1579.14,0.5,BID
1444270285,1579.14,0.1887,BID
1444270290,1579.16,0.01,BID
1444270295,1579.16,0.111,BID
1444270295,1579.3,0.0197,BID
1444270295,1579.62,0.002,BID
1444270295,1579.66,0.002,BID
1444270295,1579.94,0.0173,BID
1444270295,1579.95,0.01,BID
1444270295,1579.95,0.345,BID
1444270295,1579.96,0.3636,BID
1444270295,1579.98,0.069,BID
1444270295,1579.99,0.0604,BID
1444270299,1579.19,0.001,ASK
1444270309,1579.23,0.5266,ASK
1444270310,1579.2,0.0172,BID
1444270311,1579.2,0.06,BID
1444270312,1579.2,1.0,BID
1444270312,1579.2,0.6332,BID
1444270313,1579.2,0.6332,BID
1444270314,1579.2,1.0,BID
1444270315,1579.2,0.6332,BID
1444270316,1579.2,0.6332,BID
1444270317,1579.19,0.004,ASK
1444270318,1579.19,0.6332,BID
1444270320,1579.19,0.6816,BID
1444270320,1579.2,0.3184,BID
1444270321,1579.2,0.6332,BID
1444270324,1579.2,1.0,BID
1444270325,1579.2,0.6332,BID
1444270327,1579.2,0.6,BID
1444270329,1579.2,0.1,BID
1444270336,1579.2,0.01,BID
1444270336,1579.19,0.0252,ASK
1444270336,1579.19,0.0252,ASK
1444270336,1579.18,1.3793,ASK
1444270338,1579.18,0.578,BID
1444270340,1579.18,0.5216,BID
1444270342,1579.18,0.0783,BID
1444270344,1579.18,0.01,BID
1444270344,1579.18,1.0,BID
1444270345,1579.18,0.0117,BID
1444270350,1579.17,0.0013,ASK
1444270350,1579.17,0.1097,ASK
1444270350,1579.17,0.002,ASK
1444270351,1579.17,1.0,BID
1444270355,1579.17,0.01,BID
1444270358,1579.17,0.01,BID
1444270358,1579.17,0.2476,BID
1444270358,1579.18,0.0504,BID
1444270358,1579.19,0.0284,BID
1444270358,1579.2,0.5686,BID
1444270359,1579.36,0.06,ASK
1444270369,1579.5,5.2662,ASK
1444270369,1579.37,1.3791,ASK
1444270369,1579.36,0.045,ASK
1444270369,1579.21,0.6,ASK
1444270369,1579.19,0.0134,ASK
1444270369,1579.18,0.2676,ASK
1444270369,1579.16,0.015,ASK
1444270369,1579.16,0.0287,ASK
1444270369,1579.15,0.4446,ASK
1444270369,1579.15,0.4073,ASK
1444270372,1579.38,0.002,ASK
1444270388,1579.44,0.0263,BID
1444270388,1579.5,0.5348,BID
1444270389,1579.94,0.0267,ASK
1444270389,1579.94,0.57,ASK
1444270390,1579.94,0.616,ASK
1444270390,1579.94,2.0,ASK
1444270392,1579.94,0.65,ASK
1444270392,1579.94,0.362,ASK
1444270392,1579.94,1.926,ASK
1444270393,1579.94,0.989,ASK
1444270393,1579.94,0.65,ASK
1444270394,1579.94,2.0,ASK
1444270394,1579.94,0.65,ASK
1444270394,1579.94,0.36,ASK
1444270394,1579.94,0.124,ASK
1444270395,1579.94,0.65,ASK
1444270395,1579.94,0.5266,ASK
1444270396,1579.94,0.081,ASK
1444270396,1579.94,0.65,ASK
1444270396,1579.94,0.952,ASK
1444270397,1579.94,0.476,ASK
1444270397,1579.94,0.227,ASK
1444270397,1579.94,0.65,ASK
1444270399,1579.94,0.65,ASK
1444270399,1579.94,0.0509,ASK
1444270400,1579.94,0.1384,ASK
1444270400,1579.94,0.65,ASK
1444270401,1579.94,0.65,ASK
1444270401,1579.94,0.01,ASK
1444270402,1579.94,0.65,ASK
1444270403,1579.94,0.1813,ASK
1444270403,1579.94,0.01,ASK
1444270403,1579.94,0.65,ASK
1444270404,1579.94,0.65,ASK
1444270405,1579.94,0.42,ASK
1444270406,1579.94,0.65,ASK
1444270406,1579.94,0.1395,ASK
1444270407,1579.94,0.65,ASK
1444270407,1579.94,0.932,ASK
1444270408,1579.94,0.65,ASK
1444270409,1579.94,0.01,ASK
1444270410,1579.94,0.65,ASK
1444270411,1579.94,0.65,ASK
1444270412,1579.94,0.65,ASK
1444270413,1579.94,0.65,ASK
1444270414,1579.94,0.65,ASK
1444270415,1579.94,0.65,ASK
1444270416,1579.94,0.65,ASK
1444270416,1579.94,0.4,ASK
1444270417,1579.94,0.65,ASK
1444270418,1579.94,0.65,ASK
1444270420,1579.94,0.65,ASK
1444270421,1579.94,0.65,ASK
1444270422,1579.94,0.65,ASK
1444270423,1579.94,0.0073,ASK
1444270443,1579.88,0.01,BID
1444270443,1579.9,0.0994,BID
1444270443,1579.93,0.6427,BID
1444270443,1579.94,0.0058,BID
1444270443,1579.97,0.002,BID
1444270443,1579.97,0.005,BID
1444270443,1579.98,0.1187,BID
1444270443,1579.98,0.025,BID
1444270443,1579.99,1.8114,BID
1444270445,1579.92,0.42,BID
1444270455,1579.91,0.001,ASK
1444270457,1579.92,0.08,BID
1444270462,1579.99,0.4032,BID
1444270464,1579.99,0.6329,BID
1444270465,1579.99,0.343,BID
1444270465,1579.99,0.2899,BID
1444270466,1579.93,0.08,ASK
1444270466,1579.92,0.0113,ASK
1444270466,1579.92,0.1354,ASK
1444270466,1579.92,0.05,ASK
1444270466,1579.91,11.1099,ASK
1444270481,1579.98,0.01,BID
1444270485,1579.96,0.0012,ASK
1444270491,1579.98,0.0013,BID
1444270491,1579.98,0.0087,BID
1444270491,1579.94,0.1425,ASK
1444270491,1579.92,0.01,ASK
1444270491,1579.91,1.1127,ASK
1444270497,1579.98,0.0413,BID
1444270497,1579.98,0.0392,BID
1444270497,1579.99,0.9195,BID
1444270501,1579.98,0.01,BID
1444270503,1579.98,0.0445,BID
1444270503,1579.99,1.0906,BID
1444270503,1579.99,0.0517,BID
1444270503,1580.0,0.3,BID
1444270503,1580.0,2.0,BID
1444270503,1580.2,0.0332,BID
1444270507,1580.2,0.136,BID
1444270511,1580.02,0.0031,ASK
1444270515,1580.2,0.01,BID
1444270522,1580.2,0.1029,BID
1444270523,1580.2,0.6328,BID
1444270524,1580.19,13.656,BID
1444270524,1580.2,0.0851,BID
1444270524,1580.22,0.9149,BID
1444270525,1580.22,0.1059,BID
1444270525,1580.22,2.0705,BID
1444270525,1580.83,0.186,BID
1444270525,1581.0,0.21,BID
1444270526,1580.21,0.0108,ASK
1444270536,1580.24,0.01,ASK
1444270549,1580.29,0.5265,ASK
1444270549,1580.28,0.06,ASK
1444270549,1580.27,0.0545,ASK
1444270549,1580.25,0.0141,ASK
1444270549,1580.24,0.2813,ASK
1444270549,1580.23,0.0689,ASK
1444270549,1580.22,1.2947,ASK
1444270561,1580.24,0.0062,BID
1444270561,1580.71,0.067,BID
1444270561,1580.72,0.0263,BID
1444270561,1580.74,0.01,BID
1444270562,1580.74,0.0094,ASK
1444270602,1580.33,0.0282,ASK
1444270632,1580.67,0.0208,BID
1444270632,1580.67,0.06,BID
1444270632,1580.67,0.033,BID
1444270632,1580.66,1.0,BID
1444270632,1580.66,2.423,BID
1444270642,1580.64,0.0248,ASK
1444270644,1580.62,10.0,ASK
1444270644,1580.62,1.0,ASK
1444270644,1580.62,3.139,ASK
1444270644,1580.35,0.002,ASK
1444270646,1580.35,0.058,ASK
1444270646,1580.34,0.1348,ASK
1444270649,1580.34,0.002,BID
1444270651,1580.46,0.068,ASK
1444270651,1580.4,0.01,ASK
1444270652,1580.33,0.05,BID
1444270653,1580.47,0.0325,ASK
1444270657,1580.46,0.001,BID
1444270670,1580.26,0.0068,ASK
1444270679,1580.61,0.0127,BID
1444270692,1580.4,0.001,ASK
1444270715,1580.41,0.0036,ASK
1444270737,1580.41,0.0019,ASK
1444270746,1580.51,0.4141,BID
1444270746,1580.59,0.1,BID
1444270747,1580.61,0.0207,ASK
1444270748,1580.61,1.06,ASK
1444270749,1580.61,0.65,ASK
1444270750,1580.61,0.65,ASK
1444270750,1580.61,0.683,ASK
1444270751,1580.61,0.65,ASK
1444270752,1580.61,0.65,ASK
1444270752,1580.62,0.001,BID
1444270754,1580.61,0.35,ASK
1444270754,1580.61,0.0824,ASK
1444270755,1580.61,0.493,ASK
1444270755,1580.61,0.65,ASK
1444270756,1580.61,0.65,ASK
1444270757,1580.61,0.65,ASK
1444270758,1580.61,0.4057,ASK
1444270762,1580.58,0.0027,ASK
1444270766,1580.6,0.001,BID
1444270769,1580.58,0.083,ASK
1444270770,1580.58,0.0223,ASK
1444270778,1580.42,0.0201,BID
1444270779,1580.42,0.034,BID
1444270784,1580.56,0.001,BID
1444270786,1580.43,0.0541,ASK
1444270786,1580.43,0.0246,ASK
1444270786,1580.42,0.0258,ASK
1444270787,1580.42,0.027,BID
1444270788,1580.41,0.007,ASK
1444270788,1580.41,0.5092,ASK
1444270788,1580.41,0.0562,ASK
1444270788,1580.41,0.0247,BID
1444270789,1580.4,0.02,ASK
1444270789,1580.4,0.5209,ASK
1444270793,1580.42,0.0517,BID
1444270793,1580.57,0.083,BID
1444270793,1580.57,0.1053,BID
1444270793,1580.57,0.001,BID
1444270793,1580.59,0.0201,BID
1444270793,1580.59,0.0183,BID
1444270793,1580.6,0.2433,BID
1444270793,1580.6,0.65,BID
1444270793,1580.61,0.068,BID
1444270793,1580.62,0.0815,BID
1444270793,1580.65,0.1348,BID
1444270793,1580.67,0.0208,BID
1444270793,1580.68,0.4155,BID
1444270793,1580.74,0.013,BID
1444270793,1580.97,1.255,BID
1444270804,1580.97,0.0397,BID
1444270804,1580.98,0.059,BID
1444270804,1580.99,1.18,BID
1444270804,1581.0,0.09,BID
1444270804,1581.0,0.5,BID
1444270804,1581.0,0.5937,BID
1444270805,1581.0,0.1667,ASK
1444270809,1580.81,0.3333,BID
1444270809,1580.83,0.1416,BID
1444270811,1581.02,0.1883,BID
1444270811,1581.14,0.0397,BID
1444270815,1580.45,0.002,ASK
1444270839,1581.0,1.18,ASK
1444270848,1581.01,0.313,ASK
1444270851,1581.01,1.0658,ASK
1444270851,1581.0,3.1542,ASK
1444270852,1581.0,0.65,ASK
1444270864,1581.0,2.157,ASK
1444270865,1581.01,0.004,ASK
1444270865,1581.0,0.646,ASK
1444270866,1581.0,0.65,ASK
1444270868,1581.0,0.866,ASK
1444270869,1581.0,0.1759,ASK
1444270870,1581.02,7.047,ASK
1444270877,1581.01,0.02,ASK
1444270959,1581.01,0.0088,ASK
1444270959,1581.0,0.0052,ASK
1444270982,1581.0,0.022,ASK
1444270988,1581.0,0.11,ASK
1444270996,1581.0,0.233,ASK
1444270999,1581.0,0.0429,ASK
1444271003,1581.0,0.047,ASK
1444271005,1581.0,0.0608,ASK
1444271005,1580.81,0.06,ASK
1444271005,1580.56,0.09,ASK
1444271005,1580.49,0.0106,ASK
1444271005,1580.49,0.09,ASK
