timestamp,price,amount,side
1445212766,1726.27,0.01,ASK
1445212767,1726.7,0.0994,ASK
1445212767,1726.27,0.07,ASK
1445212767,1726.27,0.1,ASK
1445212767,1726.27,0.1,ASK
1445212767,1726.27,0.0406,ASK
1445212767,1726.27,0.0594,ASK
1445212768,1725.55,0.0302,BID
1445212771,1725.55,0.01,BID
1445212774,1725.55,0.0398,BID
1445212781,1725.9,0.025,ASK
1445212781,1725.7,0.019,ASK
1445212781,1725.69,0.307,ASK
1445212783,1725.7,0.019,ASK
1445212784,1725.2,0.01,BID
1445212784,1725.68,0.38,BID
1445212789,1726.32,0.099,BID
1445212795,1727.11,0.0014,ASK
1445212795,1726.35,0.01,ASK
1445212795,1726.33,0.0006,ASK
1445212798,1727.01,0.0014,ASK
1445212798,1726.34,0.0086,ASK
1445212800,1727.63,0.0014,BID
1445212811,1726.14,0.5379,ASK
1445212811,1725.7,0.0269,BID
1445212812,1725.7,0.0173,BID
1445212813,1725.7,0.02,BID
1445212814,1725.7,0.1019,BID
1445212814,1725.7,0.199,BID
1445212814,1725.7,0.097,BID
1445212819,1726.32,0.01,ASK
1445212819,1726.32,0.11,ASK
1445212820,1725.72,0.0726,ASK
1445212820,1725.72,0.0433,ASK
1445212820,1725.71,0.0141,ASK
1445212823,1725.71,0.435,ASK
1445212839,1725.53,0.0302,BID
1445212849,1725.52,0.01,BID
1445212849,1725.53,0.0558,BID
1445212849,1726.49,0.108,BID
1445212853,1726.47,0.115,BID
1445212853,1726.48,0.099,BID
1445212858,1726.47,0.302,BID
1445212867,1726.45,0.302,BID
1445212867,1726.47,8.0418,BID
1445212868,1726.5,0.5,ASK
1445212868,1726.5,0.0151,ASK
1445212868,1726.5,0.0287,ASK
1445212868,1726.5,0.1529,ASK
1445212869,1726.5,11.8928,ASK
1445212869,1726.5,0.01,ASK
1445212870,1726.5,0.994,ASK
1445212870,1726.5,0.695,ASK
1445212870,1726.5,0.116,ASK
1445212870,1726.5,0.038,ASK
1445212870,1726.5,0.116,ASK
1445212870,1726.5,0.076,ASK
1445212871,1726.5,0.192,ASK
1445212871,1727.31,7.0,ASK
1445212871,1727.31,5.0,ASK
1445212871,1727.31,0.869,ASK
1445212873,1726.5,0.119,ASK
1445212873,1726.5,0.119,ASK
1445212873,1726.5,0.01,ASK
1445212873,1726.5,0.119,ASK
1445212875,1726.5,0.103,ASK
1445212876,1726.51,0.01,BID
1445212877,1726.51,0.01,ASK
1445212878,1726.51,0.01,ASK
1445212880,1727.19,0.01,BID
1445212892,1726.52,0.0318,ASK
1445212892,1726.52,0.1202,ASK
1445212892,1726.52,0.0148,ASK
1445212892,1726.51,0.0852,ASK
1445212895,1726.53,0.5,ASK
1445212896,1726.54,0.01,ASK
1445212897,1726.54,0.01,ASK
1445212898,1726.54,0.18,ASK
1445212899,1726.54,0.01,ASK
1445212900,1726.54,0.056,ASK
1445212900,1726.54,0.036,ASK
1445212900,1726.54,0.298,ASK
1445212903,1726.53,0.02,BID
1445212904,1726.53,0.262,BID
1445212904,1726.75,0.0101,BID
1445212904,1726.76,0.2021,BID
1445212904,1727.02,0.0384,BID
1445212904,1727.04,0.01,BID
1445212904,1727.38,0.04,BID
1445212904,1727.39,0.1468,BID
1445212904,1727.41,0.4706,BID
1445212905,1727.4,0.025,BID
1445212906,1727.66,0.0833,BID
1445212906,1727.67,0.1137,BID
1445212908,1727.5,0.01,ASK
1445212912,1727.5,0.356,ASK
1445212912,1727.5,0.013,ASK
1445212913,1727.5,0.986,ASK
1445212913,1727.5,2.0,ASK
1445212915,1727.67,0.094,BID
1445212915,1727.58,0.0014,ASK
1445212915,1727.5,0.0346,ASK
1445212915,1727.5,0.1503,ASK
1445212917,1727.66,0.0302,BID
1445212917,1727.67,1.4172,BID
1445212917,1727.67,0.0014,BID
1445212918,1727.51,0.011,ASK
1445212918,1727.67,0.0302,BID
1445212918,1727.67,0.01,BID
1445212919,1727.66,19.223,BID
1445212921,1727.66,0.011,BID
1445212921,1727.67,0.138,BID
1445212922,1727.58,0.0014,ASK
1445212922,1727.51,0.0105,ASK
1445212922,1727.5,0.0891,ASK
1445212922,1727.5,0.101,ASK
1445212924,1727.51,0.01,ASK
1445212925,1727.66,0.0105,BID
1445212925,1727.66,0.01,ASK
1445212926,1727.66,0.01,ASK
1445212926,1727.66,0.02,ASK
1445212926,1727.66,0.175,ASK
1445212927,1727.66,0.5,ASK
1445212928,1727.66,0.01,ASK
1445212928,1727.66,1.2039,ASK
1445212928,1727.66,0.02,ASK
1445212928,1727.66,0.7,ASK
1445212928,1727.66,0.01,ASK
1445212929,1727.66,0.137,ASK
1445212930,1727.66,0.01,ASK
1445212931,1727.66,0.01,ASK
1445212931,1727.67,0.099,BID
1445212931,1727.66,0.01,ASK
1445212932,1727.66,0.01,ASK
1445212933,1727.67,0.0309,BID
1445212934,1727.67,0.0098,BID
1445212934,1727.66,0.038,ASK
1445212938,1727.67,0.0779,BID
1445212938,1727.66,0.01,ASK
1445212939,1727.66,0.08,ASK
1445212939,1727.66,0.4,ASK
1445212940,1727.67,0.2169,BID
1445212943,1727.67,0.1694,BID
1445212945,1727.66,0.168,ASK
1445212947,1727.67,0.002,BID
1445212953,1727.66,0.01,ASK
1445212955,1727.66,0.061,ASK
1445212955,1727.66,0.007,ASK
1445212955,1727.54,0.0153,ASK
1445212955,1727.5,0.0204,ASK
1445212955,1726.6,0.0324,ASK
1445212955,1726.59,0.0049,ASK
1445212971,1727.66,0.01,BID
1445212971,1727.66,0.0154,BID
1445212971,1727.67,0.01,BID
1445212973,1727.67,0.063,BID
1445212973,1727.67,0.0154,BID
1445212983,1727.25,0.01,ASK
1445212986,1727.67,0.026,BID
1445213000,1726.85,0.01,BID
1445213004,1727.66,0.01,BID
1445213004,1727.67,0.393,BID
1445213004,1727.67,0.0005,BID
1445213008,1727.94,0.012,ASK
1445213011,1728.03,0.01,ASK
1445213013,1727.68,0.01,ASK
1445213018,1726.69,0.129,ASK
1445213030,1728.32,0.001,BID
1445213038,1728.12,0.012,BID
1445213040,1728.11,0.012,ASK
1445213040,1728.12,0.01,BID
1445213043,1727.15,0.0147,ASK
1445213043,1727.04,0.5,ASK
1445213043,1727.03,0.025,ASK
1445213043,1727.03,0.1546,ASK
1445213043,1727.03,0.0103,ASK
1445213043,1727.02,8.0958,ASK
1445213044,1727.61,0.016,BID
1445213047,1727.72,0.0135,BID
1445213049,1727.81,0.01,ASK
1445213050,1728.09,0.016,BID
1445213054,1727.31,0.01,BID
1445213057,1728.83,0.01,BID
1445213057,1728.1,0.013,ASK
1445213060,1728.11,0.01,ASK
1445213064,1728.82,0.01,BID
1445213064,1728.83,0.103,BID
1445213064,1728.97,0.1093,BID
1445213064,1728.97,0.0103,BID
1445213064,1728.97,0.0249,BID
1445213064,1728.98,0.1935,BID
1445213066,1728.41,0.01,ASK
1445213069,1728.98,0.0424,BID
1445213069,1728.98,0.0375,BID
1445213069,1728.99,0.1501,BID
1445213070,1728.97,2.0,BID
1445213070,1728.97,4.012,BID
1445213072,1728.84,0.03,ASK
1445213079,1728.34,0.01,BID
1445213079,1728.96,0.0211,BID
1445213079,1728.96,0.0619,BID
1445213081,1728.96,0.3446,BID
1445213081,1728.96,0.0554,BID
1445213085,1728.94,0.35,BID
1445213087,1728.17,0.01,ASK
1445213088,1728.94,0.1,BID
1445213091,1728.94,0.05,BID
1445213091,1728.94,0.0607,BID
1445213091,1728.94,0.01,BID
1445213091,1728.94,0.01,BID
1445213091,1728.95,1.8693,BID
1445213092,1728.18,0.01,ASK
1445213092,1728.94,2.0,BID
1445213092,1728.94,4.0,BID
1445213092,1728.94,3.545,BID
1445213110,1729.31,0.016,BID
1445213112,1729.28,0.019,ASK
1445213115,1729.29,0.014,ASK
1445213120,1729.56,0.01,ASK
1445213120,1729.36,0.1859,ASK
1445213120,1728.94,0.0041,ASK
1445213125,1729.27,0.012,ASK
1445213129,1728.97,0.01,ASK
1445213132,1729.77,0.17,ASK
1445213132,1729.77,0.0003,ASK
1445213132,1728.97,0.01,ASK
1445213136,1729.29,0.01,ASK
1445213139,1728.99,0.01,ASK
1445213139,1729.57,0.014,BID
1445213143,1729.01,0.01,ASK
1445213145,1729.58,0.0097,BID
1445213145,1729.97,0.01,BID
1445213145,1729.97,0.01,BID
1445213145,1729.97,0.01,BID
1445213145,1729.98,0.4603,BID
1445213145,1729.0,0.01,ASK
1445213150,1729.21,0.011,ASK
1445213155,1729.02,0.01,ASK
1445213163,1729.96,0.01,BID
1445213166,1729.77,0.165,ASK
1445213167,1729.78,0.01,ASK
1445213168,1729.97,0.01,BID
1445213168,1729.98,0.501,BID
1445213169,1729.98,0.1639,BID
1445213171,1729.97,0.01,BID
1445213171,1729.98,0.622,BID
1445213171,1729.98,0.7331,BID
1445213171,1729.99,0.1569,BID
1445213171,1729.99,0.89,BID
1445213172,1729.99,0.0081,BID
1445213172,1729.99,0.5909,BID
1445213172,1729.99,0.2001,BID
1445213172,1729.99,0.6899,ASK
1445213172,1729.99,0.14,ASK
1445213172,1729.98,1.519,BID
1445213176,1729.98,1.886,BID
1445213176,1729.98,0.74,BID
1445213176,1729.98,1.19,BID
1445213178,1729.98,0.828,BID
1445213178,1729.98,0.36,BID
1445213178,1729.98,0.185,BID
1445213180,1730.0,0.1,BID
1445213180,1730.0,12.2,BID
1445213180,1730.0,0.1794,BID
1445213180,1729.99,0.01,ASK
1445213182,1730.0,0.5239,BID
1445213183,1730.0,0.5,BID
1445213183,1730.0,1.125,BID
1445213184,1730.0,0.8762,BID
1445213184,1730.07,0.16,BID
1445213184,1730.15,0.4797,BID
1445213184,1729.99,0.01,ASK
1445213185,1730.15,0.09,BID
1445213185,1730.15,0.0803,BID
1445213185,1730.15,0.541,BID
1445213185,1729.99,0.168,ASK
1445213186,1730.15,0.109,BID
1445213187,1730.15,0.01,ASK
1445213189,1730.98,0.1,BID
1445213190,1731.2,1.0,BID
1445213190,1731.2,2.977,BID
1445213192,1730.99,0.02,ASK
1445213194,1730.99,0.016,ASK
1445213206,1730.58,0.01,ASK
1445213206,1730.58,0.0202,ASK
1445213208,1730.48,0.0098,BID
1445213208,1731.21,0.0002,BID
1445213209,1731.21,0.0008,BID
1445213209,1731.23,0.001,BID
1445213209,1731.26,0.001,BID
1445213209,1731.97,0.0072,BID
1445213220,1731.0,0.854,ASK
1445213221,1731.0,4.513,ASK
1445213221,1731.0,0.2,ASK
1445213222,1731.01,0.0288,ASK
1445213222,1731.0,0.5482,ASK
1445213222,1731.0,0.4,ASK
1445213222,1731.0,0.4,ASK
1445213222,1731.0,0.01,ASK
1445213223,1731.0,0.6,ASK
1445213223,1731.0,0.6,ASK
1445213223,1731.01,0.1376,ASK
1445213223,1731.0,0.4624,ASK
1445213224,1731.0,0.6,ASK
1445213225,1731.0,0.0482,ASK
1445213225,1730.99,0.0304,BID
1445213225,1730.6,0.01,ASK
1445213225,1730.6,0.07,ASK
1445213225,1730.3,0.43,ASK
1445213227,1730.3,0.147,ASK
1445213227,1730.28,3.7971,ASK
1445213227,1730.28,0.64,ASK
1445213228,1730.61,0.6,BID
1445213228,1730.61,0.177,BID
1445213229,1730.61,0.161,BID
1445213233,1730.2,0.08,ASK
1445213233,1729.26,0.48,ASK
1445213233,1729.11,0.376,ASK
1445213237,1729.12,0.161,ASK
1445213248,1730.15,0.0289,BID
1445213248,1730.16,0.0511,BID
1445213269,1730.05,0.062,BID
1445213272,1730.03,0.078,BID
1445213273,1730.02,0.0251,BID
1445213273,1730.03,0.153,BID
1445213305,1729.91,0.295,BID
1445213305,1729.91,0.0148,BID
1445213305,1729.92,2.966,BID
1445213305,1730.12,0.0148,ASK
1445213308,1730.12,0.01,ASK
1445213309,1730.12,2.0,ASK
1445213311,1730.12,2.58,ASK
1445213311,1730.12,1.0007,ASK
1445213311,1731.08,0.0137,BID
1445213311,1731.08,0.0266,BID
1445213311,1731.09,0.492,BID
1445213311,1731.09,0.5,BID
1445213311,1731.09,0.188,BID
1445213311,1731.1,5.3998,BID
1445213311,1731.25,0.179,BID
1445213311,1731.38,0.188,BID
1445213311,1731.46,0.188,BID
1445213311,1731.56,0.218,BID
1445213311,1731.59,0.173,BID
1445213311,1731.61,0.462,BID
1445213311,1731.63,0.218,BID
1445213311,1731.76,0.577,BID
1445213311,1731.84,0.5,BID
1445213311,1731.84,0.577,BID
1445213311,1731.87,0.408,BID
1445213311,1731.98,0.1,BID
1445213311,1732.14,0.017,BID
1445213311,1732.27,0.08,BID
1445213311,1732.49,0.002,BID
1445213311,1732.52,0.45,BID
1445213311,1732.65,0.423,BID
1445213311,1732.83,0.423,BID
1445213311,1732.84,0.218,BID
1445213311,1732.86,0.577,BID
1445213311,1732.98,0.1,BID
1445213311,1733.04,0.577,BID
1445213311,1733.04,0.577,BID
1445213311,1733.18,0.004,BID
1445213311,1733.73,0.577,BID
1445213311,1733.98,0.1,BID
1445213311,1734.57,0.008,BID
1445213311,1734.87,3.0,BID
1445213311,1734.87,0.05,BID
1445213311,1734.97,0.025,BID
1445213311,1734.98,0.1,BID
1445213311,1735.66,0.05,BID
1445213311,1735.98,0.1,BID
1445213311,1736.8,2.02,BID
1445213311,1736.81,2.5482,BID
1445213311,1736.98,0.1,BID
1445213311,1737.0,4.1804,BID
1445213311,1737.35,0.016,BID
1445213311,1737.98,0.1,BID
1445213311,1738.92,2.0,BID
1445213314,1730.82,0.0302,BID
1445213314,1730.82,0.01,BID
1445213314,1731.08,0.1478,BID
1445213318,1730.16,0.0302,ASK
1445213318,1730.15,0.025,ASK
1445213318,1730.14,0.2678,ASK
1445213318,1730.14,0.2322,ASK
1445213318,1730.14,0.0908,ASK
1445213318,1730.14,0.323,ASK
1445213318,1730.14,0.323,ASK
1445213318,1730.14,0.323,ASK
1445213330,1730.18,0.52,ASK
1445213332,1730.18,0.08,ASK
1445213332,1730.18,0.018,ASK
1445213338,1730.2,0.07,ASK
1445213339,1730.2,0.4,ASK
1445213343,1730.2,0.03,ASK
1445213343,1730.19,0.6,ASK
1445213343,1730.16,9.781,ASK
1445213344,1730.16,2.5,ASK
1445213345,1730.16,0.75,ASK
1445213346,1730.17,0.0302,BID
1445213347,1730.17,0.01,ASK
1445213348,1730.17,0.1031,ASK
1445213348,1730.16,0.3969,ASK
1445213348,1730.16,0.483,ASK
1445213348,1730.16,0.483,ASK
1445213351,1730.16,0.036,ASK
1445213351,1730.16,0.5,ASK
1445213354,1730.16,0.4,ASK
1445213355,1730.17,0.01,BID
1445213356,1730.17,0.0202,ASK
1445213356,1730.16,2.9798,ASK
1445213356,1730.16,0.3903,ASK
1445213356,1730.12,5.5999,ASK
1445213358,1730.13,4.261,ASK
1445213358,1730.13,0.39,ASK
1445213359,1730.12,0.5,ASK
1445213359,1730.12,0.6,ASK
1445213359,1730.12,0.01,ASK
1445213360,1730.12,3.0,ASK
1445213361,1730.12,0.1503,ASK
1445213361,1730.12,0.75,ASK
1445213361,1730.12,0.3583,ASK
1445213361,1730.0,0.1417,ASK
1445213363,1730.0,0.02,ASK
1445213364,1730.0,0.5,ASK
1445213365,1730.0,0.5,ASK
1445213365,1730.0,0.01,ASK
1445213367,1730.0,0.5,ASK
1445213367,1730.0,0.5,ASK
1445213369,1730.0,0.1503,ASK
1445213370,1730.0,0.5,ASK
1445213371,1730.0,0.1503,ASK
1445213372,1730.0,0.5,ASK
1445213372,1730.0,0.258,ASK
1445213373,1730.0,0.258,ASK
1445213373,1730.0,0.258,ASK
1445213374,1730.0,0.5,ASK
1445213374,1730.0,1.18,ASK
1445213377,1730.0,0.6,ASK
1445213377,1730.0,0.5,ASK
1445213378,1730.0,0.5,ASK
1445213380,1730.0,0.237,ASK
1445213381,1730.0,0.2,ASK
1445213381,1730.0,0.01,ASK
1445213381,1730.0,0.6,ASK
1445213382,1730.0,0.5,ASK
1445213382,1730.0,0.5,ASK
1445213382,1730.0,0.265,ASK
1445213382,1730.0,0.265,ASK
1445213383,1730.0,0.219,ASK
1445213384,1730.0,0.17,ASK
1445213384,1730.0,0.153,ASK
1445213384,1730.0,0.37,ASK
1445213384,1730.01,5.444,ASK
1445213385,1730.0,1.676,ASK
1445213385,1730.0,1.0,ASK
1445213385,1730.0,1.0,ASK
1445213385,1730.0,0.148,ASK
1445213385,1730.0,0.526,ASK
1445213385,1730.0,0.1216,ASK
1445213385,1728.72,0.213,ASK
1445213385,1728.19,0.1,ASK
1445213385,1728.12,0.187,ASK
1445213389,1728.3,0.1739,ASK
1445213389,1728.12,0.0161,ASK
1445213460,1729.4,0.0153,BID
1445213465,1729.87,0.0145,BID
1445213474,1729.85,0.0272,BID
1445213474,1729.86,0.5365,BID
1445213478,1729.84,0.0102,BID
1445213478,1729.84,0.0148,BID
1445213478,1729.85,0.233,BID
1445213484,1729.83,0.001,BID
1445213495,1729.81,0.0719,BID
1445213501,1729.81,0.0709,BID
1445213504,1729.81,0.01,BID
1445213510,1729.81,0.01,BID
1445213512,1729.23,0.068,ASK
1445213524,1728.65,0.219,ASK
1445213524,1728.6,0.0277,ASK
1445213524,1728.59,0.554,ASK
1445213524,1728.3,0.6,ASK
1445213524,1728.29,3.696,ASK
1445213524,1728.26,2.1033,ASK
1445213534,1729.81,0.01,BID
1445213541,1729.81,0.0493,BID
1445213545,1729.81,2.0,ASK
1445213547,1729.82,0.0269,BID
1445213549,1729.82,0.1594,BID
1445213550,1729.82,0.01,BID
1445213550,1729.81,0.0719,ASK
1445213554,1729.82,0.2127,BID
1445213555,1729.81,0.75,ASK
1445213556,1729.81,0.1199,ASK
1445213557,1729.82,0.1275,BID
1445213557,1729.82,0.025,BID
1445213557,1729.83,0.5,BID
1445213557,1729.89,0.0242,BID
1445213557,1729.89,0.108,BID
1445213557,1729.9,0.3953,BID
1445213564,1729.9,0.1594,BID
1445213564,1729.9,0.035,BID
1445213567,1729.9,0.036,BID
1445213567,1729.9,0.157,BID
1445213567,1729.9,0.651,BID
1445213567,1729.9,0.651,BID
1445213567,1729.9,0.651,BID
1445213569,1729.9,0.1538,BID
1445213569,1729.9,0.02,BID
1445213572,1729.9,0.107,BID
1445213573,1729.9,0.265,BID
1445213575,1729.9,0.142,BID
1445213576,1729.9,0.15,BID
1445213577,1729.9,0.328,BID
1445213577,1729.9,0.328,BID
1445213577,1729.9,0.328,BID
1445213578,1729.89,7.0,BID
1445213578,1729.89,5.043,BID
1445213578,1729.9,0.15,BID
1445213579,1729.9,0.013,BID
1445213580,1729.9,0.147,BID
1445213581,1729.9,0.029,BID
1445213581,1729.9,0.169,BID
1445213583,1729.9,0.2123,BID
1445213583,1729.82,0.025,ASK
1445213583,1729.82,0.085,ASK
1445213584,1729.9,0.028,BID
1445213584,1729.9,2.58,BID
1445213585,1729.89,0.025,BID
1445213585,1729.9,1.431,BID
1445213585,1729.89,0.085,BID
1445213585,1729.9,0.415,BID
1445213586,1729.9,0.2682,BID
1445213586,1730.97,0.267,BID
1445213586,1730.99,1.4648,BID
1445213586,1730.99,0.08,BID
1445213595,1730.31,0.2192,ASK
1445213597,1730.0,0.775,BID
1445213597,1730.0,0.1577,BID
1445213598,1730.0,0.143,BID
1445213598,1730.0,0.308,BID
1445213598,1730.0,0.143,BID
1445213598,1730.0,0.408,BID
1445213598,1730.0,0.143,BID
1445213598,1729.99,17.9,BID
1445213599,1730.0,0.01,BID
1445213599,1730.0,0.328,BID
1445213600,1730.0,0.1567,BID
1445213600,1730.0,2.0,BID
1445213601,1729.99,0.373,BID
1445213605,1730.0,0.2288,BID
1445213609,1730.0,0.165,BID
1445213611,1730.0,0.2226,BID
1445213614,1730.0,0.688,BID
1445213616,1730.0,0.4,BID
1445213616,1730.0,0.129,BID
1445213616,1730.0,0.206,BID
1445213616,1730.0,0.4,BID
1445213617,1730.0,0.653,BID
1445213617,1730.0,2.7374,BID
1445213623,1730.99,0.227,BID
1445213623,1730.99,0.124,BID
1445213624,1730.71,0.01,ASK
1445213629,1730.21,0.003,BID
1445213629,1730.14,8.0,BID
1445213629,1730.14,3.252,BID
1445213630,1730.21,0.007,BID
1445213638,1731.0,12.3,BID
1445213638,1731.56,0.206,BID
1445213638,1731.82,0.206,BID
1445213638,1731.9,6.6782,BID
1445213638,1731.91,0.7,BID
1445213638,1731.99,0.314,BID
1445213638,1731.99,0.687,BID
1445213638,1732.0,1.0,BID
1445213638,1732.07,0.662,BID
1445213638,1732.09,0.2468,BID
1445213639,1730.96,17.0,BID
1445213639,1730.96,43.161,BID
1445213640,1730.25,18.0,BID
1445213640,1730.25,3.584,BID
1445213646,1730.42,0.154,ASK
1445213646,1730.42,0.0004,ASK
1445213646,1730.39,0.0153,ASK
1445213646,1730.26,0.025,ASK
1445213646,1730.25,0.1193,ASK
1445213648,1730.26,0.025,ASK
1445213648,1730.25,0.169,ASK
1445213651,1730.38,0.001,BID
1445213654,1730.37,0.0302,BID
1445213671,1730.96,0.001,BID
1445213675,1730.96,0.001,BID
1445213686,1730.65,0.0302,ASK
1445213686,1730.64,0.1818,ASK
1445213686,1730.64,0.01,ASK
1445213688,1730.47,0.0302,ASK
1445213688,1730.47,0.4698,ASK
1445213688,1730.16,0.0302,ASK
1445213689,1730.45,0.02,BID
1445213689,1730.54,0.192,BID
1445213693,1730.62,0.0106,BID
1445213693,1730.62,0.0094,BID
1445213693,1730.2,0.1777,ASK
1445213694,1730.0,12.0,BID
1445213694,1730.0,2.424,BID
1445213694,1730.19,0.0003,BID
1445213694,1730.62,0.0136,BID
1445213694,1730.63,0.0197,BID
1445213696,1731.62,0.1923,BID
1445213696,1730.32,0.034,ASK
1445213697,1731.61,0.0144,BID
1445213697,1731.62,0.7856,BID
1445213704,1731.58,4.9969,BID
1445213704,1731.59,0.0302,BID
1445213704,1731.8,0.3612,BID
1445213709,1731.01,0.01,ASK
1445213714,1731.24,0.01,ASK
1445213715,1731.26,15.385,ASK
1445213717,1731.28,0.014,ASK
1445213720,1731.29,0.01,ASK
1445213740,1731.36,0.01,ASK
1445213740,1732.18,0.01,BID
1445213740,1732.19,0.088,BID
1445213742,1732.61,0.09,BID
1445213752,1731.98,0.0302,ASK
1445213752,1731.97,0.2057,ASK
1445213752,1731.4,0.2441,ASK
1445213754,1731.97,0.01,BID
1445213756,1732.18,0.022,ASK
1445213757,1732.18,0.01,ASK
1445213757,1732.18,0.19,ASK
1445213758,1732.18,0.15,ASK
1445213758,1732.18,0.409,ASK
1445213758,1732.18,0.409,ASK
1445213758,1732.18,0.123,ASK
1445213758,1732.18,0.01,ASK
1445213758,1732.18,0.123,ASK
1445213759,1732.18,0.018,ASK
1445213759,1732.18,0.123,ASK
1445213760,1732.18,0.01,ASK
1445213762,1732.18,0.1504,ASK
1445213762,1732.18,0.13,ASK
1445213764,1733.36,0.004,BID
1445213766,1732.19,0.0556,ASK
1445213766,1732.18,0.6944,ASK
1445213773,1732.19,0.01,ASK
1445213775,1732.19,0.01,ASK
1445213777,1732.19,0.0009,ASK
1445213777,1732.19,0.01,ASK
1445213777,1732.19,0.01,ASK
1445213777,1732.18,0.4182,ASK
1445213777,1731.52,0.6,ASK
1445213777,1731.51,0.5,ASK
1445213777,1731.5,3.4609,ASK
1445213778,1731.52,7.186,ASK
1445213781,1731.52,0.007,ASK
1445213781,1731.69,0.01,BID
1445213783,1731.9,0.01,ASK
1445213783,1731.9,0.01,ASK
1445213783,1731.53,0.0705,ASK
1445213783,1731.52,0.0095,BID
1445213791,1732.32,0.007,BID
1445213792,1732.5,0.0302,ASK
1445213793,1732.5,0.01,ASK
1445213793,1732.5,0.605,ASK
1445213793,1732.5,0.11,ASK
1445213794,1732.5,1.0776,ASK
1445213794,1732.32,0.0302,BID
1445213795,1731.31,0.147,ASK
1445213797,1731.31,0.44,ASK
1445213801,1732.47,0.0256,BID
1445213801,1732.48,0.11,BID
1445213801,1732.48,0.0144,BID
1445213807,1731.81,0.01,ASK
1445213818,1732.13,0.01,ASK
1445213822,1731.81,0.01,ASK
1445213834,1732.28,0.0153,BID
1445213836,1732.73,0.01,ASK
1445213837,1732.73,0.01,ASK
1445213838,1732.73,0.01,ASK
1445213838,1732.73,0.3506,ASK
1445213840,1732.73,0.01,ASK
1445213841,1732.73,0.0941,ASK
1445213841,1731.82,0.0059,ASK
1445213846,1732.23,0.018,BID
1445213873,1732.47,0.1655,BID
1445213873,1732.64,0.142,BID
1445213873,1732.64,0.142,BID
1445213873,1732.79,0.0302,BID
1445213873,1732.82,0.142,BID
1445213873,1732.96,0.0294,BID
1445213873,1732.97,0.587,BID
1445213873,1732.98,0.5,BID
1445213873,1733.2,0.325,BID
1445213873,1733.38,0.09,BID
1445213873,1733.73,0.053,BID
1445213886,1731.25,0.75,ASK
1445213886,1731.25,0.01,ASK
1445213889,1731.27,0.01,ASK
1445213891,1731.28,0.01,ASK
1445213891,1731.28,0.0189,ASK
1445213891,1731.2,0.0161,ASK
1445213891,1731.03,0.4839,ASK
1445213892,1731.25,0.0302,BID
1445213897,1731.04,0.01,BID
1445213897,1731.79,0.0275,BID
1445213897,1731.8,0.55,BID
1445213897,1731.89,0.0537,BID
1445213897,1731.9,0.2443,BID
1445213897,1731.9,0.05,BID
1445213897,1731.91,1.0,BID
1445213897,1731.96,0.7,BID
1445213897,1732.06,0.01,ASK
1445213898,1732.06,0.464,ASK
1445213898,1732.06,0.15,ASK
1445213898,1732.08,2.0,BID
1445213898,1732.08,1.0,BID
1445213898,1732.08,6.222,BID
1445213899,1732.06,0.01,ASK
1445213899,1732.06,0.102,ASK
1445213899,1732.06,0.01,ASK
1445213899,1732.06,0.102,ASK
1445213899,1732.06,0.102,ASK
1445213899,1732.06,0.2,ASK
1445213899,1732.06,0.699,ASK
1445213899,1732.06,0.1,ASK
1445213899,1732.06,0.699,ASK
1445213899,1732.06,0.699,ASK
1445213899,1732.06,0.455,ASK
1445213899,1732.06,1.0,ASK
1445213899,1732.06,0.699,ASK
1445213899,1732.06,1.0,ASK
1445213899,1732.06,0.699,ASK
1445213899,1732.06,0.455,ASK
1445213899,1732.06,1.199,ASK
1445213900,1732.06,0.0574,ASK
1445213906,1731.9,0.2,BID
1445213906,1731.97,0.0302,ASK
1445213908,1731.97,0.7698,ASK
1445213908,1731.97,0.3002,ASK
1445213909,1731.97,0.1509,ASK
1445213909,1731.97,0.1959,ASK
1445213909,1731.97,0.0041,ASK
1445213910,1731.97,0.6949,ASK
1445213910,1731.03,0.01,ASK
1445213911,1731.03,0.49,ASK
1445213911,1731.03,0.01,ASK
1445213913,1731.04,0.0302,ASK
1445213913,1731.02,0.376,ASK
1445213913,1731.02,1.185,ASK
1445213913,1731.02,0.502,ASK
1445213913,1731.02,0.7058,ASK
1445213914,1731.03,7.0,ASK
1445213914,1731.03,6.858,ASK
1445213914,1731.02,0.75,ASK
1445213923,1731.02,0.2615,ASK
1445213938,1731.02,0.01,ASK
1445213939,1731.02,0.177,ASK
1445213939,1731.02,0.79,ASK
1445213939,1731.02,0.4,ASK
1445213940,1731.02,0.4,ASK
1445213940,1731.02,1.18,ASK
1445213940,1731.02,0.01,ASK
1445213940,1731.02,0.4,ASK
1445213940,1731.02,0.15,ASK
1445213940,1731.02,0.2327,ASK
1445213940,1731.02,0.2673,ASK
1445213941,1731.02,1.1967,ASK
1445213942,1731.01,0.4053,BID
1445213942,1731.48,0.0302,BID
1445213942,1731.59,0.71,BID
1445213942,1731.7,0.0395,BID
1445213942,1731.82,0.1,BID
1445213942,1731.85,0.01,ASK
1445213942,1732.03,0.0144,BID
1445213942,1732.04,5.0,BID
1445213942,1732.05,0.165,BID
1445213942,1732.34,0.296,BID
1445213942,1732.34,0.085,BID
1445213943,1731.85,1.0,ASK
1445213944,1731.85,0.5,ASK
1445213945,1731.85,0.969,ASK
1445213945,1731.85,0.75,ASK
1445213945,1731.85,0.1493,ASK
1445213946,1731.85,0.153,ASK
1445213946,1731.85,0.8837,ASK
1445213947,1729.83,0.0395,ASK
1445213947,1729.83,0.01,ASK
1445213947,1729.82,0.7005,ASK
1445213947,1731.39,0.0163,BID
1445213947,1731.4,0.0853,BID
1445213947,1731.75,0.4214,BID
1445213947,1729.82,2.58,ASK
1445213948,1729.83,0.0859,ASK
1445213948,1729.83,0.0598,ASK
1445213948,1729.82,1.8543,ASK
1445213948,1731.4,0.154,BID
1445213948,1731.75,0.2199,BID
1445213960,1730.29,0.08,ASK
1445213968,1729.93,0.0302,ASK
1445213968,1729.92,0.0135,ASK
1445213968,1729.81,1.0943,ASK
1445213974,1731.0,1.417,ASK
1445213975,1731.0,0.01,ASK
1445213976,1731.0,0.01,ASK
1445213977,1731.0,0.061,ASK
1445213977,1731.0,0.5,ASK
1445213977,1731.0,1.18,ASK
1445213978,1731.0,1.0,ASK
1445213978,1731.0,1.364,ASK
1445213978,1731.0,1.8249,ASK
1445213979,1731.0,0.214,ASK
1445213979,1731.0,0.214,ASK
1445213979,1731.0,0.316,ASK
1445213979,1731.0,0.6,ASK
1445213979,1731.0,0.391,ASK
1445213979,1731.0,0.149,ASK
1445213979,1731.0,1.001,ASK
1445213979,1731.0,1.18,ASK
1445213980,1731.11,0.0302,BID
1445213980,1731.12,0.025,BID
1445213980,1731.13,0.0148,BID
1445213980,1731.0,0.204,ASK
1445213980,1731.0,0.2,ASK
1445213981,1731.0,0.01,ASK
1445213982,1731.0,0.157,ASK
1445213982,1731.0,0.5,ASK
1445213982,1731.0,0.09,ASK
1445213982,1731.0,0.2,ASK
1445213983,1731.0,0.693,ASK
1445213987,1731.11,0.01,BID
1445213988,1731.29,0.01,ASK
1445214000,1731.14,0.1536,ASK
1445214000,1731.01,0.0249,ASK
1445214000,1731.0,0.3215,ASK
1445214001,1731.15,0.001,ASK
1445214004,1731.0,0.0292,ASK
1445214005,1731.0,0.5,ASK
1445214008,1731.17,0.0153,ASK
1445214008,1731.0,0.4847,ASK
1445214008,1731.0,0.2,ASK
1445214008,1731.0,0.356,ASK
1445214008,1731.0,0.271,ASK
1445214008,1731.0,0.01,ASK
1445214016,1731.56,0.001,BID
1445214016,1731.79,0.025,BID
1445214019,1731.8,0.5,BID
1445214021,1731.85,0.01,BID
1445214024,1731.85,0.0589,BID
1445214027,1731.85,0.0311,BID
1445214028,1732.14,0.05,BID
1445214028,1732.15,1.0,BID
1445214028,1732.54,0.0453,BID
1445214028,1732.54,0.0767,BID
1445214028,1732.55,4.0,BID
1445214028,1732.97,0.77,BID
1445214028,1732.98,2.0,BID
1445214028,1733.23,3.0,BID
1445214028,1733.36,0.44,BID
1445214028,1733.67,5.0,BID
1445214028,1734.39,0.11,BID
1445214028,1736.65,6.6382,BID
1445214028,1736.67,3.0,BID
1445214028,1737.42,0.05,BID
1445214028,1737.98,0.01,BID
1445214028,1738.92,1.5098,BID
1445214030,1733.23,11.0,BID
1445214030,1733.23,25.866,BID
1445214051,1733.12,0.01,BID
1445214052,1732.53,0.02,ASK
1445214052,1733.12,0.205,BID
1445214054,1733.12,0.046,BID
1445214054,1733.12,0.239,BID
1445214054,1733.12,0.01,BID
1445214054,1733.12,0.205,BID
1445214057,1733.33,0.295,ASK
1445214057,1733.3,0.1602,ASK
1445214057,1733.14,0.0445,ASK
1445214057,1733.13,0.0003,ASK
1445214058,1733.31,0.01,ASK
1445214059,1733.55,0.5,BID
1445214064,1733.56,0.1,ASK
1445214064,1734.26,0.0239,BID
1445214064,1734.38,0.0206,BID
1445214064,1734.4,1.8355,BID
1445214066,1734.38,0.19,BID
1445214067,1733.88,0.011,ASK
1445214068,1734.38,0.16,BID
1445214068,1734.38,0.15,BID
1445214068,1734.39,0.01,BID
1445214070,1734.4,0.1569,BID
1445214070,1734.4,0.2176,BID
1445214071,1734.4,0.9193,BID
1445214071,1734.39,0.015,ASK
1445214072,1734.39,0.005,ASK
1445214072,1734.39,0.495,ASK
1445214072,1734.4,0.1559,BID
1445214072,1734.4,0.1537,BID
1445214073,1734.4,0.01,BID
1445214075,1734.4,0.897,BID
1445214075,1734.4,0.768,BID
1445214075,1734.4,0.405,BID
1445214075,1734.4,0.4811,BID
1445214076,1734.41,0.01,ASK
1445214076,1734.41,0.2769,ASK
1445214076,1734.41,0.2231,ASK
1445214077,1734.41,0.01,ASK
1445214077,1734.41,0.5239,ASK
1445214077,1734.41,0.2331,ASK
1445214079,1734.41,0.5,ASK
1445214079,1734.41,0.0239,ASK
1445214079,1734.41,0.0761,ASK
1445214079,1734.41,0.1,ASK
1445214082,1734.42,0.01,ASK
1445214085,1733.62,0.01,ASK
1445214105,1735.18,0.5,BID
1445214108,1735.28,0.01,BID
1445214110,1735.42,0.1406,ASK
1445214110,1735.17,0.082,BID
1445214110,1733.91,0.0617,ASK
1445214110,1733.9,0.0783,ASK
1445214111,1735.17,0.214,BID
1445214111,1734.43,0.02,ASK
1445214111,1735.17,0.0634,BID
1445214112,1735.43,0.0139,ASK
1445214113,1735.43,0.011,ASK
1445214114,1735.43,0.1257,ASK
1445214114,1735.3,0.1506,ASK
1445214114,1735.18,0.2237,ASK
1445214116,1735.66,0.025,BID
1445214116,1735.67,0.5,BID
1445214116,1735.52,0.01,ASK
1445214116,1735.52,0.009,ASK
1445214116,1734.93,0.001,BID
1445214116,1735.19,0.0292,ASK
1445214116,1735.19,0.0958,ASK
1445214116,1735.43,0.0519,BID
1445214117,1735.19,0.265,ASK
1445214117,1735.19,0.265,ASK
1445214117,1735.19,0.265,ASK
1445214117,1735.19,0.265,ASK
1445214117,1735.19,0.265,ASK
1445214117,1735.19,0.265,ASK
1445214117,1735.19,0.1268,ASK
1445214117,1735.19,0.265,ASK
1445214117,1735.19,0.0533,ASK
1445214117,1735.19,0.265,ASK
1445214118,1735.43,0.224,BID
1445214118,1735.2,0.01,ASK
1445214118,1735.2,0.1242,ASK
1445214118,1735.19,0.0758,ASK
1445214118,1735.19,0.1506,ASK
1445214118,1735.19,0.01,ASK
1445214119,1735.19,0.01,ASK
1445214120,1734.71,0.01,ASK
1445214120,1735.19,0.0167,BID
1445214121,1734.71,0.599,ASK
1445214121,1734.42,1.0,ASK
1445214121,1734.0,0.212,ASK
1445214121,1733.98,0.8212,ASK
1445214121,1734.72,0.016,ASK
1445214125,1734.72,0.04,ASK
1445214126,1734.73,0.0161,ASK
1445214126,1734.72,0.7339,ASK
1445214132,1734.22,0.01,BID
1445214132,1734.92,0.01,BID
1445214151,1733.68,0.15,ASK
1445214153,1733.68,0.114,ASK
1445214155,1733.68,2.182,ASK
1445214156,1733.68,1.379,ASK
1445214157,1733.68,0.75,ASK
1445214157,1733.68,0.5,ASK
1445214157,1733.68,0.6,ASK
1445214158,1733.68,0.01,ASK
1445214158,1733.68,0.315,ASK
1445214158,1733.51,0.021,ASK
1445214158,1733.27,0.179,ASK
1445214162,1733.49,0.1501,BID
1445214162,1733.59,0.06,BID
1445214162,1733.66,0.1023,BID
1445214162,1733.67,0.269,BID
1445214162,1733.67,0.584,BID
1445214162,1733.67,0.584,BID
1445214162,1733.67,0.159,BID
1445214162,1733.67,0.159,BID
1445214162,1733.67,0.159,BID
1445214162,1733.67,0.3536,BID
1445214171,1733.16,0.002,ASK
1445214171,1732.94,0.068,ASK
1445214178,1732.7,0.5,ASK
1445214180,1732.54,0.1532,ASK
1445214180,1732.54,0.01,ASK
1445214180,1732.54,0.5,ASK
1445214181,1732.85,0.0302,BID
1445214181,1732.86,0.2,BID
1445214181,1732.92,0.6,BID
1445214181,1732.92,0.6,BID
1445214183,1732.94,0.062,ASK
1445214183,1732.94,0.01,ASK
1445214184,1732.94,0.01,ASK
1445214185,1732.94,0.0198,ASK
1445214185,1732.54,0.2502,ASK
1445214186,1733.08,0.0185,BID
1445214186,1732.54,0.56,ASK
1445214190,1733.33,0.0185,BID
1445214190,1733.5,0.02,ASK
1445214192,1733.5,1.4505,ASK
1445214192,1733.5,0.211,ASK
1445214193,1732.47,0.004,ASK
1445214193,1731.85,0.001,ASK
1445214193,1731.79,0.001,ASK
1445214193,1731.63,0.494,ASK
1445214193,1731.58,0.1,ASK
1445214196,1733.21,0.0308,BID
1445214196,1733.21,0.015,BID
1445214196,1733.22,0.8012,BID
1445214200,1732.53,0.0302,ASK
1445214200,1731.68,0.1498,ASK
1445214216,1732.63,0.21,ASK
1445214218,1732.63,0.0034,ASK
1445214222,1732.72,0.01,ASK
1445214222,1732.07,0.2243,ASK
1445214222,1731.71,0.004,ASK
1445214222,1731.4,3.0868,ASK
1445214233,1733.2,0.494,BID
1445214233,1733.24,0.345,BID
1445214233,1733.25,0.5,BID
1445214233,1733.34,0.2,BID
1445214233,1733.47,0.1477,BID
1445214235,1732.12,7.462,BID
1445214246,1732.11,0.025,ASK
1445214246,1732.1,0.495,ASK
1445214260,1731.6,0.0131,ASK
1445214260,1731.6,0.1591,ASK
1445214260,1731.59,0.2778,ASK
1445214269,1732.71,0.0049,BID
1445214289,1732.65,0.0154,BID
1445214289,1732.65,0.5,BID
1445214289,1732.66,0.0296,BID
1445214292,1732.64,0.0302,BID
1445214293,1732.64,0.01,BID
1445214293,1732.64,0.01,BID
1445214294,1732.64,0.005,BID
1445214294,1732.64,0.1514,BID
1445214297,1732.64,0.025,BID
1445214300,1732.82,0.0302,ASK
1445214301,1732.71,0.01,ASK
1445214318,1732.8,0.0235,BID
1445214318,1732.81,0.3665,BID
1445214320,1732.21,0.2211,ASK
1445214320,1731.67,0.0289,ASK
1445214321,1732.29,0.147,ASK
1445214322,1731.65,0.165,BID
1445214323,1732.13,0.01,BID
1445214335,1732.14,0.01,ASK
1445214335,1731.9,0.01,ASK
1445214351,1731.44,0.3,ASK
1445214353,1732.63,0.0119,BID
1445214353,1732.63,0.0238,BID
1445214353,1732.64,0.238,BID
1445214353,1732.71,0.0968,BID
1445214353,1732.74,0.059,BID
1445214353,1732.75,0.0705,BID
1445214360,1731.08,0.008,ASK
1445214360,1731.02,0.1008,ASK
1445214360,1731.02,0.059,ASK
1445214360,1731.02,0.0237,ASK
1445214360,1731.0,1.1765,ASK
1445214361,1731.09,0.5,ASK
1445214362,1731.09,0.144,ASK
1445214362,1731.09,0.01,ASK
1445214362,1731.09,0.163,ASK
1445214362,1731.09,0.163,ASK
1445214362,1731.09,0.163,ASK
1445214363,1731.09,0.01,ASK
1445214363,1731.09,0.01,ASK
1445214363,1731.09,0.006,ASK
1445214363,1731.09,0.65,ASK
1445214363,1731.09,0.133,ASK
1445214364,1731.09,0.5,ASK
1445214365,1731.09,0.01,ASK
1445214367,1731.09,0.75,ASK
1445214368,1731.09,0.5,ASK
1445214370,1731.0,0.01,ASK
1445214372,1731.0,0.697,ASK
1445214376,1731.0,0.01,ASK
1445214376,1731.0,0.5,ASK
1445214376,1731.0,0.01,ASK
1445214377,1731.0,0.05,ASK
1445214378,1731.0,0.6,ASK
1445214378,1731.0,0.6,ASK
1445214378,1731.0,0.6,ASK
1445214379,1731.0,0.577,ASK
1445214380,1731.0,0.01,ASK
1445214380,1731.0,0.2,ASK
1445214380,1731.0,0.6,ASK
1445214381,1731.0,0.2,ASK
1445214382,1731.0,0.01,ASK
1445214383,1731.0,0.635,ASK
1445214383,1731.0,0.163,ASK
1445214384,1731.0,0.25,ASK
1445214385,1731.0,0.5,ASK
1445214387,1731.0,0.11,ASK
1445214387,1731.0,0.1119,ASK
1445214393,1731.13,0.0153,BID
1445214393,1731.44,0.011,BID
1445214393,1731.45,0.22,BID
1445214393,1731.79,0.0245,BID
1445214393,1731.79,0.0255,BID
1445214393,1731.8,1.0,BID
1445214393,1731.8,1.0,BID
1445214393,1731.9,1.1663,BID
1445214396,1731.01,0.0255,ASK
1445214396,1731.01,0.011,ASK
1445214396,1731.01,0.0245,ASK
1445214396,1731.0,0.439,ASK
1445214405,1731.61,0.05,BID
1445214412,1731.67,0.147,ASK
1445214412,1731.64,0.093,ASK
1445214413,1731.89,0.0365,BID
1445214413,1731.89,0.0106,BID
1445214413,1731.89,0.1,BID
1445214413,1731.9,0.6269,BID
1445214413,1731.9,0.4,BID
1445214413,1731.9,0.5,BID
1445214413,1731.9,1.0,BID
1445214413,1731.9,0.6,BID
1445214413,1731.9,0.4,BID
1445214413,1731.9,0.159,BID
1445214413,1731.9,0.266,BID
1445214413,1731.9,0.4,BID
1445214414,1731.9,0.257,BID
1445214414,1731.9,0.1471,BID
1445214415,1731.9,0.152,BID
1445214417,1731.9,0.01,BID
1445214429,1731.9,0.375,BID
1445214430,1731.9,0.2354,BID
1445214440,1732.19,0.01,ASK
1445214506,1731.03,0.001,ASK
1445214538,1731.72,0.1473,ASK
1445214539,1731.72,0.26,ASK
1445214539,1731.72,0.2,ASK
1445214539,1731.72,0.9437,ASK
1445214540,1731.72,0.6,ASK
1445214540,1731.72,1.241,ASK
1445214540,1731.72,0.96,ASK
1445214540,1731.72,0.4,ASK
1445214541,1731.72,0.4451,ASK
1445214541,1731.02,0.5,ASK
1445214541,1731.02,1.8051,ASK
1445214544,1731.03,0.1006,ASK
1445214544,1731.03,0.0108,ASK
1445214544,1731.03,0.0856,ASK
1445214544,1731.02,0.2481,ASK
1445214544,1731.02,2.0,ASK
1445214545,1731.45,0.01,BID
1445214549,1731.45,0.01,ASK
1445214550,1731.05,0.01,ASK
1445214563,1731.1,0.0589,ASK
1445214563,1731.05,0.49,ASK
1445214563,1731.03,5.0,ASK
1445214563,1731.02,9.4511,ASK
1445214568,1731.02,0.058,ASK
1445214572,1731.02,0.749,ASK
1445214575,1731.02,0.362,ASK
1445214575,1731.02,0.362,ASK
1445214575,1731.02,0.362,ASK
1445214575,1731.02,0.362,ASK
1445214575,1731.02,0.5,ASK
1445214577,1731.02,0.01,ASK
1445214581,1731.02,0.5,ASK
1445214583,1731.02,0.045,ASK
1445214584,1731.02,0.5783,ASK
1445214585,1731.02,0.56,ASK
1445214585,1731.28,22.993,ASK
1445214586,1731.02,0.095,ASK
1445214587,1731.02,1.5553,ASK
1445214590,1731.29,0.01,BID
1445214600,1731.02,0.01,ASK
1445214601,1731.02,0.1107,ASK
1445214601,1731.0,0.1243,ASK
1445214601,1731.0,0.2,ASK
1445214601,1731.0,0.152,ASK
1445214604,1731.0,0.156,ASK
1445214604,1731.0,0.2,ASK
1445214606,1731.0,0.01,ASK
1445214607,1731.0,0.159,ASK
1445214607,1731.01,15.324,ASK
1445214609,1731.0,0.236,ASK
1445214609,1731.0,0.159,ASK
1445214610,1731.0,0.125,ASK
1445214610,1731.0,0.236,ASK
1445214612,1731.0,0.09,ASK
1445214612,1731.0,0.165,ASK
1445214612,1731.0,0.01,ASK
1445214615,1731.0,0.169,ASK
1445214616,1731.0,0.026,ASK
1445214616,1731.0,0.132,ASK
1445214619,1731.0,0.01,ASK
1445214635,1731.83,0.6,BID
1445214635,1731.88,0.3,BID
1445214635,1731.97,0.0168,BID
1445214635,1731.98,0.4839,BID
1445214635,1732.0,0.3364,BID
1445214635,1732.01,0.831,BID
1445214635,1732.06,0.297,BID
1445214635,1732.07,0.827,BID
1445214635,1732.12,0.1079,BID
1445214639,1731.02,0.0919,ASK
1445214639,1731.01,0.0081,ASK
1445214675,1731.02,0.0137,ASK
1445214682,1731.02,0.01,ASK
1445214685,1731.02,0.0137,ASK
1445214686,1731.02,0.1533,ASK
1445214687,1731.02,0.1533,ASK
1445214688,1731.02,0.059,ASK
1445214692,1731.02,0.197,ASK
1445214692,1731.01,0.003,ASK
1445214693,1731.03,0.2,ASK
1445214714,1731.03,0.1029,ASK
1445214717,1730.04,0.1029,BID
1445214764,1731.55,0.024,BID
1445214766,1731.13,0.01,ASK
1445214767,1731.13,0.01,ASK
1445214769,1730.29,0.1334,ASK
1445214776,1730.3,0.167,ASK
1445214779,1731.11,0.112,BID
1445214781,1731.12,0.112,ASK
1445214782,1731.12,0.112,ASK
1445214782,1731.12,0.112,ASK
1445214782,1731.11,0.111,ASK
1445214783,1730.22,0.113,BID
1445214785,1731.25,0.085,ASK
1445214786,1731.25,0.1023,ASK
1445214786,1730.8,0.113,ASK
1445214787,1730.76,0.113,ASK
1445214788,1730.41,0.0743,BID
1445214788,1730.5,13.0,ASK
1445214788,1730.5,6.385,ASK
1445214789,1730.76,0.0743,BID
1445214790,1730.76,0.0387,BID
1445214790,1730.76,0.113,BID
1445214790,1730.8,0.0443,BID
1445214790,1730.49,0.1457,ASK
1445214790,1730.23,0.01,ASK
1445214792,1730.75,0.0062,BID
1445214792,1730.77,0.1068,ASK
1445214792,1730.49,0.0389,BID
1445214792,1730.77,0.0407,ASK
1445214795,1730.78,0.0302,ASK
1445214795,1730.77,0.0032,ASK
1445214797,1730.77,0.017,ASK
1445214797,1731.7,3.0,ASK
1445214797,1731.7,4.338,ASK
1445214798,1730.77,0.01,ASK
1445214798,1730.77,0.0032,ASK
1445214800,1730.77,0.01,BID
1445214803,1730.3,0.01,BID
1445214807,1730.3,0.984,BID
1445214807,1730.3,0.01,BID
1445214807,1730.3,0.5,BID
1445214807,1730.3,0.01,BID
1445214809,1730.3,0.01,BID
1445214811,1730.15,0.07,ASK
1445214811,1730.3,0.01,BID
1445214813,1730.17,1.0,ASK
1445214813,1730.3,0.01,BID
1445214813,1730.17,0.02,ASK
1445214814,1730.17,0.0377,ASK
1445214814,1730.15,0.0623,ASK
1445214815,1730.3,0.404,BID
1445214815,1730.3,0.4,BID
1445214815,1730.3,0.404,BID
1445214816,1730.29,0.01,BID
1445214825,1730.15,0.01,ASK
1445214827,1730.29,0.01,BID
1445214827,1730.15,0.8577,ASK
1445214830,1730.0,0.099,ASK
1445214841,1730.0,0.01,ASK
1445214842,1730.0,0.891,ASK
1445214850,1729.81,0.0859,ASK
1445214850,1729.81,0.087,ASK
1445214851,1729.81,0.545,ASK
1445214852,1729.81,0.3938,ASK
1445214852,1729.81,0.9942,ASK
1445214853,1729.81,0.6,ASK
1445214853,1729.81,0.2,ASK
1445214853,1729.81,0.169,ASK
1445214853,1729.81,0.2,ASK
1445214854,1729.81,0.4,ASK
1445214854,1729.81,0.4,ASK
1445214854,1729.81,0.3521,ASK
1445214855,1729.48,0.03,ASK
1445214856,1729.48,0.237,ASK
1445214859,1729.56,0.172,BID
1445214859,1729.71,0.109,BID
1445214859,1729.79,0.1613,BID
1445214859,1729.79,0.5417,BID
1445214867,1729.0,0.984,ASK
1445214876,1729.0,0.2,ASK
1445214877,1729.0,0.6,ASK
1445214877,1729.0,0.4655,ASK
1445214880,1728.53,0.01,ASK
1445214880,1728.99,0.1345,BID
1445214880,1728.99,0.377,BID
1445214880,1728.99,0.377,BID
1445214880,1728.99,0.0955,BID
1445214880,1728.53,0.359,ASK
1445214881,1728.99,0.237,BID
1445214881,1728.53,0.001,ASK
1445214884,1728.53,0.984,ASK
1445214885,1728.53,0.03,ASK
1445214892,1728.71,0.0302,BID
1445214892,1728.72,0.3168,BID
1445214893,1728.32,6.0,BID
1445214893,1728.32,7.263,BID
1445214894,1728.62,1.0,BID
1445214894,1728.71,2.976,BID
1445214894,1728.71,0.01,BID
1445214894,1728.72,0.2322,BID
1445214894,1728.88,1.0,BID
1445214894,1728.88,1.0,BID
1445214895,1729.0,1.0,ASK
1445214896,1729.0,1.0,ASK
1445214896,1729.0,0.25,ASK
1445214897,1729.01,0.0302,ASK
1445214897,1729.0,0.4598,ASK
1445214897,1729.0,0.2,ASK
1445214897,1729.0,1.0,ASK
1445214897,1729.0,0.5,ASK
1445214897,1729.0,0.213,ASK
1445214897,1729.0,0.5,ASK
1445214897,1729.0,0.05,ASK
1445214897,1729.0,2.43,ASK
1445214897,1729.0,1.0,ASK
1445214898,1729.0,0.979,ASK
1445214898,1728.31,0.016,ASK
1445214898,1728.21,0.1872,ASK
1445214898,1728.2,4.5,ASK
1445214898,1728.18,8.232,ASK
1445214898,1728.17,0.0232,ASK
1445214898,1728.17,0.0897,ASK
1445214898,1728.16,2.0317,ASK
1445214898,1728.16,0.398,ASK
1445214899,1728.16,0.016,ASK
1445214899,1728.53,0.984,BID
1445214902,1728.53,0.7,BID
1445214905,1728.25,0.2,BID
1445214905,1728.53,0.5,BID
1445214913,1728.12,0.063,ASK
1445214913,1728.0,0.077,ASK
1445214917,1728.14,0.398,BID
1445214923,1728.13,0.01,BID
1445214923,1728.14,0.1907,BID
1445214923,1728.14,0.1973,BID
1445214924,1728.0,0.023,ASK
1445214935,1727.99,0.023,BID
1445214935,1728.14,0.302,BID
1445214936,1727.99,0.01,ASK
1445214936,1726.91,0.19,ASK
1445214939,1727.89,0.1965,ASK
1445214939,1727.03,0.209,ASK
1445214939,1726.92,0.1582,ASK
1445214940,1728.14,0.0007,BID
1445214940,1728.17,0.0205,BID
1445214940,1728.18,0.0293,BID
1445214940,1728.18,0.2765,BID
1445214962,1728.24,0.1,BID
1445214964,1728.24,0.01,BID
1445214967,1728.23,0.01,BID
1445214969,1728.23,0.0046,BID
1445214969,1728.23,0.0054,BID
1445214972,1728.23,0.1045,BID
1445214972,1728.24,2.4909,BID
1445214972,1728.49,0.19,BID
1445214974,1728.5,0.376,ASK
1445214974,1728.5,0.291,ASK
1445214979,1728.5,0.0135,ASK
1445214982,1728.5,0.01,ASK
1445214984,1727.43,0.03,ASK
1445214984,1727.42,0.6,ASK
1445214984,1727.28,0.0413,ASK
1445214984,1727.27,4.5625,ASK
1445214998,1728.49,0.0593,BID
1445214998,1728.5,0.7407,BID
1445215001,1728.49,0.01,BID
1445215001,1728.49,0.0122,BID
1445215001,1728.5,0.4443,BID
1445215001,1728.89,0.0203,BID
1445215001,1728.89,0.0797,BID
1445215001,1728.9,2.0,BID
1445215001,1728.95,0.0156,BID
1445215001,1728.96,0.6,BID
1445215002,1728.98,8.3654,ASK
1445215004,1728.99,0.4443,BID
1445215005,1728.99,0.0557,BID
1445215005,1729.73,0.4443,BID
1445215009,1728.99,0.5,ASK
1445215009,1728.98,0.002,ASK
1445215015,1728.99,0.0255,ASK
1445215015,1728.98,2.5545,ASK
1445215016,1729.04,0.5,ASK
1445215016,1729.02,0.01,ASK
1445215016,1728.99,0.1135,ASK
1445215016,1728.99,0.0579,ASK
1445215016,1728.99,0.6,ASK
1445215016,1728.98,3.2573,ASK
1445215018,1728.98,2.108,BID
1445215021,1729.92,0.025,BID
1445215021,1729.92,0.5,BID
1445215021,1729.92,0.6,BID
1445215021,1729.93,0.5,BID
1445215021,1729.98,0.0334,BID
1445215021,1729.99,0.1382,BID
1445215025,1729.2,0.0229,ASK
1445215025,1729.19,0.0658,ASK
1445215029,1729.97,0.0302,BID
1445215029,1729.97,0.025,BID
1445215029,1729.98,0.0663,BID
1445215029,1729.98,0.5,BID
1445215029,1729.99,1.3258,BID
1445215029,1729.99,0.0472,BID
1445215029,1730.0,1.7404,BID
1445215030,1729.2,0.0103,ASK
1445215030,1729.19,0.2052,ASK
1445215030,1729.0,0.0105,ASK
1445215030,1728.78,0.0147,ASK
1445215030,1728.51,1.0,ASK
1445215030,1728.5,4.2263,BID
1445215057,1728.83,0.6,ASK
1445215057,1728.83,2.4792,ASK
1445215098,1729.33,0.584,BID
1445215098,1729.41,0.357,BID
1445215098,1729.79,0.32,BID
1445215098,1729.83,0.01,BID
1445215098,1729.88,0.75,BID
1445215098,1729.88,0.75,BID
1445215100,1729.91,0.107,ASK
1445215100,1729.91,0.6,ASK
1445215100,1729.91,0.2,ASK
1445215100,1729.91,0.021,ASK
1445215100,1729.91,0.097,ASK
1445215101,1729.91,0.24,ASK
1445215101,1729.91,0.186,ASK
1445215101,1729.91,2.835,ASK
1445215101,1729.91,3.0,ASK
1445215101,1729.91,2.654,ASK
1445215101,1729.91,2.835,ASK
1445215101,1729.91,0.197,ASK
1445215101,1729.91,0.578,ASK
1445215101,1729.91,3.0,ASK
1445215101,1729.91,0.79,ASK
1445215101,1729.91,2.043,ASK
1445215101,1729.91,0.11,ASK
1445215101,1729.91,0.578,ASK
1445215101,1729.91,3.979,ASK
1445215101,1729.91,0.503,ASK
1445215101,1729.91,1.129,ASK
1445215101,1729.91,2.0,ASK
1445215101,1729.91,1.0,ASK
1445215102,1729.91,0.2,ASK
1445215102,1729.91,2.835,ASK
1445215102,1729.91,1.0,ASK
1445215102,1729.91,0.372,ASK
1445215102,1729.91,0.65,ASK
1445215102,1729.2,0.1765,BID
1445215102,1729.2,0.01,BID
1445215102,1729.42,0.3135,BID
1445215106,1729.42,0.503,BID
1445215106,1729.42,0.1395,BID
1445215106,1729.43,0.0923,ASK
1445215110,1729.44,0.025,ASK
1445215110,1729.44,0.0703,ASK
1445215110,1729.43,0.3462,ASK
1445215110,1729.43,0.1997,ASK
1445215112,1729.45,0.01,ASK
1445215114,1729.43,0.0302,ASK
1445215117,1729.43,0.01,ASK
1445215119,1729.43,0.01,ASK
1445215122,1729.89,0.01,BID
1445215122,1729.9,0.011,BID
1445215155,1729.86,0.025,BID
1445215155,1729.87,0.328,BID
1445215166,1729.85,0.0513,BID
1445215166,1729.85,0.0288,BID
1445215166,1729.85,0.025,BID
1445215166,1729.86,4.2263,BID
1445215166,1729.86,0.6686,ASK
1445215171,1728.7,0.001,ASK
1445215172,1729.81,0.5,BID
1445215172,1729.82,0.0628,BID
1445215183,1729.76,1.0,BID
1445215183,1729.81,0.5,BID
1445215183,1729.94,0.35,BID
1445215183,1729.94,0.127,BID
1445215183,1729.94,0.127,BID
1445215183,1729.94,0.127,BID
1445215183,1729.94,0.127,BID
1445215183,1730.0,1.642,BID
1445215204,1729.72,0.311,BID
1445215204,1729.73,0.189,BID
1445215204,1729.73,0.311,BID
1445215206,1729.74,0.089,ASK
1445215206,1729.74,0.252,ASK
1445215206,1729.74,0.148,ASK
1445215206,1729.74,0.5,ASK
1445215207,1728.91,0.0302,BID
1445215211,1728.91,0.01,BID
1445215218,1728.8,0.01,ASK
1445215223,1728.9,0.006,BID
1445215227,1728.91,0.008,BID
1445215231,1728.67,0.0482,BID
1445215236,1729.14,0.341,BID
1445215236,1729.38,0.229,BID
1445215241,1727.92,0.11,ASK
1445215242,1727.92,0.11,ASK
1445215252,1728.82,0.09,ASK
1445215252,1728.12,0.09,ASK
1445215253,1728.12,0.01,ASK
1445215257,1728.0,0.1,ASK
1445215280,1728.01,0.0896,ASK
1445215298,1728.01,0.01,ASK
1445215305,1728.01,0.01,ASK
1445215320,1728.01,0.3904,ASK
1445215320,1728.01,0.6,ASK
1445215320,1728.0,4.6,ASK
1445215320,1727.62,0.004,ASK
1445215320,1727.14,0.0856,ASK
1445215363,1726.99,1.4741,ASK
1445215363,1726.82,5.0,ASK
1445215363,1726.7,0.09,ASK
1445215363,1726.29,0.2596,ASK
1445215363,1726.24,0.008,ASK
1445215363,1726.14,1.437,ASK
1445215363,1726.1,0.7785,ASK
1445215363,1726.09,1.5543,ASK
1445215363,1726.04,0.05,ASK
1445215363,1725.93,4.5,ASK
1445215363,1725.0,3.0,ASK
1445215363,1724.0,0.1,ASK
1445215363,1723.48,0.016,ASK
1445215363,1722.27,4.3435,ASK
1445215363,1721.07,4.3896,ASK
1445215363,1721.01,0.1,ASK
1445215363,1720.2,0.4994,ASK
1445215370,1727.07,0.001,ASK
1445215387,1727.12,0.001,ASK
1445215387,1726.48,0.5608,ASK
1445215388,1727.2,0.9748,BID
1445215388,1727.2,0.01,BID
1445215390,1727.19,0.01,BID
1445215391,1727.18,0.0302,BID
1445215391,1727.19,0.0036,BID
1445215391,1727.2,0.6712,BID
1445215395,1726.81,0.0302,ASK
1445215395,1726.8,0.0265,BID
1445215415,1727.16,0.01,BID
1445215423,1727.19,0.02,ASK
1445215447,1727.02,0.0273,BID
1445215447,1727.2,0.0205,BID
1445215447,1727.69,0.22,BID
1445215447,1727.71,0.7868,BID
1445215468,1726.53,0.1417,ASK
1445215468,1726.11,0.115,ASK
1445215468,1725.95,0.0752,ASK
1445215469,1726.54,0.03,ASK
1445215469,1726.12,0.05,ASK
1445215471,1726.53,0.01,BID
1445215473,1727.63,0.01,BID
1445215473,1727.76,0.1,BID
1445215473,1727.9,0.0209,BID
1445215477,1726.53,0.125,ASK
1445215480,1726.53,0.005,ASK
1445215481,1725.75,0.1192,ASK
1445215484,1725.81,0.119,ASK
1445215484,1725.75,0.2618,ASK
1445215510,1726.42,0.5582,BID
1445215510,1726.43,0.5,BID
1445215510,1726.44,0.9418,BID
1445215513,1726.43,22.225,BID
1445215530,1725.71,0.2066,ASK
1445215530,1725.37,0.6,ASK
1445215530,1725.37,0.01,ASK
1445215530,1725.37,0.114,ASK
1445215530,1725.37,2.6449,ASK
1445215547,1726.42,0.3304,ASK
1445215554,1726.99,0.01,BID
1445215557,1726.99,0.01,ASK
1445215557,1726.53,0.2144,ASK
1445215557,1726.43,3.5,ASK
1445215557,1726.42,0.2488,ASK
1445215557,1726.02,0.361,ASK
1445215557,1725.8,0.5,ASK
1445215557,1725.79,2.02,ASK
1445215557,1725.78,0.6,ASK
1445215557,1725.77,5.74,ASK
1445215557,1725.71,0.715,ASK
1445215557,1725.71,0.297,ASK
1445215557,1725.47,0.301,ASK
1445215557,1725.37,1.8,ASK
1445215557,1725.29,0.08,ASK
1445215557,1724.85,2.0,ASK
1445215557,1724.79,1.0,ASK
1445215557,1724.68,0.268,ASK
1445215557,1724.58,2.0,ASK
1445215557,1724.56,2.0,ASK
1445215557,1724.48,2.0,ASK
1445215557,1724.43,0.715,ASK
1445215557,1724.3,0.824,ASK
1445215557,1724.24,0.735,ASK
1445215557,1724.17,0.451,ASK
1445215557,1723.6,0.5,ASK
1445215557,1722.87,0.377,ASK
1445215557,1722.87,0.8934,ASK
1445215612,1726.42,0.679,BID
1445215612,1726.42,1.0,BID
1445215612,1725.77,0.8,ASK
1445215612,1725.77,0.106,ASK
1445215612,1725.75,0.8,ASK
1445215612,1725.7,0.01,ASK
1445215612,1725.7,2.1255,ASK
1445215612,1726.42,0.01,BID
1445215613,1726.42,0.4,BID
1445215613,1726.42,3.7099,BID
1445215613,1726.42,0.6,BID
1445215613,1726.42,0.01,BID
1445215614,1726.42,0.066,BID
1445215614,1726.41,0.457,BID
1445215614,1726.41,0.043,BID
1445215614,1726.42,0.357,BID
1445215614,1726.42,0.2,BID
1445215615,1726.42,2.58,BID
1445215615,1726.42,1.022,BID
1445215615,1726.42,0.6,BID
1445215616,1726.12,0.1559,ASK
1445215616,1725.66,0.457,ASK
1445215616,1725.66,0.457,ASK
1445215616,1725.39,0.025,ASK
1445215616,1725.38,0.5,ASK
1445215616,1725.33,0.579,ASK
1445215616,1724.28,0.0297,ASK
1445215616,1724.27,0.594,ASK
1445215616,1724.24,0.503,ASK
1445215616,1724.07,0.503,ASK
1445215616,1724.07,0.503,ASK
1445215616,1723.37,0.857,ASK
1445215616,1723.01,2.02,ASK
1445215616,1723.0,3.5,ASK
1445215616,1723.0,0.01,BID
1445215616,1723.0,0.519,BID
1445215616,1723.0,0.75,BID
1445215616,1723.0,0.643,BID
1445215616,1723.0,1.022,BID
1445215616,1723.0,0.75,BID
1445215616,1723.0,5.0,BID
1445215617,1723.0,0.0457,BID
1445215617,1723.0,1.296,BID
1445215617,1723.0,0.39,BID
1445215617,1723.0,0.8907,BID
1445215620,1726.41,0.025,BID
1445215620,1726.41,0.0297,BID
1445215620,1726.3,0.04,ASK
1445215620,1726.3,0.16,ASK
1445215621,1726.3,0.04,BID
1445215621,1726.42,0.0147,BID
1445215623,1726.41,0.04,BID
1445215625,1726.27,0.579,BID
1445215625,1726.41,0.0057,BID
1445215625,1726.42,0.8245,BID
1445215626,1726.42,0.5847,BID
1445215627,1727.06,0.5847,BID
1445215654,1726.99,0.0202,BID
1445215654,1727.0,0.07,BID
1445215654,1727.06,0.0153,BID
1445215654,1727.17,0.0945,BID
1445215655,1726.16,0.2008,ASK
1445215655,1725.74,0.0111,ASK
1445215655,1725.2,0.041,ASK
1445215659,1726.2,0.01,ASK
1445215671,1725.82,0.0421,ASK
1445215675,1725.98,0.0051,ASK
1445215689,1727.14,0.01,BID
1445215689,1727.6,0.1,BID
1445215692,1727.09,0.0101,BID
1445215692,1727.1,0.1909,BID
1445215693,1727.1,0.01,BID
1445215700,1727.41,0.01,BID
1445215701,1727.41,0.1713,BID
1445215703,1727.56,0.1819,BID
1445215704,1727.56,0.0047,BID
1445215714,1727.56,0.0188,BID
1445215714,1727.57,0.377,BID
1445215714,1727.57,0.8922,BID
1445215715,1727.56,0.01,BID
1445215716,1727.56,0.0143,BID
1445215716,1727.57,0.0008,BID
1445215718,1727.65,0.6393,BID
1445215718,1728.3,0.14,BID
1445215723,1727.67,0.01,ASK
1445215737,1727.0,0.1402,ASK
1445215737,1726.41,0.001,ASK
1445215737,1725.92,5.0,ASK
1445215737,1725.84,2.0,ASK
1445215737,1725.35,0.9454,ASK
1445215744,1727.01,0.5,ASK
1445215745,1727.0,0.6,BID
1445215746,1727.0,1.0,BID
1445215746,1727.0,0.01,BID
1445215746,1727.0,0.469,BID
1445215746,1727.0,0.5,BID
1445215747,1727.0,0.11,BID
1445215747,1727.0,2.27,BID
1445215747,1727.0,0.01,BID
1445215747,1727.0,0.924,BID
1445215747,1727.0,0.6,BID
1445215747,1727.0,0.924,BID
1445215747,1727.0,0.924,BID
1445215747,1727.0,0.028,BID
1445215748,1727.0,0.01,BID
1445215749,1727.0,0.6,BID
1445215749,1727.0,0.6,BID
1445215749,1727.0,0.4,BID
1445215749,1727.0,0.4,BID
1445215749,1727.0,0.09,BID
1445215749,1727.0,1.0,BID
1445215749,1727.0,0.2,BID
1445215749,1727.0,0.5,BID
1445215750,1726.71,7.0,BID
1445215750,1726.71,6.371,BID
1445215751,1727.0,0.6,BID
1445215751,1727.0,0.01,BID
1445215752,1727.0,0.211,BID
1445215753,1727.0,0.01,BID
1445215753,1727.0,0.789,BID
1445215754,1727.0,0.5,BID
1445215754,1727.0,0.23,BID
1445215755,1727.0,0.01,BID
1445215756,1727.0,0.7263,BID
1445215756,1727.83,0.01,BID
1445215757,1727.83,0.7263,BID
1445215758,1727.0,0.01,ASK
1445215758,1726.89,0.0733,BID
1445215759,1726.89,0.0738,BID
1445215760,1726.89,0.1409,BID
1445215760,1727.77,0.0738,BID
1445215762,1727.77,0.1409,BID
1445215763,1726.9,0.0107,ASK
1445215763,1726.89,0.214,ASK
1445215763,1726.89,0.01,ASK
1445215763,1726.08,0.025,ASK
1445215763,1726.07,0.5,ASK
1445215763,1726.07,0.0287,ASK
1445215763,1726.05,2.0,ASK
1445215763,1725.93,0.4324,ASK
1445215763,1727.45,1.0,ASK
1445215763,1727.45,20.056,ASK
1445215766,1726.88,0.224,BID
1445215770,1727.57,0.01,BID
1445215771,1727.57,0.01,BID
1445215773,1727.0,0.01,ASK
1445215773,1727.0,0.9927,ASK
1445215773,1726.98,0.0093,BID
1445215773,1726.98,0.0272,BID
1445215778,1726.98,0.1728,BID
1445215781,1726.5,0.01,BID
1445215782,1726.5,0.01,BID
1445215784,1726.5,0.162,BID
1445215784,1726.98,0.84,BID
1445215785,1726.98,1.0,BID
1445215785,1726.98,0.6,BID
1445215785,1726.98,0.6,BID
1445215786,1726.98,0.6,BID
1445215786,1726.98,0.182,BID
1445215787,1726.97,0.1796,BID
1445215787,1726.96,17.807,BID
1445215801,1727.23,0.1873,BID
1445215803,1727.81,0.1873,BID
1445215809,1726.98,0.035,ASK
1445215813,1726.98,0.01,ASK
1445215817,1726.98,0.001,ASK
1445215819,1726.7,0.061,BID
1445215819,1726.7,0.6822,BID
1445215819,1726.7,0.01,BID
1445215820,1726.7,1.0,BID
1445215820,1726.7,0.2458,BID
1445215821,1727.44,0.161,BID
1445215821,1728.3,0.0111,BID
1445215821,1728.3,0.0336,BID
1445215821,1728.3,0.0237,BID
1445215821,1728.31,0.4478,BID
1445215823,1727.04,0.01,ASK
1445215826,1727.05,0.011,ASK
1445215826,1727.49,0.009,BID
1445215826,1727.05,0.0142,ASK
1445215826,1727.04,0.504,ASK
1445215826,1726.93,0.01,ASK
1445215826,1726.72,0.0487,ASK
1445215826,1726.72,0.0784,ASK
1445215826,1726.72,0.5,ASK
1445215826,1726.71,0.7542,ASK
1445215826,1726.71,1.0,ASK
1445215826,1726.71,0.4,ASK
1445215826,1726.71,0.6,ASK
1445215826,1726.71,0.6,ASK
1445215826,1726.71,0.103,ASK
1445215826,1726.71,0.514,ASK
1445215826,1726.71,0.4,ASK
1445215826,1726.71,0.6,ASK
1445215826,1726.71,0.4635,ASK
1445215837,1727.75,0.001,BID
1445215849,1725.95,0.027,BID
1445215850,1725.95,0.1615,BID
1445215850,1725.95,0.0266,BID
1445215853,1728.1,0.065,ASK
1445215854,1728.12,0.0115,BID
1445215854,1728.19,2.691,BID
1445215854,1728.19,0.01,BID
1445215854,1728.19,0.5,BID
1445215854,1728.21,4.5629,BID
1445215854,1728.28,0.522,BID
1445215854,1728.3,0.432,BID
1445215854,1728.31,5.4122,BID
1445215854,1728.34,0.61,BID
1445215854,1728.37,0.2484,BID
1445215858,1727.6,0.01,BID
1445215858,1727.69,0.054,BID
1445215858,1727.69,0.1229,BID
1445215863,1727.71,0.0125,ASK
1445215863,1727.7,0.0055,ASK
1445215866,1727.71,0.0101,ASK
1445215866,1727.7,0.0009,ASK
1445215868,1727.71,0.01,ASK
1445215892,1728.89,1.0,BID
1445215934,1728.64,0.009,BID
1445215934,1728.65,0.001,BID
1445215939,1728.75,0.01,ASK
1445215941,1728.17,0.09,ASK
1445215944,1729.49,0.01,BID
1445215952,1729.45,0.0105,BID
1445215952,1729.46,0.0545,BID
1445215955,1729.49,0.0135,BID
1445215955,1729.49,0.1115,BID
1445215958,1728.96,0.01,BID
1445215958,1729.49,0.01,BID
1445215974,1729.49,0.0069,BID
1445215974,1729.5,0.0031,BID
1445215974,1729.5,0.0169,BID
1445215974,1729.5,0.5,BID
1445215974,1729.5,0.2831,BID
1445215975,1729.5,0.179,BID
1445215976,1729.5,3.6079,BID
1445215976,1730.0,0.1679,BID
1445215977,1729.99,3.0,BID
1445215977,1729.99,12.842,BID
1445215979,1729.7,0.11,ASK
1445215980,1729.72,0.013,ASK
1445215980,1729.7,0.006,ASK
1445215980,1730.0,1.18,BID
1445215983,1729.73,0.0302,ASK
1445215983,1729.71,0.0526,ASK
1445215983,1729.7,0.732,ASK
1445215983,1729.4,0.0153,ASK
1445215983,1728.5,0.107,ASK
1445215983,1728.0,0.3186,BID
1445215989,1729.2,0.01,BID
1445215996,1729.63,0.01,BID
1445215997,1729.63,0.0769,BID
1445216000,1729.76,0.01,ASK
1445216001,1729.96,0.01,BID
1445216004,1729.7,0.013,ASK
1445216009,1729.13,0.001,ASK
1445216010,1729.95,0.01,BID
1445216015,1729.43,0.01,ASK
1445216015,1729.39,0.0111,ASK
1445216016,1729.99,0.0176,BID
1445216016,1729.99,0.015,BID
1445216016,1729.99,0.01,BID
1445216016,1730.0,1.1374,BID
1445216017,1730.0,0.01,BID
1445216017,1730.0,0.0202,BID
1445216017,1730.0,0.217,BID
1445216017,1730.0,0.217,BID
1445216017,1730.0,0.217,BID
1445216017,1730.0,0.217,BID
1445216018,1729.7,0.01,ASK
1445216018,1729.99,0.0202,BID
1445216018,1730.0,0.9231,BID
1445216018,1730.17,0.038,BID
1445216018,1730.3,0.248,BID
1445216018,1730.52,0.002,BID
1445216018,1730.77,0.017,BID
1445216018,1731.0,0.7517,BID
1445216019,1731.0,1.18,BID
1445216019,1731.0,0.2143,BID
1445216023,1731.0,0.4868,BID
1445216025,1730.17,0.1274,ASK
1445216025,1729.74,0.551,ASK
1445216025,1729.73,0.03,ASK
1445216025,1729.73,0.741,ASK
1445216025,1729.73,1.0,ASK
1445216025,1729.72,0.6,ASK
1445216025,1729.72,1.4426,ASK
1445216025,1729.72,0.7836,ASK
1445216026,1730.19,15.901,ASK
1445216029,1730.19,0.027,ASK
1445216029,1730.18,0.01,ASK
1445216029,1730.18,0.5,ASK
1445216029,1730.18,0.003,ASK
1445216031,1730.19,0.0255,ASK
1445216031,1729.74,0.012,ASK
1445216032,1730.1,0.01,BID
1445216032,1730.16,0.49,BID
1445216036,1729.75,0.0302,ASK
1445216036,1729.74,0.013,ASK
1445216036,1729.74,0.0163,ASK
1445216036,1729.73,0.4405,ASK
1445216036,1730.09,0.026,BID
1445216036,1730.15,0.0297,BID
1445216036,1730.15,0.0181,BID
1445216036,1730.16,0.1045,BID
1445216038,1730.17,8.0,ASK
1445216038,1730.17,4.0,ASK
1445216038,1730.17,6.059,ASK
1445216039,1730.16,0.321,ASK
1445216039,1730.16,0.0007,ASK
1445216039,1730.16,0.0293,ASK
1445216040,1730.16,0.016,ASK
1445216042,1730.16,0.064,ASK
1445216043,1730.16,0.01,ASK
1445216043,1730.41,0.2116,BID
1445216043,1730.59,0.1554,BID
1445216046,1730.16,0.0587,ASK
1445216048,1729.66,0.0733,BID
1445216048,1730.58,0.0253,BID
1445216048,1730.59,0.01,BID
1445216048,1730.59,0.1013,BID
1445216048,1729.5,0.156,ASK
1445216048,1729.39,0.01,BID
1445216049,1729.39,0.0733,BID
1445216049,1729.39,0.073,BID
1445216049,1729.39,0.01,BID
1445216050,1729.39,0.0558,BID
1445216050,1730.58,0.0237,BID
1445216050,1730.99,0.0115,BID
1445216050,1730.99,0.0185,BID
1445216050,1731.0,0.0605,BID
1445216051,1730.99,0.0558,BID
1445216051,1730.99,0.0558,BID
1445216052,1730.99,0.06,BID
1445216060,1729.59,0.01,ASK
1445216060,1729.59,0.1495,ASK
1445216063,1730.01,0.01,ASK
1445216066,1730.01,0.01,ASK
1445216073,1730.05,0.016,ASK
1445216079,1730.06,0.01,ASK
1445216082,1730.07,0.01,ASK
1445216113,1730.15,0.0094,ASK
1445216117,1730.98,0.0302,BID
1445216117,1730.99,0.0058,BID
1445216118,1730.99,0.0042,BID
1445216118,1730.99,0.01,BID
1445216118,1730.99,0.026,BID
1445216118,1731.0,0.5458,BID
1445216119,1731.0,0.046,BID
1445216119,1731.0,0.01,BID
1445216120,1731.0,0.02,BID
1445216121,1731.0,0.01,BID
1445216123,1731.0,0.202,BID
1445216123,1730.56,0.0168,ASK
1445216123,1730.54,1.0,BID
1445216123,1730.54,10.154,BID
1445216123,1730.55,0.0302,BID
1445216124,1730.55,0.173,BID
1445216126,1730.55,0.116,BID
1445216126,1730.56,0.0168,BID
1445216126,1730.56,0.0168,BID
1445216126,1730.99,0.01,BID
1445216128,1730.87,0.116,ASK
1445216128,1730.86,0.0444,ASK
1445216132,1730.99,0.0068,BID
1445216132,1731.0,0.0222,BID
1445216133,1730.9,0.01,ASK
1445216133,1731.0,0.01,BID
1445216133,1731.0,0.211,BID
1445216134,1730.99,0.0302,BID
1445216134,1731.0,0.2297,BID
1445216135,1731.15,0.0244,ASK
1445216138,1731.03,0.011,ASK
1445216147,1731.17,0.01,ASK
1445216147,1731.17,0.01,ASK
1445216151,1731.21,0.004,BID
1445216154,1731.21,0.01,ASK
1445216157,1731.22,0.01,ASK
1445216159,1731.21,0.4505,ASK
1445216160,1731.68,0.011,BID
1445216160,1731.69,0.1676,BID
1445216160,1731.91,0.21,BID
1445216160,1731.91,0.342,BID
1445216160,1731.99,0.4054,BID
1445216162,1731.22,0.01,ASK
1445216174,1731.25,0.0286,ASK
1445216174,1731.24,0.6,ASK
1445216174,1731.24,0.0302,ASK
1445216174,1731.24,0.0282,ASK
1445216174,1731.23,0.0245,ASK
1445216174,1731.22,0.49,ASK
1445216174,1731.21,9.5738,ASK
1445216179,1731.98,0.0302,BID
1445216179,1731.99,0.1638,BID
1445216180,1731.99,0.0308,BID
1445216180,1731.99,0.0245,BID
1445216180,1731.99,0.0286,BID
1445216180,1731.99,0.0282,BID
1445216181,1731.99,0.0819,ASK
1445216183,1731.96,0.01,ASK
1445216183,1731.29,0.0302,ASK
1445216183,1731.28,0.025,ASK
1445216183,1731.28,0.0414,ASK
1445216184,1731.97,0.418,BID
1445216184,1731.97,0.182,BID
1445216184,1731.98,0.3791,BID
1445216187,1731.96,0.0302,BID
1445216187,1731.98,0.039,BID
1445216193,1731.98,0.132,ASK
1445216194,1731.99,0.023,BID
1445216195,1731.98,0.01,ASK
1445216197,1731.98,0.01,ASK
1445216202,1731.99,0.01,ASK
1445216203,1731.99,0.0202,ASK
1445216203,1731.98,0.0041,ASK
1445216213,1731.98,0.01,ASK
1445216215,1731.98,0.01,ASK
1445216220,1731.98,0.01,ASK
1445216223,1731.98,0.01,ASK
1445216225,1731.98,0.01,ASK
1445216229,1731.98,0.01,ASK
1445216231,1731.98,0.01,ASK
1445216236,1731.98,0.012,ASK
1445216239,1731.98,0.1107,ASK
1445216239,1731.98,0.1613,ASK
1445216244,1732.52,0.017,ASK
1445216246,1732.58,0.0302,BID
1445216246,1732.6,0.008,BID
1445216250,1732.69,0.01,ASK
1445216253,1732.68,0.01,ASK
1445216261,1732.53,0.013,ASK
1445216262,1732.99,0.01,BID
1445216262,1733.0,1.87,BID
1445216271,1732.54,0.01,ASK
1445216274,1732.53,0.01,ASK
1445216276,1732.91,0.1505,BID
1445216276,1732.99,0.01,BID
1445216276,1733.0,0.0677,BID
1445216277,1732.53,0.014,ASK
1445216277,1733.0,0.69,BID
1445216278,1733.0,0.1505,BID
1445216278,1733.0,0.1499,BID
1445216278,1733.0,0.4046,BID
1445216279,1732.54,0.01,ASK
1445216280,1732.55,0.03,ASK
1445216280,1732.54,0.0202,ASK
1445216280,1732.54,0.0343,ASK
1445216282,1732.53,0.01,ASK
1445216283,1732.96,0.1939,BID
1445216283,1732.99,0.032,BID
1445216283,1732.99,0.0302,BID
1445216283,1733.0,0.6673,BID
1445216284,1733.54,0.001,BID
1445216286,1733.0,0.952,ASK
1445216286,1733.0,0.167,ASK
1445216286,1733.0,0.4,ASK
1445216286,1733.0,0.309,ASK
1445216287,1733.0,0.051,ASK
1445216287,1733.01,0.01,ASK
1445216287,1733.01,0.0202,ASK
1445216287,1733.0,0.0208,ASK
1445216288,1733.0,0.567,ASK
1445216288,1733.0,0.2,ASK
1445216288,1733.0,0.01,ASK
1445216289,1733.01,0.3972,ASK
1445216289,1733.0,0.1698,ASK
1445216290,1733.0,0.01,ASK
1445216290,1733.0,1.913,ASK
1445216292,1733.0,0.166,ASK
1445216292,1733.0,1.0027,ASK
1445216293,1733.0,0.166,ASK
1445216293,1733.0,0.2248,ASK
1445216301,1732.53,0.01,ASK
1445216303,1732.53,0.143,ASK
1445216304,1732.14,0.01,ASK
1445216306,1732.9,0.01,BID
1445216306,1732.92,0.09,BID
1445216306,1733.36,0.4386,BID
1445216306,1733.43,0.604,BID
1445216306,1733.45,0.74,BID
1445216306,1733.47,0.504,BID
1445216306,1733.54,2.019,BID
1445216307,1733.54,0.549,ASK
1445216307,1733.54,0.5,ASK
1445216307,1733.54,5.0,ASK
1445216308,1733.54,14.8295,ASK
1445216309,1733.54,0.186,ASK
1445216309,1733.54,0.105,ASK
1445216310,1733.54,0.205,ASK
1445216310,1733.54,0.549,ASK
1445216310,1733.54,0.205,ASK
1445216310,1733.54,0.01,ASK
1445216310,1733.54,0.205,ASK
1445216310,1733.54,0.205,ASK
1445216310,1733.54,2.715,ASK
1445216310,1733.54,2.58,ASK
1445216310,1733.54,0.9312,ASK
1445216310,1733.54,0.585,ASK
1445216310,1733.55,21.0,ASK
1445216310,1733.55,6.0,ASK
1445216310,1733.55,6.272,ASK
1445216311,1733.65,11.025,ASK
1445216311,1733.54,0.166,ASK
1445216311,1733.54,0.105,ASK
1445216311,1733.54,0.048,ASK
1445216312,1733.54,0.01,ASK
1445216312,1733.54,0.01,ASK
1445216315,1733.55,0.0062,ASK
1445216316,1733.56,0.019,ASK
1445216319,1733.56,0.01,ASK
1445216322,1733.57,0.01,ASK
1445216323,1733.57,0.441,ASK
1445216324,1733.57,0.1366,ASK
1445216324,1733.57,0.0334,ASK
1445216325,1733.57,0.133,ASK
1445216326,1733.55,0.01,ASK
1445216336,1733.58,0.01,ASK
1445216339,1733.58,0.01,ASK
1445216342,1733.58,0.017,ASK
1445216348,1733.58,0.018,ASK
1445216354,1733.58,0.01,ASK
1445216355,1733.58,0.377,ASK
1445216355,1733.56,0.1315,ASK
1445216355,1733.56,0.0235,ASK
1445216355,1733.56,0.0319,ASK
1445216355,1733.55,2.138,ASK
1445216358,1733.61,0.013,ASK
1445216361,1733.56,0.03,ASK
1445216364,1733.59,0.0243,BID
1445216364,1733.6,0.0777,BID
1445216365,1733.56,0.264,ASK
1445216366,1733.57,0.0235,ASK
1445216366,1733.56,0.206,ASK
1445216366,1733.55,0.01,ASK
1445216367,1733.55,0.19,ASK
1445216369,1733.55,0.0302,ASK
1445216370,1733.55,0.025,ASK
1445216371,1734.0,0.1809,ASK
1445216372,1734.0,0.1,ASK
1445216373,1734.0,0.205,ASK
1445216373,1734.0,0.017,ASK
1445216373,1734.0,0.102,ASK
1445216373,1734.0,0.205,ASK
1445216373,1734.0,0.196,ASK
1445216373,1734.0,0.196,ASK
1445216373,1734.0,0.196,ASK
1445216373,1734.0,0.196,ASK
1445216373,1734.0,0.205,ASK
1445216373,1734.0,0.2011,ASK
1445216374,1733.56,0.01,ASK
1445216378,1733.55,0.01,ASK
1445216381,1733.55,0.01,ASK
1445216384,1733.91,0.01,BID
1445216384,1733.95,0.01,BID
1445216384,1733.96,0.2,BID
1445216386,1733.98,0.01,ASK
1445216395,1733.98,0.01,ASK
1445216398,1733.56,0.0108,ASK
1445216398,1733.55,0.0112,ASK
1445216399,1733.92,0.01,BID
1445216403,1733.93,0.01,ASK
1445216403,1733.55,0.009,ASK
1445216408,1733.56,0.01,ASK
1445216413,1733.55,0.01,ASK
1445216419,1734.24,0.01,ASK
1445216420,1734.24,0.338,ASK
1445216421,1734.24,0.01,ASK
1445216425,1734.24,0.01,ASK
1445216429,1734.57,0.0064,BID
1445216434,1734.27,0.01,ASK
1445216436,1734.56,0.01,BID
1445216436,1734.24,0.01,ASK
1445216438,1734.55,0.0036,BID
1445216438,1735.08,0.0324,BID
1445216438,1735.15,0.106,BID
1445216438,1735.17,0.471,BID
1445216438,1735.19,1.288,BID
1445216440,1734.28,0.01,ASK
1445216442,1734.26,0.0089,ASK
1445216444,1734.25,0.015,ASK
1445216451,1734.25,0.01,ASK
1445216454,1734.25,0.005,ASK
1445216454,1734.24,0.01,ASK
1445216458,1734.24,0.264,ASK
1445216462,1734.24,0.025,ASK
1445216463,1734.24,0.0007,ASK
1445216468,1733.74,0.01,BID
1445216470,1733.74,0.001,BID
1445216470,1733.74,0.01,BID
1445216482,1733.58,0.2078,ASK
1445216482,1733.57,0.6,ASK
1445216482,1733.56,0.375,ASK
1445216482,1733.56,1.184,ASK
1445216482,1733.56,0.501,ASK
1445216482,1733.56,3.1322,ASK
1445216482,1734.0,10.0,BID
1445216482,1734.82,0.0341,BID
1445216482,1734.82,0.1441,BID
1445216482,1734.82,0.0163,BID
1445216482,1734.83,1.2563,BID
1445216487,1733.65,0.01,ASK
1445216505,1733.61,0.0141,ASK
1445216505,1733.6,0.0959,ASK
1445216506,1733.6,0.1851,ASK
1445216506,1733.58,0.4179,ASK
1445216506,1733.58,0.75,ASK
1445216506,1733.58,0.75,ASK
1445216506,1733.58,0.08,ASK
1445216506,1733.58,0.9499,ASK
1445216506,1733.58,0.014,ASK
1445216508,1733.59,0.01,ASK
1445216511,1733.57,0.01,ASK
1445216512,1733.57,0.0113,ASK
1445216512,1733.57,0.0113,ASK
1445216512,1733.57,0.1403,ASK
1445216512,1733.56,0.5021,ASK
1445216512,1733.56,0.032,ASK
1445216513,1733.56,0.085,ASK
1445216513,1733.56,0.6189,ASK
1445216514,1733.56,0.035,ASK
1445216514,1733.57,1.0,ASK
1445216514,1733.57,10.0,ASK
1445216514,1733.57,8.586,ASK
1445216515,1733.56,0.144,ASK
1445216516,1733.56,0.302,ASK
1445216516,1733.56,0.134,ASK
1445216517,1733.56,0.246,ASK
1445216517,1733.56,0.2208,ASK
1445216517,1733.56,0.0812,ASK
1445216517,1733.56,0.3,ASK
1445216517,1733.56,0.302,ASK
1445216517,1733.56,0.213,ASK
1445216517,1733.56,0.01,ASK
1445216517,1733.56,0.5548,ASK
1445216517,1733.55,0.1252,ASK
1445216518,1733.55,2.847,ASK
1445216519,1733.71,0.1645,BID
1445216519,1734.02,0.194,BID
1445216519,1734.08,0.025,BID
1445216519,1734.09,0.5,BID
1445216519,1734.11,0.1146,BID
1445216519,1734.12,0.5722,BID
1445216519,1734.63,0.5876,BID
1445216519,1734.63,1.2996,BID
1445216527,1733.81,0.01,ASK
1445216527,1733.56,0.01,ASK
1445216529,1733.56,0.015,ASK
1445216529,1733.56,0.1146,ASK
1445216529,1733.55,0.0254,ASK
1445216532,1733.55,0.01,ASK
1445216538,1733.55,0.307,ASK
1445216540,1733.55,1.6519,ASK
1445216540,1733.55,0.1,ASK
1445216541,1733.55,0.01,ASK
1445216543,1733.55,0.81,ASK
1445216544,1733.55,2.5819,ASK
1445216544,1733.55,0.8,ASK
1445216544,1733.55,0.2,ASK
1445216545,1733.55,0.3635,ASK
1445216549,1733.25,0.01,BID
1445216549,1733.27,0.3635,BID
1445216549,1733.27,0.1742,BID
1445216549,1733.53,0.0223,BID
1445216555,1732.4,0.5,ASK
1445216556,1732.36,0.01,ASK
1445216557,1732.36,0.1778,ASK
1445216558,1732.36,0.033,ASK
1445216558,1732.36,0.7392,ASK
1445216560,1732.36,0.2,ASK
1445216561,1732.36,0.481,ASK
1445216561,1732.36,0.359,ASK
1445216561,1732.08,0.821,ASK
1445216562,1732.08,0.2336,ASK
1445216562,1731.98,0.6387,ASK
1445216562,1731.82,0.3077,ASK
1445216563,1732.11,0.481,BID
1445216566,1731.82,0.233,ASK
1445216568,1731.82,0.1362,ASK
1445216570,1731.57,1.175,BID
1445216571,1731.72,0.1223,BID
1445216571,1731.81,0.136,BID
1445216571,1731.81,0.136,BID
1445216571,1731.88,0.7807,BID
1445216572,1731.7,12.0,BID
1445216572,1731.7,6.274,BID
1445216585,1731.57,0.287,BID
1445216585,1731.57,0.287,BID
1445216585,1731.57,0.292,BID
1445216585,1731.57,0.287,BID
1445216585,1731.57,0.287,BID
1445216585,1732.43,0.025,BID
1445216585,1732.44,0.5,BID
1445216585,1732.5,0.1421,BID
1445216585,1732.52,4.0548,BID
1445216585,1732.53,0.159,BID
1445216585,1732.64,1.0,BID
1445216585,1732.64,1.0,BID
1445216585,1732.69,0.486,BID
1445216585,1732.69,0.486,BID
1445216585,1732.69,0.486,BID
1445216585,1732.7,0.166,BID
1445216585,1732.72,0.342,BID
1445216585,1732.96,0.2,BID
1445216585,1733.0,1.8,BID
1445216585,1733.02,0.01,BID
1445216585,1733.55,0.7928,BID
1445216586,1731.58,0.0089,ASK
1445216589,1731.22,0.03,ASK
1445216592,1731.21,0.01,ASK
1445216614,1731.24,0.5,ASK
1445216614,1731.23,0.2168,ASK
1445216642,1731.93,0.01,BID
1445216643,1731.26,12.045,BID
1445216644,1731.93,0.01,BID
1445216646,1731.93,0.01,BID
1445216664,1731.9,0.0095,BID
1445216664,1731.93,0.0005,BID
1445216678,1731.26,0.0302,ASK
1445216678,1731.25,0.5776,ASK
1445216678,1731.23,1.8032,ASK
1445216678,1731.23,0.217,ASK
1445216678,1731.23,2.0,BID
1445216679,1731.23,0.5,BID
1445216681,1731.23,0.01,BID
1445216683,1731.23,0.01,BID
1445216683,1731.23,0.13,BID
1445216683,1731.23,0.16,BID
1445216683,1731.23,0.017,BID
1445216683,1731.23,0.242,BID
1445216683,1731.23,0.282,BID
1445216683,1731.23,0.13,BID
1445216684,1731.23,0.371,BID
1445216685,1731.23,0.25,BID
1445216685,1731.23,0.101,BID
1445216685,1731.23,0.25,BID
1445216685,1731.23,0.25,BID
1445216685,1731.23,0.361,BID
1445216685,1731.23,0.361,BID
1445216686,1731.23,0.674,BID
1445216692,1731.73,0.01,ASK
1445216693,1731.73,0.012,ASK
1445216695,1731.23,0.238,BID
1445216695,1731.23,0.123,BID
1445216695,1731.23,0.01,BID
1445216697,1731.23,0.228,BID
1445216697,1731.72,0.022,BID
1445216697,1731.93,0.0628,BID
1445216697,1732.1,0.2862,BID
1445216698,1731.22,0.0153,ASK
1445216698,1731.23,0.022,BID
1445216698,1732.1,0.0048,BID
1445216698,1732.17,0.0136,BID
1445216698,1732.18,0.2096,BID
1445216723,1731.24,0.01,BID
1445216724,1732.22,0.01,BID
1445216739,1732.2,0.2649,BID
1445216740,1732.26,0.01,ASK
1445216740,1732.21,0.0032,ASK
1445216740,1732.21,0.0269,ASK
1445216740,1732.21,0.0033,ASK
1445216743,1732.21,0.291,ASK
1445216752,1732.29,0.2273,BID
1445216753,1732.28,0.0113,BID
1445216753,1732.35,0.0184,BID
1445216756,1732.36,0.5,BID
1445216758,1732.36,0.027,ASK
1445216761,1731.32,0.0625,ASK
1445216761,1731.26,0.248,ASK
1445216761,1731.23,1.8,ASK
1445216762,1731.22,0.7,BID
1445216762,1731.22,0.1034,BID
1445216762,1731.22,0.0124,BID
1445216762,1731.22,0.5,BID
1445216762,1731.22,0.5,BID
1445216762,1731.22,0.0303,BID
1445216763,1731.22,0.232,BID
1445216763,1731.22,0.232,BID
1445216763,1731.22,0.01,BID
1445216763,1731.22,4.1334,BID
1445216764,1732.26,0.01,BID
1445216764,1732.58,0.0187,BID
1445216764,1732.58,0.0113,BID
1445216764,1732.59,0.56,BID
1445216765,1732.59,0.04,BID
1445216765,1732.63,0.0512,BID
1445216765,1732.64,0.1378,BID
1445216768,1732.25,0.0303,BID
1445216769,1732.64,0.0303,BID
1445216778,1732.0,0.1988,ASK
1445216780,1732.35,0.557,ASK
1445216781,1732.36,0.013,ASK
1445216782,1732.36,0.017,ASK
1445216782,1732.35,0.262,ASK
1445216783,1732.36,0.0278,ASK
1445216783,1732.35,1.1772,ASK
1445216783,1732.35,1.275,ASK
1445216783,1732.35,1.275,ASK
1445216783,1732.35,1.1726,ASK
1445216783,1732.34,0.0233,BID
1445216784,1732.01,0.03,ASK
1445216784,1732.24,3.944,BID
1445216785,1732.02,0.02,ASK
1445216785,1732.25,0.01,BID
1445216788,1732.01,0.315,ASK
1445216789,1732.01,0.01,ASK
1445216789,1732.01,0.17,ASK
1445216789,1732.01,0.075,ASK
1445216789,1732.0,0.099,ASK
1445216790,1732.08,0.01,BID
1445216791,1732.0,0.199,ASK
1445216791,1732.08,0.01,BID
1445216791,1732.09,0.01,BID
1445216793,1732.32,0.0104,BID
1445216793,1732.32,0.0153,BID
1445216793,1732.33,0.1403,BID
1445216793,1732.0,0.01,ASK
1445216793,1732.0,0.17,ASK
1445216794,1732.0,0.01,ASK
1445216796,1732.01,0.0154,ASK
1445216796,1732.01,0.0104,ASK
1445216796,1732.0,0.1442,ASK
1445216796,1732.0,0.16,ASK
1445216798,1732.02,0.015,ASK
1445216799,1732.02,0.01,ASK
1445216802,1732.01,0.5,ASK
1445216802,1731.21,8.2525,ASK
1445216803,1731.22,4.0,ASK
1445216803,1731.22,4.57,ASK
1445216805,1731.51,0.221,BID
1445216806,1731.98,0.1,BID
1445216819,1731.21,0.01,ASK
1445216827,1731.21,0.722,ASK
1445216829,1731.21,1.0,ASK
1445216831,1731.21,1.136,ASK
1445216833,1731.22,0.169,ASK
1445216833,1731.21,0.344,ASK
1445216833,1731.6,5.0,ASK
1445216833,1731.6,7.48,ASK
1445216836,1731.36,0.415,ASK
1445216837,1731.36,0.164,ASK
1445216837,1731.36,0.167,ASK
1445216839,1731.36,0.141,ASK
1445216839,1731.36,0.01,ASK
1445216839,1731.36,0.165,ASK
1445216840,1731.36,0.2,ASK
1445216840,1731.61,0.163,BID
1445216840,1731.74,0.164,BID
1445216840,1731.76,0.086,BID
1445216840,1731.76,0.0675,BID
1445216840,1731.76,0.0435,BID
1445216841,1731.77,5.0,ASK
1445216841,1731.77,0.2,ASK
1445216841,1731.77,0.1608,ASK
1445216842,1731.77,0.026,ASK
1445216842,1731.75,0.164,BID
1445216845,1731.37,0.0675,ASK
1445216845,1731.37,0.086,ASK
1445216845,1731.37,0.0435,ASK
1445216845,1731.36,0.003,ASK
1445216845,1731.21,0.056,ASK
1445216845,1731.39,0.157,BID
1445216845,1731.39,0.01,BID
1445216845,1731.75,0.764,BID
1445216846,1731.21,0.197,ASK
1445216846,1731.74,14.0,ASK
1445216846,1731.74,5.4,ASK
1445216847,1731.75,0.167,BID
1445216847,1731.21,0.154,ASK
1445216848,1731.75,0.127,BID
1445216849,1731.21,0.744,ASK
1445216849,1731.62,1.0,BID
1445216849,1731.75,0.202,BID
1445216849,1731.21,1.0,ASK
1445216849,1731.74,0.0435,BID
1445216849,1731.75,4.504,BID
1445216849,1731.75,0.166,BID
1445216849,1731.75,0.2055,BID
1445216850,1731.21,0.6,ASK
1445216850,1731.21,0.284,ASK
1445216850,1731.21,4.379,ASK
1445216851,1731.74,0.0675,BID
1445216851,1731.74,0.086,BID
1445216851,1731.75,0.3945,BID
1445216851,1731.76,1.024,BID
1445216851,1731.76,0.5,BID
1445216851,1731.76,0.5,BID
1445216851,1731.76,0.5,BID
1445216851,1731.8,0.8,BID
1445216851,1731.8,0.342,BID
1445216851,1731.8,0.492,BID
1445216853,1731.22,0.01,ASK
1445216855,1732.01,0.01,BID
1445216855,1732.02,0.173,BID
1445216856,1732.02,1.275,BID
1445216857,1731.24,0.01,ASK
1445216858,1732.01,0.5,BID
1445216858,1732.02,0.866,BID
1445216860,1732.02,0.84,BID
1445216866,1731.23,0.01,ASK
1445216872,1732.01,0.01,BID
1445216873,1732.02,0.01,BID
1445216874,1732.02,0.216,BID
1445216874,1732.32,0.01,BID
1445216875,1732.32,0.0533,BID
1445216875,1732.63,0.1627,BID
1445216879,1732.04,0.0113,ASK
1445216879,1732.03,0.1037,ASK
1445216889,1732.26,0.01,ASK
1445216895,1732.61,0.01,BID
1445216906,1732.01,0.159,ASK
1445216912,1732.44,0.0101,BID
1445216912,1732.02,0.0115,ASK
1445216912,1732.02,0.0135,ASK
1445216916,1732.02,0.014,ASK
1445216917,1732.23,0.01,BID
1445216919,1732.02,0.01,ASK
1445216920,1732.02,0.0066,ASK
1445216920,1732.02,0.0094,ASK
1445216921,1732.58,0.0089,BID
1445216922,1732.02,0.007,ASK
1445216922,1732.01,0.003,ASK
1445216925,1732.02,0.04,ASK
1445216928,1732.01,0.04,ASK
1445216930,1732.2,0.032,ASK
1445216935,1732.2,0.01,ASK
1445216936,1732.2,0.01,ASK
1445216940,1732.2,0.089,ASK
1445216943,1732.2,0.01,ASK
1445216944,1732.2,1.0,ASK
1445216949,1732.2,0.01,ASK
1445216952,1732.2,0.09,ASK
1445216955,1732.2,1.0,ASK
1445216955,1732.2,0.01,ASK
1445216958,1732.2,0.2,ASK
1445216960,1732.2,1.0,ASK
1445216961,1732.2,0.01,ASK
1445216963,1732.2,0.944,ASK
1445216964,1732.2,0.2,ASK
1445216965,1732.2,1.0,ASK
1445216967,1732.2,0.1512,ASK
1445216967,1732.2,0.01,ASK
1445216968,1732.2,0.1,ASK
1445216968,1732.2,0.183,ASK
1445216970,1732.2,0.089,ASK
1445216974,1731.7,0.04,BID
1445216990,1732.38,0.0125,BID
1445216990,1732.39,0.251,BID
1445216990,1732.4,5.0,BID
1445216990,1732.45,0.025,BID
1445216990,1732.46,0.5,BID
1445216990,1732.49,0.0508,BID
1445216990,1732.5,1.8,BID
1445216990,1732.5,1.0,BID
1445216990,1732.5,4.1333,ASK
1445216990,1732.5,0.01,ASK
1445216991,1732.5,0.0161,ASK
1445216991,1732.5,0.5,ASK
1445216991,1732.5,5.7488,ASK
1445216992,1731.33,0.0557,ASK
1445216992,1731.33,0.2,ASK
1445216994,1731.34,0.01,ASK
1445216994,1731.34,0.02,ASK
1445216994,1731.33,0.063,ASK
1445216996,1731.34,0.0243,ASK
1445216996,1731.34,0.006,ASK
1445216996,1731.34,0.024,ASK
1445216997,1731.34,0.2,ASK
1445216999,1731.35,0.0138,ASK
1445216999,1731.34,0.1102,ASK
1445216999,1731.34,0.124,ASK
1445216999,1731.34,0.0418,ASK
1445216999,1731.31,0.072,ASK
1445216999,1731.3,0.007,ASK
1445216999,1731.3,0.197,ASK
1445217000,1731.3,0.37,ASK
1445217000,1731.3,0.2,ASK
1445217000,1731.3,0.01,ASK
1445217001,1731.3,0.074,ASK
1445217001,1731.33,0.0822,BID
1445217001,1731.3,0.276,ASK
1445217002,1731.33,0.104,BID
1445217003,1731.3,0.307,ASK
1445217004,1731.28,0.104,BID
1445217004,1731.24,0.027,ASK
1445217004,1731.24,0.2,ASK
1445217005,1731.24,0.307,ASK
1445217005,1731.28,0.203,BID
1445217005,1731.29,0.023,BID
1445217006,1731.24,0.247,ASK
1445217006,1731.24,0.01,ASK
1445217007,1731.24,0.209,ASK
1445217007,1731.21,0.8887,ASK
1445217007,1730.95,0.002,ASK
1445217007,1730.28,0.0803,ASK
1445217007,1731.02,0.01,BID
1445217009,1730.74,0.029,BID
1445217010,1730.74,0.337,BID
1445217010,1730.74,0.399,BID
1445217010,1731.02,0.029,BID
1445217010,1731.18,0.1999,BID
1445217012,1731.17,0.01,BID
1445217012,1731.18,0.0001,BID
1445217012,1731.22,0.0354,BID
1445217012,1731.23,0.203,BID
1445217012,1731.58,0.181,BID
1445217012,1731.75,0.272,BID
1445217012,1731.77,0.01,BID
1445217012,1731.79,0.0245,BID
1445217016,1730.79,0.01,ASK
1445217021,1730.3,0.026,ASK
1445217055,1730.35,0.0274,ASK
1445217055,1730.35,0.01,ASK
1445217055,1730.35,0.0106,ASK
1445217058,1730.35,0.017,ASK
1445217061,1730.35,0.3118,ASK
1445217061,1730.31,0.0162,ASK
1445217066,1730.31,0.01,ASK
1445217070,1730.34,0.01,ASK
1445217071,1730.49,0.001,ASK
1445217075,1730.49,0.01,ASK
1445217079,1730.49,0.01,ASK
1445217083,1730.5,0.02,ASK
1445217086,1730.5,0.01,ASK
1445217094,1730.5,0.163,ASK
1445217094,1730.49,0.468,ASK
1445217097,1730.5,0.026,ASK
1445217101,1730.5,0.013,ASK
1445217104,1730.5,0.01,ASK
1445217111,1730.5,0.02,ASK
1445217128,1730.5,0.01,ASK
1445217134,1730.5,0.061,ASK
1445217140,1730.5,0.5,ASK
1445217143,1730.5,0.01,ASK
1445217143,1730.5,0.019,ASK
1445217143,1730.5,0.0069,ASK
1445217143,1730.49,15.3196,ASK
1445217144,1730.49,0.5,BID
1445217145,1730.49,0.0826,BID
1445217145,1730.99,0.05,BID
1445217145,1731.0,0.45,BID
1445217146,1731.0,0.0826,BID
1445217150,1730.99,0.0234,ASK
1445217152,1730.99,0.01,ASK
1445217152,1730.99,0.022,ASK
1445217153,1730.99,0.01,ASK
1445217153,1730.99,0.09,ASK
1445217156,1730.99,0.01,ASK
1445217160,1730.99,0.01,ASK
1445217160,1730.99,0.022,ASK
1445217162,1731.0,0.4674,BID
1445217163,1731.0,0.0348,ASK
1445217163,1730.99,2.6911,ASK
1445217165,1730.49,0.2287,BID
1445217166,1730.49,0.3063,BID
1445217166,1730.5,0.2287,BID
1445217166,1730.5,0.5003,BID
1445217173,1730.94,0.1879,BID
1445217173,1730.98,0.0176,BID
1445217173,1730.98,0.0127,BID
1445217173,1730.98,0.0179,BID
1445217176,1731.0,0.0039,ASK
1445217185,1730.5,0.572,BID
1445217185,1730.5,0.01,BID
1445217186,1730.5,0.268,BID
1445217186,1731.68,0.0303,BID
1445217186,1731.68,0.0067,BID
1445217187,1731.66,0.0138,BID
1445217189,1730.52,0.01,ASK
1445217190,1730.52,0.075,ASK
1445217190,1730.52,0.098,ASK
1445217193,1730.9,0.01,ASK
1445217195,1730.9,0.551,ASK
1445217196,1730.91,0.013,ASK
1445217197,1730.91,0.01,ASK
1445217197,1730.91,0.0073,ASK
1445217197,1730.9,0.0027,ASK
1445217198,1730.9,0.01,ASK
1445217201,1730.9,0.915,ASK
1445217201,1730.9,0.085,ASK
1445217202,1730.9,9.9018,ASK
1445217202,1730.4,0.915,BID
1445217202,1730.9,0.085,BID
1445217205,1730.82,0.01,BID
1445217205,1730.9,0.486,BID
1445217207,1730.89,0.4454,BID
1445217207,1730.89,0.0406,BID
1445217207,1730.9,0.014,BID
1445217215,1730.43,0.023,ASK
1445217217,1730.43,0.0003,ASK
1445217217,1730.42,0.0227,ASK
1445217219,1730.43,0.0219,BID
1445217219,1730.43,0.6465,BID
1445217219,1730.45,0.0215,ASK
1445217219,1730.42,0.0125,ASK
1445217220,1730.87,0.01,BID
1445217223,1730.44,0.035,ASK
1445217224,1730.45,1.0,ASK
1445217224,1730.45,2.537,ASK
1445217225,1730.44,0.0132,ASK
1445217232,1730.3,0.01,ASK
1445217237,1730.5,0.454,ASK
1445217242,1730.5,0.047,ASK
1445217247,1730.87,0.0043,BID
1445217247,1730.87,0.011,BID
1445217247,1730.88,0.2857,BID
1445217247,1730.88,0.0342,BID
1445217247,1730.89,0.6,BID
1445217247,1730.89,0.376,BID
1445217247,1730.9,1.5765,BID
1445217249,1730.5,0.0008,ASK
1445217251,1730.5,0.0844,BID
1445217252,1730.89,0.0213,BID
1445217252,1730.9,0.0631,BID
1445217254,1730.51,0.0105,ASK
1445217255,1730.51,0.01,ASK
1445217258,1730.32,0.03,ASK
1445217258,1730.31,0.043,ASK
1445217261,1730.88,0.025,BID
1445217263,1730.89,0.0705,BID
1445217272,1730.88,0.01,BID
1445217277,1730.88,0.01,BID
1445217278,1730.88,0.01,BID
1445217281,1730.88,0.01,BID
1445217282,1730.88,0.008,BID
1445217282,1730.89,0.002,BID
1445217284,1730.39,0.01,ASK
1445217288,1730.32,0.03,ASK
1445217288,1730.31,0.6,ASK
1445217288,1730.31,0.1557,ASK
1445217288,1730.3,0.99,ASK
1445217288,1730.3,0.001,ASK
1445217288,1730.3,2.39,ASK
1445217288,1730.26,0.004,ASK
1445217288,1730.23,1.3802,ASK
1445217288,1730.0,1.0395,ASK
1445217289,1730.88,0.01,BID
1445217291,1730.88,0.01,BID
1445217293,1730.88,0.01,BID
1445217293,1730.88,0.01,BID
1445217295,1730.88,0.01,BID
1445217295,1730.88,0.0556,BID
1445217295,1730.88,0.3444,BID
1445217295,1730.36,0.0213,ASK
1445217295,1730.35,0.5,ASK
1445217295,1730.01,0.02,ASK
1445217295,1730.0,2.2249,ASK
1445217296,1730.88,0.2556,BID
1445217296,1730.89,0.41,BID
1445217297,1730.87,0.0333,BID
1445217297,1730.88,0.0568,BID
1445217297,1730.88,0.0413,BID
1445217297,1730.89,0.0175,BID
1445217297,1730.89,0.1067,BID
1445217297,1730.89,0.14,BID
1445217297,1730.89,0.14,BID
1445217298,1730.89,0.317,BID
1445217300,1730.89,0.4803,BID
1445217300,1730.89,0.501,BID
1445217300,1730.89,1.0501,BID
1445217300,1730.89,0.869,BID
1445217302,1730.38,0.01,BID
1445217302,1730.89,3.088,BID
1445217302,1730.89,0.01,BID
1445217302,1730.89,0.392,BID
1445217302,1730.89,0.0429,BID
1445217302,1730.9,0.5571,BID
1445217302,1730.9,0.392,BID
1445217302,1730.9,0.5,BID
1445217303,1730.9,0.4,BID
1445217303,1730.9,2.3559,BID
1445217303,1730.9,0.392,BID
1445217303,1730.9,0.709,BID
1445217303,1730.9,0.541,BID
1445217303,1730.9,0.6,BID
1445217303,1730.9,0.6,BID
1445217303,1730.9,0.01,BID
1445217303,1730.9,1.373,BID
1445217303,1730.9,0.01,BID
1445217304,1730.9,0.01,BID
1445217304,1730.9,0.01,BID
1445217305,1730.9,0.89,BID
1445217305,1730.9,0.4669,BID
1445217308,1730.99,0.01,ASK
1445217308,1730.92,0.25,ASK
1445217309,1730.92,0.0101,ASK
1445217309,1730.91,0.2499,ASK
1445217310,1730.92,8.0,ASK
1445217310,1730.92,4.371,ASK
1445217312,1730.92,0.0051,ASK
1445217312,1730.92,0.2759,ASK
1445217312,1730.92,0.3241,ASK
1445217312,1730.91,0.1249,ASK
1445217312,1730.92,1.0,ASK
1445217312,1730.92,4.377,ASK
1445217313,1730.9,0.5,ASK
1445217314,1730.41,0.01,BID
1445217314,1730.89,0.49,BID
1445217314,1730.89,0.025,BID
1445217315,1730.89,0.5,BID
1445217315,1730.89,0.01,BID
1445217320,1730.88,0.025,BID
1445217320,1730.89,0.475,BID
1445217321,1730.89,0.025,BID
1445217322,1730.89,0.975,BID
1445217322,1730.89,0.2724,BID
1445217325,1730.68,0.6219,BID
1445217325,1730.68,0.3781,BID
1445217325,1730.82,0.1219,BID
1445217327,1730.82,0.0464,BID
1445217328,1730.89,0.0464,BID
1445217328,1730.7,0.02,ASK
1445217328,1730.69,0.06,ASK
1445217328,1730.89,0.5,BID
1445217329,1730.89,0.1281,BID
1445217329,1730.79,0.2266,BID
1445217329,1730.89,0.2734,BID
1445217330,1730.88,0.02,BID
1445217330,1730.89,0.2407,BID
1445217330,1731.49,0.1957,BID
1445217330,1731.5,0.1436,BID
1445217330,1730.72,0.0464,ASK
1445217330,1730.7,0.0116,ASK
1445217331,1730.9,0.1847,ASK
1445217331,1730.9,0.0116,ASK
1445217332,1731.41,0.635,BID
1445217332,1731.48,0.6,BID
1445217332,1731.5,0.351,BID
1445217332,1731.51,2.186,BID
1445217332,1730.9,0.045,ASK
1445217333,1730.9,0.01,ASK
1445217333,1730.9,0.0887,ASK
1445217335,1730.86,0.4113,BID
1445217335,1730.91,0.0887,ASK
1445217336,1730.4,0.0093,BID
1445217336,1731.28,0.1241,BID
1445217342,1730.83,0.0243,BID
1445217344,1730.83,0.1318,BID
1445217345,1730.82,0.0243,BID
1445217345,1731.45,0.1318,BID
1445217346,1730.84,0.0238,ASK
1445217346,1730.83,0.1874,ASK
1445217349,1730.84,0.0238,ASK
1445217349,1730.83,0.2642,ASK
1445217350,1730.83,0.01,ASK
1445217351,1730.84,0.01,ASK
1445217354,1730.84,0.0018,ASK
1445217354,1730.84,0.0232,ASK
1445217354,1730.83,0.0141,ASK
1445217354,1730.83,0.1859,ASK
1445217355,1731.45,0.0139,BID
1445217357,1730.83,0.0251,ASK
1445217357,1730.83,0.274,ASK
1445217358,1730.33,0.2,BID
1445217359,1730.33,0.0009,BID
1445217360,1730.35,0.01,BID
1445217360,1730.35,0.333,BID
1445217361,1730.35,0.1507,BID
1445217362,1730.34,0.0243,ASK
1445217362,1730.35,0.01,BID
1445217362,1730.35,2.9479,BID
1445217362,1730.35,0.1,BID
1445217362,1730.35,0.01,BID
1445217362,1730.35,1.5,BID
1445217362,1730.35,0.5,BID
1445217363,1730.35,0.1,BID
1445217363,1730.35,0.1,BID
1445217363,1730.35,0.1,BID
1445217364,1730.35,5.5999,BID
1445217364,1730.35,0.1507,BID
1445217364,1730.35,0.49,BID
1445217366,1730.35,0.2,BID
1445217366,1730.35,0.514,BID
1445217367,1730.35,0.2,BID
1445217367,1730.35,0.2,BID
1445217367,1730.35,0.2,BID
1445217367,1730.35,0.175,BID
1445217367,1730.35,0.01,BID
1445217368,1730.35,1.0,BID
1445217368,1730.35,0.01,BID
1445217368,1730.35,0.2,BID
1445217368,1730.35,0.2,BID
1445217368,1730.35,1.0,BID
1445217368,1730.35,0.5,BID
1445217368,1730.35,0.1351,BID
1445217368,1730.35,0.2197,BID
1445217370,1731.48,0.025,BID
1445217370,1731.49,0.5,BID
1445217370,1731.5,0.0162,BID
1445217370,1731.51,0.5136,BID
1445217371,1731.48,0.025,BID
1445217374,1731.38,0.1581,BID
1445217380,1730.96,0.0243,ASK
1445217385,1731.44,0.0243,ASK
1445217386,1731.49,0.0053,BID
1445217386,1731.5,0.0104,BID
1445217388,1731.44,0.0717,ASK
1445217388,1730.34,0.364,BID
1445217389,1730.34,0.2222,BID
1445217389,1730.34,0.364,BID
1445217390,1730.34,0.786,BID
1445217391,1730.34,0.01,BID
1445217391,1730.34,9.3563,BID
1445217393,1731.46,0.0111,BID
1445217393,1731.5,0.0053,BID
1445217393,1731.5,0.0104,BID
1445217393,1731.51,0.3134,BID
1445217393,1731.89,0.5441,BID
1445217395,1730.82,0.0243,ASK
1445217396,1730.83,0.019,ASK
1445217397,1730.83,0.0113,ASK
1445217397,1730.56,0.0183,ASK
1445217397,1730.56,0.0024,ASK
1445217398,1730.72,0.0111,BID
1445217399,1730.72,0.01,BID
1445217399,1730.72,0.0049,BID
1445217399,1731.5,0.0109,BID
1445217399,1731.51,0.0102,BID
1445217400,1731.86,0.0149,BID
1445217400,1730.73,0.011,ASK
1445217400,1730.73,0.004,ASK
1445217400,1730.57,0.0203,ASK
1445217402,1731.49,0.0109,BID
1445217405,1731.85,0.0109,BID
1445217405,1731.86,0.0085,BID
1445217414,1730.6,0.0243,ASK
1445217420,1730.61,0.0243,ASK
1445217423,1731.26,0.0194,BID
1445217423,1731.27,0.1786,BID
1445217424,1731.27,0.0199,BID
1445217426,1731.28,0.0243,ASK
1445217431,1731.29,0.01,ASK
1445217441,1730.78,0.042,BID
1445217443,1731.26,0.0244,ASK
1445217451,1731.06,0.0243,ASK
1445217464,1731.08,0.6,ASK
1445217464,1730.91,0.0213,ASK
1445217464,1730.91,0.0486,ASK
1445217464,1730.91,0.055,ASK
1445217464,1730.9,0.5,ASK
1445217464,1730.9,0.2922,ASK
1445217467,1731.73,0.01,ASK
1445217467,1731.09,0.0143,ASK
1445217471,1731.83,0.01,BID
1445217473,1731.94,0.0107,ASK
1445217473,1731.11,0.0136,ASK
1445217480,1731.44,0.01,BID
1445217486,1731.59,0.0244,ASK
1445217490,1731.62,0.018,ASK
1445217491,1732.0,0.01,BID
1445217493,1731.62,0.01,BID
1445217494,1731.62,0.0144,BID
1445217501,1731.99,0.236,BID
1445217501,1731.99,0.236,BID
1445217501,1731.99,0.128,BID
1445217501,1732.01,0.108,BID
1445217501,1732.01,0.236,BID
1445217501,1732.01,0.236,BID
1445217501,1732.01,0.2094,BID
1445217505,1731.7,0.01,BID
1445217508,1731.69,0.014,BID
1445217510,1731.68,0.01,ASK
1445217511,1731.68,0.0044,BID
1445217511,1731.97,0.0096,BID
1445217513,1731.67,0.01,BID
1445217513,1731.67,0.0004,BID
1445217513,1731.97,0.0006,BID
1445217531,1731.97,0.01,BID
1445217533,1731.97,0.0048,BID
1445217533,1731.97,0.0052,BID
1445217542,1731.97,0.005,BID
1445217542,1731.97,0.01,BID
1445217542,1731.97,0.01,BID
1445217542,1731.98,0.075,BID
1445217543,1731.98,0.1,BID
1445217543,1731.98,0.1,BID
1445217543,1731.98,0.1,BID
1445217544,1731.98,0.01,BID
1445217548,1731.98,0.01,BID
1445217548,1731.98,0.01,BID
1445217548,1731.47,0.01,ASK
1445217549,1731.98,0.095,BID
1445217550,1732.09,0.069,BID
1445217550,1732.1,0.095,BID
1445217552,1731.99,0.02,ASK
1445217552,1731.99,0.115,ASK
1445217552,1731.99,0.094,ASK
1445217552,1732.1,0.01,BID
1445217555,1732.09,0.01,BID
1445217556,1732.09,0.0096,BID
1445217559,1732.08,0.01,BID
1445217562,1732.09,0.0447,BID
1445217562,1732.1,0.1077,BID
1445217563,1732.1,0.011,BID
1445217563,1732.1,0.01,BID
1445217565,1732.1,0.152,BID
1445217566,1732.1,0.01,BID
1445217566,1732.1,0.01,BID
1445217570,1732.1,0.01,BID
1445217571,1732.1,0.01,BID
1445217572,1732.1,0.01,BID
1445217573,1732.1,0.9445,BID
1445217574,1732.28,2.0,BID
1445217574,1732.28,0.391,BID
1445217574,1732.49,0.5,BID
1445217574,1732.49,0.4445,BID
1445217575,1732.49,0.0555,BID
1445217575,1732.49,0.1031,BID
1445217576,1732.38,1.567,ASK
1445217576,1732.29,0.963,ASK
1445217579,1732.49,0.316,BID
1445217579,1732.3,0.0265,ASK
1445217579,1732.29,0.4725,ASK
1445217582,1732.48,0.029,BID
1445217582,1732.49,0.0809,BID
1445217582,1732.49,0.4711,BID
1445217583,1732.49,0.0289,BID
1445217591,1732.78,0.001,BID
1445217591,1733.0,3.5,BID
1445217591,1733.0,1.0,BID
1445217592,1733.0,0.5,ASK
1445217594,1733.0,0.5,ASK
1445217594,1733.0,4.57,ASK
1445217594,1733.0,3.0,ASK
1445217598,1733.0,0.01,ASK
1445217600,1733.0,0.094,ASK
1445217602,1733.0,3.0,ASK
1445217602,1733.0,1.0,ASK
1445217607,1733.01,0.5,ASK
1445217607,1733.0,0.5,ASK
1445217612,1733.02,0.43,ASK
1445217618,1733.02,0.17,ASK
1445217618,1733.01,0.43,ASK
1445217620,1733.01,0.028,ASK
1445217623,1733.01,0.061,ASK
1445217626,1733.01,0.081,ASK
1445217626,1733.0,0.061,ASK
1445217634,1733.01,0.375,ASK
1445217634,1733.0,10.264,ASK
1445217649,1733.0,1.0122,BID
1445217660,1733.01,0.02,ASK
1445217664,1733.01,0.059,ASK
1445217668,1733.01,0.013,ASK
1445217674,1733.01,0.01,ASK
1445217678,1733.13,0.002,BID
1445217679,1733.82,0.004,BID
1445217681,1733.88,0.01,ASK
1445217682,1733.88,1.03,ASK
1445217682,1733.88,0.091,ASK
1445217689,1733.38,0.4,BID
1445217689,1733.38,0.012,BID
1445217696,1733.59,0.01,ASK
1445217698,1733.68,0.114,BID
1445217701,1733.68,0.886,BID
1445217707,1733.85,0.01,ASK
1445217713,1733.35,0.161,BID
1445217728,1733.15,0.0303,ASK
1445217728,1733.14,0.0369,ASK
1445217728,1733.13,0.3758,ASK
1445217730,1733.16,6.406,ASK
1445217754,1733.98,0.0303,BID
1445217754,1733.99,0.0114,BID
1445217754,1734.0,0.1123,BID
1445217755,1734.0,0.0303,BID
1445217755,1734.0,0.0856,BID
1445217755,1734.97,0.5,BID
1445217755,1734.97,0.0215,BID
1445217755,1734.98,0.1169,BID
1445217756,1734.98,0.1,BID
1445217756,1734.21,0.01,ASK
1445217764,1734.98,0.2131,BID
1445217764,1734.99,0.375,BID
1445217764,1734.99,1.1149,BID
1445217783,1734.99,0.0001,BID
1445217783,1734.99,0.0194,BID
1445217785,1734.99,0.161,BID
1445217785,1734.99,0.2883,BID
1445217785,1734.99,0.01,BID
1445217787,1734.99,0.1213,BID
1445217787,1735.0,0.1027,BID
1445217787,1735.0,0.224,BID
1445217794,1734.99,0.17,BID
1445217794,1735.0,0.064,BID
1445217800,1735.0,0.01,BID
1445217800,1734.56,0.01,ASK
1445217804,1734.76,0.01,ASK
1445217807,1735.0,12.28,BID
1445217808,1734.76,0.0044,ASK
1445217808,1734.46,0.025,ASK
1445217808,1734.45,0.3506,ASK
1445217809,1734.39,0.01,ASK
1445217810,1734.39,0.0053,ASK
1445217818,1734.38,0.1654,BID
1445217819,1734.38,0.205,BID
1445217820,1734.38,0.01,BID
1445217825,1734.55,0.019,ASK
1445217828,1734.23,0.01,ASK
1445217830,1734.23,0.01,ASK
1445217830,1734.22,0.4,ASK
1445217831,1734.23,0.01,ASK
1445217833,1733.76,0.01,ASK
1445217833,1734.12,0.01,BID
1445217833,1734.21,0.39,BID
1445217839,1734.38,1.746,ASK
1445217839,1734.38,0.0005,ASK
1445217844,1733.88,0.01,BID
1445217848,1733.88,0.1135,BID
1445217848,1734.36,0.0125,BID
1445217848,1734.36,0.0275,BID
1445217848,1734.37,0.3178,BID
1445217852,1733.97,0.01,ASK
1445217852,1733.89,0.083,ASK
1445217853,1733.9,1.0,ASK
1445217853,1733.9,20.169,ASK
1445217865,1733.88,0.001,ASK
1445217865,1733.65,0.1949,ASK
1445217865,1733.48,0.58,ASK
1445217865,1733.48,0.025,ASK
1445217865,1733.48,0.1691,ASK
1445217867,1733.64,0.196,BID
1445217867,1733.65,0.195,BID
1445217870,1734.0,0.283,ASK
1445217870,1734.0,0.278,ASK
1445217870,1734.0,0.278,ASK
1445217870,1734.0,2.4209,ASK
1445217870,1734.0,0.66,ASK
1445217870,1734.0,0.278,ASK
1445217870,1734.0,0.278,ASK
1445217870,1734.0,0.278,ASK
1445217871,1734.0,1.309,ASK
1445217871,1734.0,1.309,ASK
1445217872,1734.01,0.169,ASK
1445217872,1734.01,0.2,ASK
1445217872,1734.01,0.231,ASK
1445217872,1734.0,0.047,ASK
1445217872,1734.0,0.255,ASK
1445217872,1734.0,0.001,ASK
1445217881,1733.08,0.0182,ASK
1445217881,1733.07,0.1288,ASK
1445217883,1733.07,0.018,ASK
1445217884,1733.07,0.018,ASK
1445217886,1733.07,0.318,ASK
1445217893,1733.07,0.017,ASK
1445217893,1733.07,0.0002,ASK
1445217893,1733.01,0.0168,ASK
1445217896,1733.01,0.017,ASK
1445217897,1733.01,0.156,ASK
1445217901,1733.01,0.01,ASK
1445217901,1733.01,0.1762,ASK
1445217901,1733.01,1.184,ASK
1445217901,1733.01,0.3808,ASK
1445217901,1733.01,0.1192,ASK
1445217901,1733.01,0.6708,ASK
1445217901,1733.01,0.79,ASK
1445217901,1733.01,1.427,ASK
1445217901,1733.01,0.79,ASK
1445217901,1733.01,0.79,ASK
1445217902,1733.01,0.08,ASK
1445217902,1733.01,0.79,ASK
1445217902,1733.01,0.1072,ASK
1445217902,1733.01,0.4658,ASK
1445217902,1733.01,0.75,ASK
1445217902,1733.01,0.2432,ASK
1445217902,1733.0,0.2338,ASK
1445217902,1733.0,0.79,ASK
1445217902,1733.0,0.1704,ASK
1445217902,1732.56,0.5796,ASK
1445217904,1732.56,1.0,ASK
1445217906,1732.59,0.02,ASK
1445217907,1732.59,0.16,ASK
1445217909,1732.59,0.16,ASK
1445217910,1732.6,5.401,ASK
1445217912,1732.86,0.001,BID
1445217915,1732.59,0.1,ASK
1445217917,1732.09,0.2,BID
1445217917,1732.3,0.075,BID
1445217917,1732.56,0.075,BID
1445217921,1732.55,0.1876,BID
1445217921,1732.56,0.015,BID
1445217921,1732.83,0.0286,BID
1445217921,1732.83,0.0279,BID
1445217921,1732.83,0.0116,BID
1445217921,1733.06,7.2533,BID
1445217921,1733.11,0.112,BID
1445217921,1733.17,1.0,BID
1445217921,1733.22,0.1,BID
1445217921,1733.22,0.1,BID
1445217921,1733.49,1.0,BID
1445217921,1733.56,1.0,BID
1445217921,1733.62,0.5,BID
1445217921,1733.89,0.259,BID
1445217921,1734.04,1.0,BID
1445217921,1734.04,0.1292,BID
1445217921,1734.05,0.207,BID
1445217921,1734.18,0.553,BID
1445217921,1734.37,0.414,BID
1445217921,1734.4,1.0,BID
1445217921,1734.42,0.1,BID
1445217921,1734.62,0.018,BID
1445217921,1734.72,1.0,BID
1445217921,1734.82,1.9838,BID
1445217928,1732.54,0.5,BID
1445217929,1732.56,0.01,ASK
1445217931,1732.49,0.01,ASK
1445217932,1732.83,0.59,BID
1445217934,1732.5,0.01,ASK
1445217934,1733.22,0.0334,BID
1445217963,1732.79,0.0153,BID
1445217968,1733.29,0.01,ASK
1445217968,1733.91,0.187,BID
1445217968,1733.91,0.187,BID
1445217968,1734.02,0.01,BID
1445217968,1734.04,0.1052,BID
1445217969,1733.85,3.0,ASK
1445217969,1733.85,10.539,ASK
1445217975,1733.39,0.1679,BID
1445217975,1733.79,0.01,BID
1445217975,1734.01,0.5,BID
1445217975,1734.02,0.6185,BID
1445217975,1734.2,0.495,BID
1445218022,1733.29,0.1472,BID
1445218022,1733.95,0.6,BID
1445218022,1733.96,0.227,BID
1445218022,1733.99,0.639,BID
1445218022,1734.02,0.3506,BID
1445218022,1734.17,3.6362,BID
1445218063,1732.56,0.0303,BID
1445218066,1732.56,2.173,BID
1445218067,1732.56,0.0003,BID
1445218075,1732.51,0.05,ASK
1445218075,1732.5,0.33,ASK
1445218075,1732.5,0.38,ASK
1445218075,1732.5,0.29,ASK
1445218076,1732.33,0.013,ASK
1445218077,1732.49,0.01,BID
1445218083,1732.49,0.66,BID
1445218089,1732.51,0.01,ASK
1445218093,1732.52,0.5,ASK
1445218093,1732.51,0.09,ASK
1445218110,1732.52,0.28,ASK
1445218110,1732.52,0.1,ASK
1445218110,1732.52,0.02,ASK
1445218112,1732.51,0.214,BID
1445218113,1733.87,0.338,BID
1445218113,1732.51,0.0107,ASK
1445218116,1733.04,0.785,ASK
1445218116,1733.04,0.16,ASK
1445218117,1733.04,0.6,ASK
1445218119,1733.04,0.01,ASK
1445218119,1733.04,0.1623,ASK
1445218120,1733.04,0.01,ASK
1445218123,1733.04,0.1727,ASK
1445218126,1732.53,0.02,ASK
1445218126,1732.54,0.1823,BID
1445218127,1732.56,0.223,ASK
1445218129,1732.57,0.012,ASK
1445218133,1732.55,0.01,ASK
1445218139,1732.56,0.01,ASK
1445218158,1732.56,0.01,ASK
1445218162,1732.56,0.01,ASK
1445218164,1733.23,0.1757,BID
1445218164,1733.26,3.2505,BID
1445218164,1733.4,0.0257,BID
1445218164,1733.41,0.5,BID
1445218164,1733.42,0.0132,BID
1445218164,1733.43,0.0303,ASK
1445218164,1733.43,0.0118,ASK
1445218165,1733.43,0.5,ASK
1445218165,1733.9,1.0,ASK
1445218165,1733.9,5.059,ASK
1445218166,1733.43,0.5,ASK
1445218166,1733.43,0.5,ASK
1445218166,1733.43,0.028,ASK
1445218166,1733.43,0.2148,ASK
1445218166,1733.43,0.05,ASK
1445218166,1733.43,4.913,ASK
1445218166,1733.43,0.387,ASK
1445218166,1733.42,0.113,BID
1445218166,1733.91,0.01,BID
1445218166,1733.91,0.0136,BID
1445218166,1733.92,0.8,BID
1445218166,1733.94,0.525,BID
1445218166,1733.96,0.5,ASK
1445218166,1733.96,0.296,ASK
1445218166,1733.96,0.01,ASK
1445218167,1733.96,1.898,ASK
1445218167,1733.96,0.122,ASK
1445218167,1733.96,1.0,ASK
1445218167,1733.97,12.0,BID
1445218167,1733.97,7.551,BID
1445218168,1733.96,0.874,ASK
1445218168,1733.96,0.122,ASK
1445218168,1733.96,0.5,ASK
1445218168,1733.96,0.4,ASK
1445218169,1733.96,0.0659,ASK
1445218171,1733.44,0.01,ASK
1445218171,1733.44,0.0203,ASK
1445218171,1732.55,0.0687,ASK
1445218171,1732.54,1.3748,ASK
1445218171,1732.5,0.5362,ASK
1445218172,1733.01,0.1589,BID
1445218172,1733.56,0.02,BID
1445218172,1733.94,0.2,BID
1445218172,1733.95,0.223,BID
1445218172,1733.95,1.2961,BID
1445218173,1732.51,0.0871,ASK
1445218178,1732.94,0.01,BID
1445218181,1732.94,0.02,BID
1445218195,1732.9,1.049,BID
1445218195,1732.9,0.01,BID
1445218204,1732.9,0.4,BID
1445218205,1732.9,0.571,BID
1445218208,1733.89,0.01,BID
1445218210,1733.9,0.0275,BID
1445218210,1733.91,0.1214,BID
1445218212,1733.9,0.01,BID
1445218215,1733.9,0.0055,BID
1445218215,1733.92,0.0203,ASK
1445218217,1733.92,0.01,ASK
1445218220,1734.18,0.0157,BID
1445218220,1734.19,0.3072,BID
1445218220,1734.19,0.0971,BID
1445218220,1734.2,0.76,BID
1445218221,1733.92,0.01,ASK
1445218224,1734.2,1.18,BID
1445218225,1734.18,0.01,ASK
1445218227,1734.18,0.01,BID
1445218228,1734.2,0.571,BID
1445218229,1733.93,0.01,ASK
1445218234,1734.19,0.01,BID
1445218235,1734.19,0.01,ASK
1445218236,1734.2,0.501,BID
1445218237,1734.2,0.01,BID
1445218238,1734.18,0.02,ASK
1445218238,1734.2,0.01,BID
1445218239,1734.2,0.01,BID
1445218239,1734.2,0.68,BID
1445218240,1734.2,0.283,BID
1445218244,1734.5,0.0097,BID
1445218245,1734.5,0.01,BID
1445218246,1734.5,0.582,BID
1445218247,1734.5,0.01,BID
1445218248,1734.5,0.1747,BID
1445218249,1734.5,0.01,BID
1445218250,1734.5,0.2036,BID
1445218253,1734.52,0.0303,ASK
1445218253,1734.51,0.1844,ASK
1445218253,1734.5,0.01,ASK
1445218253,1734.4,0.1417,ASK
1445218253,1734.21,0.1,ASK
1445218253,1734.2,1.5336,ASK
1445218263,1734.85,0.01,BID
1445218264,1734.86,0.01,BID
1445218268,1734.85,0.01,BID
1445218270,1734.35,0.01,BID
1445218273,1734.56,0.01,ASK
1445218273,1734.36,0.01,ASK
1445218273,1734.36,0.01,ASK
1445218273,1734.35,0.01,ASK
1445218273,1734.21,0.0233,ASK
1445218273,1734.2,0.2967,ASK
1445218284,1734.2,0.017,ASK
1445218299,1734.86,0.01,BID
1445218301,1734.85,0.01,BID
1445218307,1734.68,0.01,ASK
1445218307,1734.86,0.01,BID
1445218307,1734.86,0.01,BID
1445218309,1734.86,0.01,BID
1445218311,1734.86,0.01,BID
1445218316,1734.86,0.01,BID
1445218318,1734.86,0.01,BID
1445218322,1734.85,0.01,BID
1445218323,1734.85,0.041,BID
1445218324,1734.85,0.01,BID
1445218327,1734.84,0.0185,BID
1445218327,1734.84,0.0167,BID
1445218327,1734.85,0.3298,BID
1445218328,1734.85,0.159,BID
1445218328,1734.85,0.01,BID
1445218334,1734.85,0.031,BID
1445218337,1734.85,0.01,BID
1445218339,1734.85,0.01,BID
1445218341,1734.85,0.01,BID
1445218344,1734.85,0.013,BID
1445218345,1734.85,0.01,BID
1445218345,1734.85,0.111,BID
1445218345,1734.91,0.0409,BID
1445218345,1734.92,0.6941,BID
1445218345,1734.92,0.2494,BID
1445218346,1734.97,0.002,BID
1445218346,1734.98,0.0472,BID
1445218346,1734.99,0.0368,BID
1445218350,1734.99,0.2018,BID
1445218351,1734.93,0.6166,ASK
1445218351,1734.93,0.2294,ASK
1445218352,1734.99,0.01,BID
1445218352,1734.98,1.0,ASK
1445218352,1734.98,5.0,ASK
1445218352,1734.98,11.133,ASK
1445218354,1734.94,0.0951,ASK
1445218354,1734.93,0.4739,ASK
1445218354,1734.93,0.1627,ASK
1445218354,1734.93,0.0065,ASK
1445218356,1734.94,0.0197,ASK
1445218356,1734.91,0.1509,BID
1445218360,1734.91,0.2,BID
1445218362,1734.91,0.01,BID
1445218367,1734.91,0.01,BID
1445218369,1734.91,0.01,BID
1445218373,1734.91,0.01,BID
1445218380,1734.97,0.014,BID
1445218382,1734.97,0.01,BID
1445218382,1734.97,0.01,BID
1445218384,1734.97,0.01,BID
1445218398,1734.37,0.01,ASK
1445218398,1734.37,0.02,ASK
1445218398,1734.36,0.025,ASK
1445218398,1734.35,0.48,ASK
1445218401,1734.35,0.02,ASK
1445218401,1734.2,0.005,ASK
1445218403,1734.68,0.01,BID
1445218403,1734.68,0.1599,BID
1445218406,1734.96,0.01,ASK
1445218407,1734.96,0.0303,ASK
1445218409,1734.97,0.007,BID
1445218409,1734.97,0.0021,BID
1445218409,1734.97,0.0362,BID
1445218409,1734.98,0.0938,BID
1445218410,1734.84,0.01,ASK
1445218412,1734.39,0.019,ASK
1445218418,1734.83,0.01,BID
1445218432,1734.83,0.009,BID
1445218432,1734.84,0.001,BID
1445218439,1734.84,0.01,BID
1445218440,1734.84,0.01,BID
1445218442,1734.84,0.007,BID
1445218444,1734.91,0.01,BID
1445218445,1734.91,0.003,BID
1445218446,1734.91,0.01,BID
1445218446,1734.68,7.442,BID
1445218448,1734.91,0.0035,BID
1445218451,1734.92,0.01,BID
1445218451,1734.92,0.0065,BID
1445218453,1734.92,0.01,BID
1445218460,1734.61,0.0111,ASK
1445218460,1734.61,0.0303,ASK
1445218460,1734.51,0.1506,ASK
1445218460,1734.51,0.0113,ASK
1445218460,1734.5,0.4051,ASK
1445218464,1734.5,0.041,ASK
1445218464,1734.5,0.05,ASK
1445218465,1734.9,0.2152,BID
1445218465,1734.91,0.024,BID
1445218465,1734.92,0.4735,BID
1445218465,1734.92,0.127,BID
1445218465,1734.93,0.255,BID
1445218466,1734.88,11.447,BID
1445218467,1734.89,0.024,BID
1445218467,1734.51,0.024,ASK
1445218467,1734.5,0.28,ASK
1445218470,1734.5,0.419,ASK
1445218470,1734.5,0.01,ASK
1445218473,1734.5,0.885,ASK
1445218473,1734.5,0.4,ASK
1445218478,1734.5,0.186,ASK
1445218483,1734.62,0.0063,BID
1445218483,1734.63,0.1437,BID
1445218484,1734.63,0.0203,BID
1445218485,1734.91,0.0678,BID
1445218485,1734.92,0.0962,BID
1445218487,1734.64,0.01,ASK
1445218497,1734.67,0.031,BID
1445218498,1734.65,0.0303,ASK
1445218498,1734.64,0.0007,ASK
1445218499,1734.64,0.1633,ASK
1445218499,1734.64,0.164,ASK
1445218499,1734.52,0.01,BID
1445218499,1734.63,0.0064,BID
1445218500,1734.51,0.0514,ASK
