timestamp,price,amount,side
1445644191,1791.75,0.001,ASK
1445644191,1791.76,0.1,BID
1445644192,1791.75,0.159,ASK
1445644192,1791.76,0.2406,BID
1445644192,1792.16,0.0215,BID
1445644192,1792.54,0.0393,BID
1445644192,1792.54,0.0172,BID
1445644192,1792.55,0.0214,BID
1445644193,1792.16,0.3621,ASK
1445644193,1791.77,0.2879,ASK
1445644195,1792.26,0.01,ASK
1445644195,1791.78,0.017,ASK
1445644195,1791.77,0.0527,ASK
1445644198,1791.76,0.028,ASK
1445644198,1791.76,0.051,ASK
1445644198,1791.77,0.4203,BID
1445644198,1792.54,0.0162,BID
1445644198,1792.54,0.0401,BID
1445644198,1792.55,0.0315,BID
1445644198,1792.55,0.2916,BID
1445644199,1792.77,0.0162,ASK
1445644200,1792.77,0.0244,ASK
1445644200,1791.78,0.4203,ASK
1445644200,1791.76,0.0476,ASK
1445644200,1791.76,0.0077,ASK
1445644201,1791.79,0.01,ASK
1445644224,1791.81,0.0106,ASK
1445644224,1791.8,0.06,ASK
1445644224,1791.8,0.166,ASK
1445644224,1791.8,0.061,ASK
1445644225,1791.8,0.0401,BID
1445644225,1791.8,0.1113,BID
1445644227,1791.8,0.051,BID
1445644227,1792.74,0.0106,BID
1445644227,1792.74,0.0724,BID
1445644227,1791.8,0.1514,ASK
1445644227,1791.79,0.1234,ASK
1445644227,1791.79,0.0631,ASK
1445644228,1791.79,0.0262,BID
1445644228,1791.79,0.051,BID
1445644229,1791.78,0.007,BID
1445644230,1791.78,0.1111,BID
1445644230,1791.78,0.051,BID
1445644233,1791.76,0.0106,ASK
1445644233,1791.76,0.0127,ASK
1445644233,1791.76,0.1033,ASK
1445644233,1790.56,8.041,ASK
1445644234,1791.75,0.02,BID
1445644236,1790.56,16.948,BID
1445644236,1791.75,0.1004,BID
1445644236,1791.75,0.0233,BID
1445644236,1791.76,0.126,BID
1445644236,1791.77,0.0106,BID
1445644236,1791.78,0.2189,BID
1445644237,1791.78,0.1602,ASK
1445644237,1792.74,0.0389,BID
1445644237,1792.74,0.0262,BID
1445644237,1792.75,0.0279,BID
1445644238,1791.78,1.1606,ASK
1445644238,1791.75,0.066,BID
1445644241,1791.74,0.1365,BID
1445644241,1791.78,0.5,BID
1445644241,1792.04,0.0401,BID
1445644241,1792.74,0.1884,BID
1445644247,1791.73,0.06,BID
1445644248,1790.64,8.0,BID
1445644248,1790.64,1.0,BID
1445644248,1790.64,1.491,BID
1445644249,1791.73,0.287,BID
1445644252,1791.73,0.153,BID
1445644252,1791.73,0.1411,BID
1445644252,1791.73,0.7319,BID
1445644254,1791.72,0.44,BID
1445644258,1790.65,0.001,ASK
1445644258,1791.71,0.44,BID
1445644258,1791.71,0.1532,BID
1445644258,1791.72,0.1718,BID
1445644259,1790.65,0.001,ASK
1445644265,1790.79,0.0148,BID
1445644266,1790.79,0.239,BID
1445644266,1790.79,0.239,BID
1445644267,1790.79,0.115,BID
1445644267,1790.79,0.05,BID
1445644268,1790.79,0.5584,BID
1445644268,1790.79,2.0,BID
1445644268,1790.79,0.5584,BID
1445644268,1790.67,0.01,ASK
1445644268,1790.67,0.0402,ASK
1445644268,1790.67,0.01,ASK
1445644268,1790.65,0.1512,ASK
1445644268,1790.58,0.1411,ASK
1445644268,1790.57,0.1365,ASK
1445644268,1790.56,0.1602,ASK
1445644268,1790.55,0.6298,ASK
1445644269,1790.79,0.01,BID
1445644270,1790.79,0.5584,BID
1445644270,1790.79,0.01,BID
1445644271,1790.78,0.5584,BID
1445644274,1790.78,0.01,BID
1445644277,1790.77,0.0402,BID
1445644277,1790.78,0.0254,BID
1445644277,1790.78,0.148,BID
1445644277,1790.78,0.0479,BID
1445644277,1790.79,2.9302,BID
1445644277,1790.79,0.01,BID
1445644278,1790.79,0.0202,BID
1445644278,1790.98,0.0238,BID
1445644279,1790.98,0.0362,BID
1445644279,1791.68,0.0127,BID
1445644279,1791.69,1.0261,BID
1445644280,1790.78,0.001,ASK
1445644286,1791.68,0.5,BID
1445644286,1792.69,0.7,BID
1445644286,1792.7,0.2539,BID
1445644286,1792.7,0.9631,BID
1445644289,1792.0,0.5,BID
1445644290,1791.7,0.0185,ASK
1445644290,1791.69,0.1671,ASK
1445644294,1791.7,0.01,ASK
1445644294,1791.7,0.0166,ASK
1445644294,1791.69,0.3329,ASK
1445644294,1791.69,0.1405,BID
1445644294,1791.99,0.0185,BID
1445644294,1792.0,0.005,BID
1445644298,1791.71,0.0401,ASK
1445644298,1791.51,0.06,ASK
1445644298,1791.5,0.0208,ASK
1445644298,1791.49,0.2302,ASK
1445644298,1791.49,0.1489,ASK
1445644298,1791.98,0.6,BID
1445644298,1791.99,0.116,BID
1445644299,1791.99,0.584,BID
1445644299,1792.0,0.416,BID
1445644299,1791.97,3.0,ASK
1445644299,1791.97,4.791,ASK
1445644302,1791.98,0.0401,BID
1445644302,1791.98,0.0624,BID
1445644302,1792.0,0.0055,BID
1445644302,1791.72,0.001,ASK
1445644306,1791.98,0.025,BID
1445644306,1791.99,0.4982,BID
1445644306,1792.0,0.4768,BID
1445644308,1792.0,0.5,BID
1445644308,1791.73,0.01,ASK
1445644308,1791.72,0.0614,ASK
1445644308,1791.49,0.0367,ASK
1445644312,1791.49,0.014,BID
1445644313,1791.49,0.3779,BID
1445644313,1791.49,0.108,BID
1445644313,1791.99,0.4494,BID
1445644313,1791.99,0.0647,BID
1445644313,1791.99,0.39,BID
1445644314,1790.78,0.001,ASK
1445644316,1791.48,0.1664,BID
1445644316,1791.73,0.3088,BID
1445644316,1791.99,0.7453,BID
1445644316,1792.0,0.1447,BID
1445644318,1792.0,0.02,BID
1445644320,1792.0,1.0,BID
1445644322,1791.99,0.5,BID
1445644322,1791.99,0.06,BID
1445644322,1792.0,4.44,BID
1445644324,1791.71,0.7568,BID
1445644324,1792.0,0.2432,BID
1445644325,1791.99,0.5,BID
1445644325,1792.0,0.256,BID
1445644328,1791.99,0.1225,BID
1445644328,1791.99,0.5,BID
1445644328,1792.0,2.2605,BID
1445644330,1791.99,0.0312,BID
1445644330,1791.99,0.5,BID
1445644330,1792.0,0.4688,BID
1445644333,1791.99,0.0948,BID
1445644333,1792.0,0.1545,BID
1445644333,1792.68,0.0115,BID
1445644333,1792.69,0.2302,BID
1445644333,1792.75,0.132,BID
1445644336,1790.84,0.001,ASK
1445644338,1791.98,0.067,BID
1445644343,1791.98,0.0115,BID
1445644343,1791.99,0.0005,BID
1445644348,1791.97,0.0518,BID
1445644348,1791.99,0.4482,BID
1445644351,1791.96,0.0241,BID
1445644351,1791.98,0.001,BID
1445644351,1791.99,0.0269,BID
1445644355,1791.99,0.024,BID
1445644357,1790.93,12.0,BID
1445644357,1790.93,5.393,BID
1445644359,1791.99,0.0004,BID
1445644359,1792.73,0.0236,BID
1445644362,1792.73,0.0004,BID
1445644362,1792.74,0.0496,BID
1445644368,1792.73,0.024,BID
1445644369,1790.99,0.001,ASK
1445644370,1792.73,0.05,BID
1445644370,1792.74,0.024,BID
1445644375,1792.73,0.018,BID
1445644377,1792.73,0.006,BID
1445644377,1792.73,0.0877,BID
1445644377,1792.73,0.0733,BID
1445644380,1792.73,0.0007,BID
1445644380,1792.75,0.0061,BID
1445644380,1792.75,0.061,BID
1445644380,1792.76,0.0406,BID
1445644380,1792.8,0.006,BID
1445644380,1792.91,0.0526,BID
1445644383,1792.73,0.128,BID
1445644386,1792.72,0.0223,BID
1445644386,1792.73,0.371,BID
1445644386,1792.91,0.1057,BID
1445644391,1792.71,0.0592,BID
1445644391,1792.73,0.0698,BID
1445644394,1792.73,0.059,BID
1445644398,1792.73,0.0002,BID
1445644398,1792.73,0.3708,BID
1445644400,1792.73,0.0002,BID
1445644400,1792.73,0.128,BID
1445644400,1792.91,0.0613,BID
1445644400,1792.91,0.1583,BID
1445644400,1792.92,0.1512,BID
1445644403,1792.73,0.371,BID
1445644410,1792.73,0.5,BID
1445644411,1791.13,18.704,BID
1445644416,1792.7,0.0389,BID
1445644417,1792.7,0.7341,BID
1445644417,1792.92,0.0389,BID
1445644422,1792.68,0.0019,BID
1445644422,1792.69,0.4981,BID
1445644428,1792.69,0.0019,BID
1445644428,1792.69,0.1981,BID
1445644432,1792.69,0.028,BID
1445644436,1792.69,0.2719,BID
1445644436,1792.69,0.1991,BID
1445644440,1792.69,0.0009,BID
1445644440,1792.69,0.0271,BID
1445644444,1792.69,0.0009,BID
1445644444,1792.69,0.471,BID
1445644444,1792.92,0.0271,BID
1445644446,1792.69,0.028,BID
1445644446,1792.92,0.17,BID
1445644496,1792.67,1.85,ASK
1445644500,1791.67,0.133,BID
1445644500,1791.67,1.0,BID
1445644501,1791.67,0.5581,BID
1445644504,1792.7,1.0,BID
1445644505,1792.67,0.077,ASK
1445644514,1792.0,0.209,BID
1445644518,1792.0,1.0,BID
1445644520,1791.99,0.01,BID
1445644520,1791.99,0.0418,BID
1445644520,1792.0,0.3642,BID
1445644525,1792.0,1.0,BID
1445644525,1791.71,0.001,ASK
1445644526,1792.0,0.01,BID
1445644531,1791.71,0.0408,ASK
1445644531,1791.7,0.06,ASK
1445644531,1791.69,0.0402,BID
1445644531,1791.69,0.0311,BID
1445644532,1791.69,1.0,BID
1445644533,1791.69,0.077,BID
1445644533,1791.69,0.035,BID
1445644534,1791.69,0.5581,BID
1445644535,1791.69,0.5581,BID
1445644536,1791.69,0.5581,BID
1445644537,1791.69,0.02,BID
1445644537,1791.69,0.5581,BID
1445644538,1791.69,0.5581,BID
1445644539,1791.69,1.0,BID
1445644539,1791.69,0.5581,BID
1445644540,1791.69,0.045,BID
1445644540,1791.69,0.5581,BID
1445644541,1791.69,0.5581,BID
1445644544,1791.69,0.9,BID
1445644545,1791.69,0.4443,BID
1445644546,1791.69,1.0,BID
1445644547,1791.69,5.0,BID
1445644552,1791.68,0.5581,ASK
1445644553,1791.67,0.5581,BID
1445644553,1791.68,0.4419,BID
1445644557,1791.69,0.172,BID
1445644559,1791.43,0.001,ASK
1445644560,1791.67,0.0048,BID
1445644560,1791.69,0.9952,BID
1445644562,1791.69,0.048,BID
1445644563,1791.69,1.0,BID
1445644567,1791.68,0.252,BID
1445644569,1791.68,0.0008,BID
1445644569,1791.69,0.252,BID
1445644571,1791.69,1.0,BID
1445644572,1791.68,17.0,BID
1445644572,1791.68,9.506,BID
1445644573,1791.69,2.267,BID
1445644577,1791.69,5.0,BID
1445644577,1791.69,0.5,BID
1445644578,1791.69,1.0,BID
1445644580,1791.69,0.297,BID
1445644581,1791.69,0.5,BID
1445644584,1791.69,1.0,BID
1445644590,1791.69,0.278,BID
1445644592,1791.69,1.0,BID
1445644592,1791.43,0.001,ASK
1445644599,1791.69,0.5326,BID
1445644599,1791.99,0.0311,BID
1445644599,1792.0,0.4363,BID
1445644611,1792.0,0.06,BID
1445644613,1791.99,0.0402,BID
1445644613,1792.0,0.9598,BID
1445644617,1791.99,0.011,BID
1445644620,1791.99,0.049,BID
1445644620,1791.99,0.0204,BID
1445644620,1792.0,0.9306,BID
1445644622,1792.0,0.069,BID
1445644624,1792.0,1.0,BID
1445644625,1792.0,0.069,BID
1445644628,1792.0,0.02,BID
1445644630,1792.0,1.0,BID
1445644633,1792.0,0.196,BID
1445644637,1791.49,0.001,ASK
1445644637,1791.99,0.0309,BID
1445644637,1792.0,0.0091,BID
1445644638,1792.0,1.0,BID
1445644640,1791.97,0.001,BID
1445644640,1791.98,0.399,BID
1445644643,1791.98,3.601,BID
1445644645,1791.98,0.0032,BID
1445644645,1792.0,0.9968,BID
1445644646,1792.0,3.481,BID
1445644650,1792.0,0.01,BID
1445644652,1792.0,1.0,BID
1445644656,1792.0,5.0,BID
1445644659,1792.0,1.0,BID
1445644659,1791.53,0.001,ASK
1445644662,1792.0,0.11,BID
1445644663,1791.99,7.0,BID
1445644663,1791.99,8.14,BID
1445644665,1791.99,0.001,BID
1445644665,1792.0,0.021,BID
1445644666,1792.0,1.0,BID
1445644667,1792.0,11.1803,BID
1445644670,1791.55,0.001,ASK
1445644670,1792.0,5.0,BID
1445644672,1792.0,1.0,BID
1445644676,1791.99,0.001,BID
1445644676,1792.0,0.019,BID
1445644678,1792.0,10.07,BID
1445644680,1791.99,0.0236,BID
1445644680,1792.0,0.9764,BID
1445644681,1792.0,2.74,BID
1445644681,1791.58,0.001,ASK
1445644684,1792.0,1.0,BID
1445644685,1791.99,0.001,BID
1445644685,1792.0,6.4957,BID
1445644685,1792.0,0.023,BID
1445644688,1792.0,5.0,BID
1445644691,1792.0,1.0,BID
1445644691,1792.0,5.0,BID
1445644692,1791.59,0.001,ASK
1445644695,1792.0,5.77,BID
1445644696,1791.99,0.01,BID
1445644698,1791.99,0.0052,BID
1445644698,1792.0,0.9948,BID
1445644702,1792.0,5.0,BID
1445644705,1792.0,1.0,BID
1445644706,1792.0,0.7089,BID
1445644706,1792.0,4.2911,BID
1445644714,1792.0,0.072,BID
1445644771,1792.0,0.0003,BID
1445644771,1792.88,0.0187,BID
1445644777,1792.88,0.0001,BID
1445644777,1792.89,0.0299,BID
1445644783,1792.89,0.0003,BID
1445644783,1792.9,0.0127,BID
1445644854,1792.89,0.0022,BID
1445644854,1792.9,0.0008,BID
1445644854,1792.98,0.001,BID
1445644854,1793.51,0.171,BID
1445644861,1793.51,0.0002,BID
1445644861,1793.82,0.0158,BID
1445644864,1794.06,0.002,BID
1445644864,1794.16,0.251,BID
1445644878,1794.16,1.0,BID
1445644879,1794.16,5.0,BID
1445644880,1794.16,0.52,BID
1445644884,1794.16,1.0,BID
1445644885,1794.16,0.842,BID
1445644887,1792.93,0.06,ASK
1445644887,1792.92,0.6,ASK
1445644887,1792.92,0.0628,ASK
1445644887,1792.89,1.2772,ASK
1445644888,1794.16,0.1,BID
1445644891,1794.16,0.019,BID
1445644892,1794.16,0.0005,BID
1445644892,1794.16,0.0628,BID
1445644892,1794.17,0.9367,BID
1445644895,1794.16,0.5,BID
1445644898,1794.16,0.1,BID
1445644898,1794.16,0.06,BID
1445644898,1794.17,0.84,BID
1445644903,1794.17,0.1,BID
1445644906,1794.17,1.0,BID
1445644915,1794.7,0.044,BID
1445644919,1794.7,0.28,BID
1445644920,1794.7,1.0,BID
1445644924,1794.7,1.0,BID
1445644931,1794.17,1.0,BID
1445644936,1793.08,0.0436,ASK
1445644936,1793.08,0.0401,ASK
1445644936,1793.07,0.06,ASK
1445644936,1793.07,0.7,ASK
1445644936,1793.07,0.0349,ASK
1445644936,1793.07,0.1185,ASK
1445644936,1793.06,0.5029,ASK
1445644938,1794.16,0.1036,BID
1445644938,1794.16,0.0436,BID
1445644938,1794.17,0.8528,BID
1445644938,1794.17,0.181,BID
1445644940,1794.16,0.14,BID
1445644944,1794.15,0.06,BID
1445644944,1794.16,0.3629,BID
1445644944,1794.7,0.5771,BID
1445644949,1794.14,0.0401,BID
1445644949,1794.7,0.0199,BID
1445644971,1794.69,0.001,BID
1445645008,1794.1,0.1421,ASK
1445645009,1794.1,0.0401,BID
1445645015,1794.12,0.0121,ASK
1445645015,1794.11,0.06,ASK
1445645015,1794.11,0.0804,ASK
1445645015,1794.11,0.0892,ASK
1445645019,1794.16,0.0401,BID
1445645019,1794.17,0.8309,BID
1445645020,1794.17,0.0401,BID
1445645020,1794.59,3.0,BID
1445645020,1794.59,11.042,BID
1445645022,1794.41,0.06,BID
1445645022,1794.6,0.019,BID
1445645023,1794.12,0.0401,ASK
1445645023,1794.11,0.0121,ASK
1445645023,1793.35,0.0392,ASK
1445645023,1793.35,0.0306,ASK
1445645025,1794.58,0.0349,BID
1445645025,1794.58,0.0251,BID
1445645028,1794.59,0.698,BID
1445645028,1794.6,0.012,BID
1445645028,1794.6,0.015,BID
1445645032,1794.5,0.015,BID
1445645038,1794.49,0.0394,BID
1445645038,1794.5,0.0256,BID
1445645039,1794.5,0.001,BID
1445645040,1794.48,0.015,BID
1445645040,1794.5,0.0384,BID
1445645040,1794.59,0.0327,BID
1445645040,1794.6,0.0139,BID
1445645047,1794.59,0.0255,BID
1445645047,1794.6,0.2745,BID
1445645048,1794.59,0.0183,BID
1445645048,1794.6,0.0067,BID
1445645048,1793.44,5.0,BID
1445645048,1793.44,6.845,BID
1445645051,1794.59,0.0718,BID
1445645051,1794.6,0.0282,BID
1445645056,1794.6,0.01,BID
1445645057,1794.6,0.3206,BID
1445645057,1794.65,1.5,BID
1445645057,1794.7,0.7594,BID
1445645060,1794.7,0.1,BID
1445645061,1794.7,0.001,BID
1445645062,1794.7,0.04,BID
1445645062,1794.69,0.0246,BID
1445645062,1794.7,1.0354,BID
1445645064,1794.7,0.91,BID
1445645068,1794.7,0.6,BID
1445645068,1794.7,0.1299,BID
1445645073,1794.78,0.018,BID
1445645075,1794.91,0.0015,BID
1445645075,1795.0,0.0985,BID
1445645078,1795.0,0.5,BID
1445645078,1795.0,1.9816,BID
1445645079,1795.0,0.03,BID
1445645081,1795.0,0.32,BID
1445645081,1795.0,0.32,BID
1445645082,1794.99,10.0,BID
1445645082,1794.99,9.55,BID
1445645083,1795.0,0.001,BID
1445645084,1795.0,0.38,BID
1445645085,1794.8,0.002,ASK
1445645085,1794.73,0.0354,ASK
1445645085,1794.72,0.01,ASK
1445645085,1794.71,0.0134,ASK
1445645085,1794.7,0.2681,ASK
1445645085,1794.7,0.06,ASK
1445645086,1794.7,0.5,BID
1445645087,1794.7,0.1,BID
1445645088,1794.7,0.0111,BID
1445645088,1794.99,0.0152,BID
1445645088,1794.99,0.0354,BID
1445645088,1794.99,0.0134,BID
1445645088,1795.0,0.3539,BID
1445645089,1795.0,0.5,BID
1445645091,1795.0,0.07,BID
1445645093,1794.99,0.06,BID
1445645093,1795.0,0.44,BID
1445645096,1794.99,0.0351,BID
1445645096,1795.0,0.9509,BID
1445645096,1795.0,0.5,BID
1445645096,1795.0,6.4956,BID
1445645097,1795.0,1.9817,BID
1445645097,1795.0,0.89,BID
1445645100,1795.0,0.5,BID
1445645101,1795.0,0.63,BID
1445645101,1795.0,0.5,BID
1445645104,1795.0,1.07,BID
1445645104,1795.0,0.5,BID
1445645105,1794.89,0.001,BID
1445645106,1795.0,0.678,BID
1445645107,1795.0,0.5,BID
1445645107,1795.0,0.75,BID
1445645107,1795.0,1.9818,BID
1445645111,1795.0,0.5,BID
1445645112,1795.0,3.0,BID
1445645114,1795.0,0.5,BID
1445645114,1795.0,5.0,BID
1445645116,1794.71,0.001,BID
1445645116,1795.0,0.8809,BID
1445645117,1795.0,0.001,BID
1445645117,1795.0,0.5,BID
1445645118,1795.0,1.0542,BID
1445645118,1795.0,3.8,BID
1445645118,1795.0,2.3446,BID
1445645118,1795.0,1.6554,BID
1445645118,1795.0,2.3522,BID
1445645119,1795.0,0.14,BID
1445645119,1795.0,0.02,BID
1445645121,1795.0,0.5,BID
1445645124,1795.0,0.5,BID
1445645124,1795.0,0.882,BID
1445645125,1795.0,0.112,BID
1445645128,1794.95,0.001,BID
1445645128,1795.0,0.5,BID
1445645130,1795.0,0.1,BID
1445645132,1795.0,0.5,BID
1445645132,1795.0,0.3938,BID
1445645132,1795.0,1.5883,BID
1445645133,1793.77,17.617,BID
1445645134,1795.0,0.47,BID
1445645134,1795.0,8.4181,BID
1445645135,1795.0,0.47,BID
1445645135,1795.0,0.11,BID
1445645136,1795.0,0.5,BID
1445645139,1794.89,0.001,BID
1445645139,1795.0,3.0,BID
1445645142,1795.0,1.0,BID
1445645143,1794.97,1.0,BID
1445645143,1795.0,2.0,BID
1445645149,1795.0,0.1,BID
1445645149,1795.0,19.0062,BID
1445645150,1795.0,0.001,BID
1445645150,1795.0,0.5,BID
1445645153,1795.0,1.0,BID
1445645154,1795.0,0.5,BID
1445645154,1795.0,0.7364,BID
1445645157,1795.12,0.5,BID
1445645158,1795.12,0.2647,BID
1445645158,1795.01,17.0,BID
1445645158,1795.01,6.515,BID
1445645161,1795.12,0.001,BID
1445645162,1795.12,0.2519,BID
1445645164,1795.14,0.002,BID
1445645164,1795.3,0.002,BID
1445645164,1795.47,0.001,BID
1445645172,1795.75,0.001,BID
1445645180,1795.86,0.004,BID
1445645180,1795.98,0.096,BID
1445645182,1795.98,0.004,BID
1445645182,1796.92,0.616,BID
1445645184,1796.92,0.83,BID
1445645188,1796.92,0.85,BID
1445645191,1796.92,0.66,BID
1445645193,1796.92,0.1,BID
1445645195,1796.92,0.803,BID
1445645198,1796.92,0.75,BID
1445645199,1796.92,0.348,BID
1445645203,1796.92,0.1,BID
1445645204,1796.92,0.5,BID
1445645208,1796.9,0.5,BID
1445645209,1796.9,0.2364,BID
1445645209,1796.92,0.4936,BID
1445645211,1796.92,0.5,BID
1445645214,1796.92,0.5,BID
1445645216,1796.92,0.1,BID
1445645217,1796.25,0.001,BID
1445645218,1796.92,0.5,BID
1445645225,1796.92,0.1,BID
1445645228,1796.92,0.1018,BID
1445645228,1796.98,0.1,BID
1445645228,1797.0,0.2982,BID
1445645230,1796.92,0.1,ASK
1445645230,1795.66,0.03,ASK
1445645230,1795.66,0.0133,ASK
1445645230,1795.65,0.6,ASK
1445645230,1795.64,0.1538,ASK
1445645230,1795.63,1.9815,ASK
1445645233,1796.91,0.01,BID
1445645239,1796.91,0.09,BID
1445645239,1796.98,0.12,BID
1445645246,1796.98,0.48,BID
1445645246,1797.0,0.02,BID
1445645249,1797.0,0.5,BID
1445645249,1796.93,0.001,ASK
1445645250,1797.0,0.001,BID
1445645253,1797.0,0.5,BID
1445645255,1797.0,0.05,BID
1445645264,1796.99,0.001,BID
1445645275,1796.92,0.01,ASK
1445645286,1796.99,0.009,BID
1445645286,1797.0,1.2308,BID
1445645286,1797.0,9.611,BID
1445645304,1795.52,0.0401,ASK
1445645304,1795.51,0.0289,ASK
1445645304,1795.51,0.031,ASK
1445645304,1795.5,0.5915,ASK
1445645317,1796.97,0.01,BID
1445645317,1796.98,0.09,BID
1445645318,1796.33,0.001,BID
1445645320,1796.32,0.0401,BID
1445645320,1796.98,0.01,BID
1445645320,1796.99,0.0499,BID
1445645321,1796.99,0.01,BID
1445645329,1796.49,0.001,BID
1445645332,1796.99,0.75,BID
1445645337,1796.99,0.02,BID
1445645337,1796.99,1.1516,BID
1445645338,1796.99,0.001,ASK
1445645341,1797.0,1.25,BID
1445645342,1797.0,0.09,BID
1445645342,1797.0,0.01,BID
1445645343,1797.0,0.01,BID
1445645343,1797.0,1.027,BID
1445645343,1797.29,0.008,BID
1445645343,1797.92,0.101,BID
1445645345,1797.92,0.06,BID
1445645348,1797.92,0.4621,BID
1445645348,1797.93,0.7179,BID
1445645348,1797.93,0.443,BID
1445645350,1797.93,0.8191,BID
1445645350,1797.98,0.1,BID
1445645350,1798.0,0.2609,BID
1445645350,1797.5,0.001,ASK
1445645351,1798.0,0.001,BID
1445645353,1798.0,1.18,BID
1445645353,1798.0,0.819,BID
1445645355,1798.0,0.5,BID
1445645358,1797.99,0.152,BID
1445645358,1798.0,0.2391,BID
1445645358,1798.0,0.1449,BID
1445645359,1798.0,0.04,BID
1445645359,1797.93,0.5,ASK
1445645360,1797.92,0.025,BID
1445645360,1797.92,0.475,BID
1445645360,1798.0,0.025,BID
1445645362,1797.62,0.001,BID
1445645363,1797.9,0.5,BID
1445645366,1797.9,0.0755,BID
1445645366,1797.99,0.025,BID
1445645366,1798.0,0.092,BID
1445645368,1797.99,0.399,ASK
1445645369,1797.99,0.0005,ASK
1445645369,1797.99,0.1,ASK
1445645370,1797.98,0.299,BID
1445645370,1798.0,1.201,BID
1445645370,1797.98,0.046,BID
1445645371,1797.98,0.399,BID
1445645371,1797.98,0.0545,BID
1445645371,1798.0,0.5017,BID
1445645372,1798.0,0.011,BID
1445645372,1797.62,0.001,BID
1445645372,1798.0,0.099,BID
1445645372,1797.54,19.0,BID
1445645372,1797.54,1.745,BID
1445645373,1798.0,0.001,BID
1445645375,1798.0,0.1844,BID
1445645375,1798.36,0.0006,BID
1445645378,1798.35,0.105,BID
1445645378,1798.36,0.067,BID
1445645384,1798.02,0.001,ASK
1445645384,1798.36,0.001,BID
1445645384,1798.02,0.0391,ASK
1445645384,1798.01,0.068,ASK
1445645384,1797.94,0.0468,ASK
1445645384,1797.93,0.6,ASK
1445645384,1797.93,0.2804,ASK
1445645384,1797.92,0.2325,ASK
1445645390,1797.94,0.06,ASK
1445645390,1797.93,0.7,ASK
1445645390,1797.92,1.82,ASK
1445645391,1798.35,0.012,BID
1445645396,1798.35,0.001,BID
1445645397,1797.93,0.2165,ASK
1445645397,1797.92,1.7835,ASK
1445645399,1798.29,0.04,BID
1445645407,1797.94,0.2288,ASK
1445645407,1797.92,0.9512,ASK
1445645407,1798.28,0.001,BID
1445645408,1797.92,1.18,ASK
1445645411,1797.93,0.0576,ASK
1445645411,1797.92,1.1224,ASK
1445645415,1798.26,0.0401,BID
1445645415,1798.26,0.0299,BID
1445645417,1798.26,0.557,BID
1445645418,1798.26,0.001,BID
1445645422,1798.25,0.11,BID
1445645423,1798.25,0.031,BID
1445645424,1798.25,0.457,BID
1445645424,1798.26,0.043,BID
1445645427,1798.25,0.0114,BID
1445645427,1798.25,0.06,BID
1445645427,1798.25,0.1435,BID
1445645427,1798.25,0.071,BID
1445645429,1798.25,0.0355,BID
1445645429,1798.26,0.1069,BID
1445645429,1798.28,0.001,BID
1445645433,1798.27,0.035,BID
1445645437,1798.26,0.01,ASK
1445645447,1798.26,0.039,BID
1445645451,1798.26,0.001,BID
1445645455,1798.26,1.59,BID
1445645458,1798.26,0.146,BID
1445645462,1798.26,0.001,BID
1445645464,1798.26,0.0342,BID
1445645464,1798.27,0.0008,BID
1445645467,1798.27,0.034,BID
1445645470,1798.01,0.01,ASK
1445645470,1798.0,0.0559,ASK
1445645470,1797.99,0.1345,ASK
1445645470,1797.98,0.2463,ASK
1445645470,1797.96,0.014,ASK
1445645470,1797.95,0.2795,ASK
1445645470,1797.94,0.0114,ASK
1445645470,1797.93,0.1069,ASK
1445645470,1797.92,0.0297,ASK
1445645470,1797.52,0.2704,ASK
1445645470,1797.51,0.1602,ASK
1445645470,1797.14,0.7,ASK
1445645470,1797.13,0.6,ASK
1445645470,1797.13,0.0041,ASK
1445645470,1797.12,0.3203,ASK
1445645472,1798.27,0.0051,BID
1445645472,1798.27,0.0349,BID
1445645476,1798.26,0.014,BID
1445645478,1798.25,0.1819,ASK
1445645478,1798.25,0.1649,ASK
1445645479,1798.25,0.65,ASK
1445645480,1798.25,0.65,ASK
1445645481,1798.26,0.0508,BID
1445645481,1798.26,0.0092,BID
1445645481,1798.25,0.65,ASK
1445645483,1798.26,0.2747,BID
1445645483,1798.26,0.035,BID
1445645483,1798.27,0.025,BID
1445645484,1798.27,0.3347,BID
1445645485,1798.27,0.001,BID
1445645487,1798.25,0.25,ASK
1445645488,1798.25,0.65,ASK
1445645488,1798.27,0.027,BID
1445645489,1798.25,0.65,ASK
1445645490,1798.25,0.1532,ASK
1445645495,1798.24,0.1,BID
1445645496,1798.24,0.001,BID
1445645496,1798.23,0.0727,BID
1445645496,1798.24,0.3958,BID
1445645496,1798.24,0.0876,BID
1445645497,1798.24,0.5561,BID
1445645501,1798.06,0.1229,ASK
1445645501,1798.06,0.0401,ASK
1445645501,1798.05,0.0727,ASK
1445645501,1798.04,0.0233,ASK
1445645501,1798.03,0.2839,ASK
1445645501,1798.03,0.1819,ASK
1445645501,1798.02,0.0648,ASK
1445645501,1797.94,0.06,ASK
1445645502,1797.18,0.035,ASK
1445645502,1797.18,6.4606,ASK
1445645503,1797.75,6.4159,BID
1445645503,1798.05,0.1229,BID
1445645503,1798.22,0.0233,BID
1445645503,1798.23,0.6,BID
1445645503,1798.23,0.1229,BID
1445645503,1798.24,0.0063,BID
1445645503,1798.26,0.0156,BID
1445645503,1798.27,0.3123,BID
1445645503,1798.35,0.4029,BID
1445645503,1798.36,7.349,BID
1445645503,1798.08,12.0,BID
1445645503,1798.08,35.0,BID
1445645503,1798.08,1.516,BID
1445645505,1798.22,0.0264,BID
1445645505,1798.22,0.035,BID
1445645505,1798.36,0.7386,BID
1445645506,1798.36,0.31,BID
1445645507,1798.23,0.0264,ASK
1445645518,1798.16,0.001,BID
1445645518,1798.09,0.1621,ASK
1445645520,1798.34,0.001,BID
1445645522,1798.1,0.0129,ASK
1445645522,1798.09,0.0297,ASK
1445645522,1798.09,0.2293,ASK
1445645522,1798.09,0.0973,ASK
1445645530,1798.08,0.061,ASK
1445645530,1798.08,0.0747,ASK
1445645530,1798.07,0.0264,ASK
1445645533,1798.11,0.2959,ASK
1445645534,1798.1,0.0113,ASK
1445645535,1798.1,0.0127,BID
1445645539,1798.09,0.0127,ASK
1445645539,1798.09,0.2134,ASK
1445645539,1798.09,0.0272,ASK
1445645542,1798.08,0.2533,BID
1445645542,1798.09,0.0127,BID
1445645542,1798.1,0.234,BID
1445645552,1797.94,0.001,BID
1445645554,1797.94,2.58,BID
1445645563,1797.92,0.1147,BID
1445645563,1797.93,0.06,BID
1445645563,1798.05,0.0094,BID
1445645563,1798.06,0.2422,BID
1445645563,1798.06,0.0547,BID
1445645564,1798.07,0.0629,ASK
1445645565,1798.1,0.0379,BID
1445645565,1798.26,1.5215,BID
1445645565,1798.27,0.3203,BID
1445645565,1798.28,0.0003,BID
1445645566,1798.07,3.4561,ASK
1445645567,1798.07,0.0379,BID
1445645567,1798.07,0.001,BID
1445645569,1798.06,0.21,BID
1445645572,1798.06,0.1,BID
1445645572,1798.05,0.0633,BID
1445645572,1798.06,0.1517,BID
1445645573,1798.06,0.1883,BID
1445645573,1798.06,0.0049,BID
1445645573,1798.28,1.4977,BID
1445645573,1798.32,0.2959,BID
1445645573,1798.32,0.2261,BID
1445645573,1798.32,0.0272,BID
1445645573,1798.33,0.0973,BID
1445645573,1798.34,0.1918,BID
1445645573,1798.34,0.2293,BID
1445645573,1798.35,0.061,BID
1445645573,1798.35,0.0747,BID
1445645573,1798.36,0.7458,BID
1445645574,1798.36,0.001,BID
1445645575,1798.36,0.193,BID
1445645579,1798.36,0.011,BID
1445645584,1798.35,0.001,BID
1445645592,1798.33,0.0637,BID
1445645592,1798.34,0.0863,BID
1445645604,1798.03,0.0764,ASK
1445645604,1797.5,1.0,ASK
1445645604,1797.41,0.035,ASK
1445645604,1797.41,0.7433,ASK
1445645604,1797.41,0.6,ASK
1445645604,1797.4,0.7,ASK
1445645604,1797.39,0.0637,ASK
1445645604,1797.38,0.1031,ASK
1445645604,1797.37,3.0997,ASK
1445645635,1798.17,0.001,BID
1445645646,1798.08,0.0195,ASK
1445645646,1798.07,0.0005,ASK
1445645648,1798.07,0.032,ASK
1445645648,1798.06,0.1091,ASK
1445645648,1798.05,0.0162,ASK
1445645648,1798.04,0.1619,ASK
1445645659,1797.39,0.0401,ASK
1445645659,1797.39,0.0098,ASK
1445645659,1797.38,0.0127,ASK
1445645659,1797.38,0.0754,ASK
1445645659,1797.37,0.06,ASK
1445645659,1797.37,0.1533,ASK
1445645659,1797.36,0.1641,ASK
1445645659,1797.36,0.0136,ASK
1445645659,1797.35,0.2713,ASK
1445645659,1797.33,0.0633,ASK
1445645659,1797.32,0.0049,ASK
1445645659,1797.31,0.0629,ASK
1445645659,1797.3,0.1147,ASK
1445645659,1797.29,0.0094,ASK
1445645659,1797.28,0.0148,ASK
1445645659,1797.27,0.2422,ASK
1445645659,1797.27,0.0547,ASK
1445645659,1797.0,1.2128,ASK
1445645661,1797.01,5.0,ASK
1445645661,1797.01,6.055,ASK
1445645678,1797.95,0.001,BID
1445645690,1797.44,0.0889,ASK
1445645690,1797.43,0.1452,ASK
1445645690,1797.42,0.2554,ASK
1445645690,1797.41,0.0134,ASK
1445645690,1797.4,0.1497,ASK
1445645690,1797.01,0.2826,ASK
1445645690,1797.0,5.315,ASK
1445645702,1797.89,0.006,BID
1445645704,1797.89,0.0341,BID
1445645704,1797.89,0.0576,BID
1445645704,1797.89,0.1253,BID
1445645712,1797.87,0.001,BID
1445645718,1797.43,0.01,BID
1445645721,1797.43,0.1021,BID
1445645721,1797.85,0.0099,BID
1445645722,1797.06,10.156,BID
1445645723,1797.83,12.0,BID
1445645723,1797.83,6.774,BID
1445645724,1797.84,0.102,BID
1445645745,1797.81,0.001,BID
1445645746,1797.79,5.0,BID
1445645746,1797.79,3.3,BID
1445645752,1797.79,0.032,BID
1445645757,1797.8,0.001,BID
1445645765,1797.77,0.02,BID
1445645773,1797.77,0.01,BID
1445645773,1797.78,0.007,BID
1445645773,1797.8,0.004,BID
1445645778,1797.8,0.01,BID
1445645784,1797.8,0.001,BID
1445645794,1797.79,0.01,BID
1445645794,1797.8,0.1294,BID
1445645794,1797.8,0.0138,BID
1445645794,1797.82,0.1034,BID
1445645794,1797.89,0.6782,BID
1445645794,1797.9,0.146,BID
1445645794,1797.91,0.101,BID
1445645794,1797.93,0.0889,BID
1445645796,1797.93,1.9908,ASK
1445645797,1797.93,0.0757,ASK
1445645798,1797.14,0.01,ASK
1445645812,1797.91,0.001,BID
1445645824,1797.2,0.0451,ASK
1445645824,1797.19,0.1426,ASK
1445645824,1797.19,0.3123,ASK
1445645840,1797.86,0.001,BID
1445645848,1797.85,0.01,BID
1445645860,1797.84,0.009,BID
1445645860,1797.84,0.2263,BID
1445645860,1797.85,0.1567,BID
1445645867,1797.85,0.01,BID
1445645873,1797.85,0.225,BID
1445645877,1797.31,0.6,ASK
1445645877,1797.3,0.06,ASK
1445645877,1797.29,0.0123,ASK
1445645877,1797.29,0.0242,ASK
1445645877,1797.28,0.7,ASK
1445645878,1797.27,0.0401,BID
1445645879,1797.27,0.062,BID
1445645880,1797.27,2.444,BID
1445645880,1797.85,0.0006,BID
1445645880,1797.86,0.0618,BID
1445645880,1797.88,0.0034,BID
1445645880,1797.89,0.0702,BID
1445645881,1797.28,0.5564,ASK
1445645882,1797.27,1.18,BID
1445645883,1797.27,0.6314,BID
1445645883,1797.89,0.0016,BID
1445645884,1797.89,0.0708,BID
1445645884,1797.91,0.0123,BID
1445645884,1797.91,0.0242,BID
1445645884,1797.92,0.5743,BID
1445645884,1797.92,0.65,BID
1445645884,1797.96,0.1452,BID
1445645884,1797.97,0.2554,BID
1445645884,1797.99,0.1497,BID
1445645884,1797.99,0.0134,BID
1445645884,1798.0,0.0754,BID
1445645884,1798.0,0.0098,BID
1445645884,1798.01,0.0195,BID
1445645894,1797.86,0.0401,BID
1445645894,1797.87,0.0199,BID
1445645896,1797.84,0.001,BID
1445645897,1797.84,0.01,BID
1445645900,1797.84,0.011,BID
1445645905,1797.83,0.014,BID
1445645908,1797.83,0.026,BID
1445645911,1797.82,0.013,BID
1445645912,1797.82,0.0951,BID
1445645912,1797.84,0.0008,BID
1445645912,1797.85,0.0125,BID
1445645912,1797.86,0.2925,BID
1445645914,1798.01,0.13,BID
1445645914,1797.88,0.0121,ASK
1445645915,1797.81,0.01,BID
1445645916,1797.81,0.053,BID
1445645916,1798.01,0.0038,BID
1445645916,1798.03,0.001,BID
1445645916,1798.06,0.0752,BID
1445645920,1798.06,0.031,BID
1445645925,1797.8,0.026,BID
1445645927,1797.8,0.001,BID
1445645929,1797.8,0.001,BID
1445645929,1797.8,0.0485,BID
1445645929,1798.04,0.0015,BID
1445645940,1798.03,0.01,BID
1445645945,1798.02,0.3876,BID
1445645945,1798.03,0.69,BID
1445645945,1798.04,0.0786,BID
1445645945,1798.05,0.0892,BID
1445645945,1798.09,13.1238,BID
1445645946,1798.09,0.05,BID
1445645947,1798.09,0.456,BID
1445645951,1798.08,0.069,BID
1445645951,1798.08,0.01,BID
1445645956,1798.08,0.062,BID
1445645959,1798.07,0.107,BID
1445645963,1798.07,0.0002,BID
1445645963,1798.08,0.0008,BID
1445645963,1798.08,0.0279,BID
1445645963,1798.08,0.1041,BID
1445645967,1798.06,0.0711,BID
1445645967,1798.08,0.1639,BID
1445645970,1798.08,0.934,BID
1445645974,1798.08,0.0002,BID
1445645974,1798.09,0.2158,BID
1445645974,1798.05,0.0164,BID
1445645974,1798.09,0.2136,BID
1445645979,1797.52,0.01,ASK
1445645979,1797.52,0.033,ASK
1445645979,1797.51,0.06,ASK
1445645979,1797.51,0.6,ASK
1445645979,1797.5,0.0164,ASK
1445645979,1797.49,0.0386,ASK
1445645979,1797.48,0.012,ASK
1445645983,1798.08,0.0151,BID
1445645983,1798.08,0.0049,BID
1445645984,1798.08,0.01,BID
1445645985,1798.08,0.001,BID
1445645986,1798.07,0.0099,BID
1445645986,1798.08,0.0221,BID
1445645989,1798.07,0.06,BID
1445645989,1798.07,0.03,BID
1445645990,1798.07,0.048,BID
1445645995,1798.06,0.0261,BID
1445645995,1798.07,0.4959,BID
1445645999,1798.06,0.0504,BID
1445645999,1798.07,0.0261,BID
1445645999,1798.09,0.0365,BID
1445646003,1798.09,0.062,BID
1445646004,1798.09,1.0,BID
1445646007,1798.09,0.02,BID
1445646008,1797.59,0.06,ASK
1445646008,1797.56,0.0504,ASK
1445646008,1797.54,0.0099,ASK
1445646008,1797.49,0.038,ASK
1445646008,1797.48,0.688,ASK
1445646008,1797.48,0.0711,ASK
1445646008,1797.45,0.0287,ASK
1445646008,1797.38,0.0892,ASK
1445646008,1797.38,0.0801,ASK
1445646008,1797.37,0.0765,ASK
1445646008,1797.36,0.0751,ASK
1445646008,1797.35,0.1081,ASK
1445646008,1797.32,0.0125,ASK
1445646008,1797.31,0.0228,ASK
1445646008,1797.31,0.0524,ASK
1445646008,1797.3,0.7556,ASK
1445646008,1797.3,0.2925,ASK
1445646008,1797.29,0.0556,ASK
1445646008,1797.28,0.5564,ASK
1445646008,1797.28,0.5564,ASK
1445646008,1797.23,0.0618,ASK
1445646008,1797.2,0.0034,ASK
1445646008,1797.1,0.007,ASK
1445646008,1797.09,0.0138,ASK
1445646008,1797.07,0.1034,ASK
1445646008,1797.03,0.0576,ASK
1445646008,1797.02,0.101,ASK
1445646008,1797.02,0.146,ASK
1445646008,1796.99,19.3229,ASK
1445646008,1796.76,1.0799,ASK
1445646008,1796.75,3.8855,ASK
1445646008,1796.24,0.004,ASK
1445646008,1796.02,0.0011,ASK
1445646008,1796.01,0.8939,ASK
1445646008,1796.0,0.3014,ASK
1445646010,1798.09,0.14,BID
1445646011,1798.08,7.0,ASK
1445646011,1798.08,9.0,ASK
1445646011,1798.08,3.284,ASK
1445646015,1798.0,0.942,BID
1445646018,1797.99,0.001,BID
1445646032,1797.98,0.1,BID
1445646048,1797.96,0.06,BID
1445646048,1797.97,0.07,BID
1445646051,1797.96,0.0079,BID
1445646051,1797.97,0.0017,BID
1445646051,1797.98,0.0056,BID
1445646051,1797.98,0.6918,BID
1445646056,1797.95,0.057,BID
1445646062,1797.94,0.01,BID
1445646065,1797.94,0.01,BID
1445646068,1797.94,0.0026,BID
1445646068,1797.95,0.0134,BID
1445646074,1797.95,0.0004,BID
1445646074,1797.98,0.0082,BID
1445646074,1797.98,0.0184,BID
1445646077,1797.98,0.0008,BID
1445646077,1797.99,0.2249,BID
1445646077,1797.99,0.1594,BID
1445646077,1797.99,0.0669,BID
1445646079,1798.0,0.75,BID
1445646082,1797.99,0.025,BID
1445646082,1798.0,0.6042,BID
1445646082,1798.08,0.0208,BID
1445646082,1798.08,0.181,BID
1445646082,1798.09,1.173,BID
1445646084,1797.99,0.1815,BID
1445646087,1798.08,0.0664,BID
1445646087,1798.09,1.1136,BID
1445646087,1798.09,0.181,BID
1445646089,1798.09,0.0664,BID
1445646091,1798.09,1.18,BID
1445646092,1798.09,0.5561,BID
1445646093,1798.09,0.5561,BID
1445646093,1798.09,0.01,BID
1445646094,1798.09,0.5561,BID
1445646095,1798.09,0.32,BID
1445646095,1798.09,0.5561,BID
1445646095,1798.01,0.0108,ASK
1445646095,1798.0,0.2165,ASK
1445646096,1797.86,0.001,BID
1445646096,1797.86,0.399,BID
1445646096,1797.86,0.0108,BID
1445646096,1797.86,0.0899,BID
1445646096,1798.09,0.4662,BID
1445646097,1798.08,0.0108,BID
1445646097,1798.08,0.0108,BID
1445646097,1798.09,0.5345,BID
1445646100,1798.09,0.01,BID
1445646105,1798.09,0.668,BID
1445646107,1798.0,0.5,BID
1445646109,1798.0,0.21,BID
1445646122,1797.99,0.0352,BID
1445646122,1798.0,1.5347,BID
1445646124,1798.08,0.01,BID
1445646124,1798.08,0.1511,BID
1445646124,1798.09,0.0089,BID
1445646129,1798.09,0.04,BID
1445646130,1798.09,0.5561,BID
1445646132,1798.09,0.03,BID
1445646133,1798.09,0.5415,BID
1445646137,1798.08,0.05,BID
1445646139,1798.08,0.12,BID
1445646140,1798.08,0.5,BID
1445646140,1798.08,0.01,BID
1445646143,1798.08,0.476,BID
1445646144,1798.08,0.0004,BID
1445646146,1798.09,0.01,BID
1445646150,1798.09,0.91,BID
1445646168,1798.09,0.01,BID
1445646169,1798.01,0.138,ASK
1445646169,1798.0,0.196,ASK
1445646170,1798.0,0.138,ASK
1445646171,1798.01,0.0101,ASK
1445646171,1798.0,0.4459,ASK
1445646172,1798.08,0.138,BID
1445646172,1798.08,0.01,BID
1445646172,1798.09,0.352,BID
1445646172,1798.01,0.01,ASK
1445646172,1798.01,0.039,ASK
1445646172,1798.0,0.611,ASK
1445646174,1798.0,0.391,ASK
1445646175,1798.01,0.05,ASK
1445646175,1798.0,0.9782,ASK
1445646175,1798.0,0.088,ASK
1445646175,1797.99,0.8838,ASK
1445646175,1798.0,0.0101,ASK
1445646176,1797.99,2.5702,ASK
1445646176,1797.86,0.0098,ASK
1445646177,1797.97,18.0,ASK
1445646177,1797.97,14.459,ASK
1445646179,1797.86,0.0402,ASK
1445646179,1797.78,0.06,ASK
1445646179,1797.68,0.0352,ASK
1445646179,1797.67,0.1611,ASK
1445646179,1797.64,0.1815,ASK
1445646179,1797.63,0.025,ASK
1445646179,1797.59,0.0226,ASK
1445646179,1797.57,0.0708,ASK
1445646179,1797.56,0.0079,ASK
1445646179,1797.55,0.0717,ASK
1445646179,1797.54,0.1056,ASK
1445646179,1797.54,0.0192,ASK
1445646179,1797.53,0.2249,ASK
1445646179,1797.53,0.1594,ASK
1445646179,1797.53,0.0101,ASK
1445646179,1797.52,0.085,ASK
1445646181,1797.52,0.1168,ASK
1445646181,1796.09,0.6,ASK
1445646181,1796.08,0.4632,ASK
1445646181,1796.08,0.04,ASK
1445646186,1797.5,0.06,BID
1445646186,1797.51,0.1168,BID
1445646186,1797.74,0.0101,BID
1445646186,1797.74,0.0192,BID
1445646186,1797.74,0.0476,BID
1445646187,1797.74,0.1829,BID
1445646200,1797.02,0.06,ASK
1445646200,1797.02,0.1412,ASK
1445646200,1797.01,0.1409,ASK
1445646200,1797.0,0.8379,ASK
1445646203,1797.01,0.01,ASK
1445646208,1797.02,0.04,ASK
1445646215,1797.03,0.0101,ASK
1445646215,1797.02,0.2013,ASK
1445646215,1797.01,0.0086,ASK
1445646216,1797.01,0.0737,ASK
1445646216,1797.0,4.9621,ASK
1445646216,1796.75,0.3849,ASK
1445646235,1796.06,0.556,ASK
1445646235,1796.04,0.2308,ASK
1445646235,1796.04,0.1133,ASK
1445646235,1796.03,0.7,ASK
1445646235,1796.0,1.2851,ASK
1445646243,1797.63,0.04,BID
1445646243,1797.63,0.2273,BID
1445646243,1797.64,0.4727,BID
1445646249,1796.14,0.0722,ASK
1445646251,1797.5,0.3337,BID
1445646253,1797.49,1.46,BID
1445646268,1797.33,0.0148,BID
1445646268,1797.44,0.0052,BID
1445646272,1797.43,0.014,BID
1445646273,1797.43,0.01,BID
1445646276,1797.43,0.4792,BID
1445646276,1797.47,0.0098,BID
1445646279,1796.78,0.0402,ASK
1445646279,1796.78,0.003,ASK
1445646279,1796.77,0.02,ASK
1445646279,1796.77,0.0239,ASK
1445646279,1796.76,0.7,ASK
1445646279,1796.17,0.03,ASK
1445646279,1796.16,0.111,ASK
1445646281,1797.39,0.0275,BID
1445646281,1797.4,0.2925,BID
1445646284,1797.38,0.027,BID
1445646284,1797.38,0.0132,BID
1445646284,1797.4,0.2575,BID
1445646284,1797.61,0.06,BID
1445646284,1797.61,0.003,BID
1445646284,1797.61,0.7123,BID
1445646288,1797.0,0.183,BID
1445646288,1797.0,0.183,BID
1445646289,1797.0,4.634,BID
1445646289,1797.61,0.366,BID
1445646292,1797.6,0.589,BID
1445646293,1797.6,0.0006,BID
1445646294,1797.63,0.0257,BID
1445646294,1797.65,0.1133,BID
1445646294,1797.69,0.201,BID
1445646295,1797.68,0.0101,BID
1445646295,1797.69,0.0003,BID
1445646295,1797.7,0.0346,BID
1445646301,1797.61,0.5557,ASK
1445646301,1797.5,0.183,ASK
1445646301,1796.18,0.0758,ASK
1445646301,1796.18,0.378,ASK
1445646301,1796.17,1.48,ASK
1445646301,1796.15,1.98,ASK
1445646301,1796.11,0.0257,ASK
1445646301,1796.11,1.4631,ASK
1445646301,1796.01,1.3905,ASK
1445646301,1796.0,1.4135,ASK
1445646301,1796.0,5.0893,ASK
1445646302,1797.7,0.0477,BID
1445646302,1797.72,0.1412,BID
1445646302,1797.73,0.1409,BID
1445646302,1797.95,0.035,BID
1445646302,1797.95,0.1162,BID
1445646302,1797.96,0.699,BID
1445646302,1797.6,0.5557,BID
1445646303,1797.96,0.001,BID
1445646303,1797.97,0.179,BID
1445646304,1797.96,0.0127,BID
1445646304,1797.97,0.0747,BID
1445646304,1797.98,0.1829,BID
1445646304,1797.99,0.0644,BID
1445646304,1798.0,0.858,BID
1445646306,1797.99,0.034,BID
1445646307,1797.99,0.666,BID
1445646307,1798.0,0.394,BID
1445646307,1798.0,1.18,BID
1445646308,1797.99,0.5562,BID
1445646309,1797.99,0.8343,BID
1445646309,1797.99,0.0057,BID
1445646311,1797.99,0.3723,BID
1445646313,1797.99,0.4077,ASK
1445646313,1797.97,0.0404,ASK
1445646313,1797.96,0.8073,ASK
1445646313,1797.71,0.0477,ASK
1445646313,1797.65,0.1317,ASK
1445646313,1797.64,2.1945,ASK
1445646313,1798.0,2.0,BID
1445646313,1798.0,0.59,BID
1445646314,1797.99,1.0,BID
1445646314,1797.99,8.013,BID
1445646314,1798.0,2.58,BID
1445646315,1797.64,0.001,ASK
1445646315,1797.98,0.4077,BID
1445646315,1798.0,1.5923,BID
1445646316,1798.0,0.66,BID
1445646317,1798.0,0.32,BID
1445646317,1798.0,0.5,BID
1445646318,1798.0,0.01,BID
1445646319,1798.0,0.86,BID
1445646319,1798.0,0.75,BID
1445646320,1798.0,0.5,BID
1445646320,1798.0,0.235,BID
1445646321,1798.0,0.183,BID
1445646323,1798.0,0.5,BID
1445646325,1798.0,0.185,BID
1445646326,1798.0,0.078,BID
1445646326,1798.0,0.5,BID
1445646326,1798.0,0.5,BID
1445646328,1797.99,0.0798,BID
1445646328,1797.99,0.4202,BID
1445646328,1797.99,0.038,BID
1445646329,1797.99,0.038,BID
1445646329,1797.99,0.5,BID
1445646329,1797.99,0.02,BID
1445646330,1797.99,0.5,BID
1445646332,1797.99,0.5,BID
1445646332,1797.99,0.044,BID
1445646334,1797.99,0.75,BID
1445646335,1797.99,0.5,BID
1445646337,1797.98,0.1,BID
1445646338,1797.98,0.0516,BID
1445646338,1797.99,0.4484,BID
1445646340,1797.99,0.1516,BID
1445646342,1797.98,0.0757,BID
1445646342,1797.99,0.4243,BID
1445646342,1797.99,0.051,BID
1445646343,1797.99,0.5,BID
1445646343,1797.99,0.1145,BID
1445646343,1797.99,0.0361,BID
1445646343,1797.99,0.1353,BID
1445646343,1797.99,0.1189,BID
1445646345,1797.99,0.0532,BID
1445646347,1798.0,0.5,BID
1445646348,1798.0,0.033,BID
1445646349,1798.0,0.11,BID
1445646349,1798.0,0.053,BID
1445646350,1798.0,0.75,BID
1445646351,1798.0,0.5,BID
1445646352,1798.0,0.01,BID
1445646354,1798.0,0.053,BID
1445646354,1798.0,0.02,BID
1445646355,1798.0,0.1516,BID
1445646357,1798.0,0.04,BID
1445646358,1798.0,0.053,BID
1445646360,1798.0,0.01,BID
1445646362,1798.0,0.01,BID
1445646362,1798.0,0.02,BID
1445646362,1798.0,0.053,BID
1445646365,1798.0,0.053,BID
1445646366,1798.0,0.09,BID
1445646367,1798.0,5.0,BID
1445646367,1798.0,0.053,BID
1445646371,1798.0,0.452,BID
1445646371,1798.0,0.198,BID
1445646371,1798.0,0.053,BID
1445646373,1798.0,0.94,BID
1445646373,1798.0,0.01,BID
1445646374,1798.0,0.48,BID
1445646374,1798.0,0.48,BID
1445646375,1798.0,0.053,BID
1445646376,1798.0,0.79,BID
1445646378,1798.0,11.0,BID
1445646378,1798.0,0.904,BID
1445646378,1798.0,0.277,BID
1445646378,1798.0,0.67,BID
1445646379,1798.0,0.329,BID
1445646380,1798.0,0.16,BID
1445646380,1798.0,0.053,BID
1445646380,1798.0,0.01,BID
1445646383,1798.0,1.0,BID
1445646386,1798.0,0.246,BID
1445646386,1798.0,0.053,BID
1445646388,1798.0,0.5,BID
1445646390,1798.0,0.053,BID
1445646391,1798.0,0.5,BID
1445646392,1798.0,0.01,BID
1445646392,1798.0,2.0,BID
1445646393,1798.0,1.0,BID
1445646394,1798.0,0.053,BID
1445646394,1798.0,0.01,BID
1445646395,1798.0,0.22,BID
1445646395,1798.0,0.213,BID
1445646399,1798.0,0.602,BID
1445646399,1798.0,0.053,BID
1445646401,1798.0,0.053,BID
1445646401,1798.0,3.0,BID
1445646403,1798.0,1.0,BID
1445646405,1798.0,0.253,BID
1445646405,1798.0,0.053,BID
1445646407,1798.0,0.053,BID
1445646409,1798.0,0.01,BID
1445646410,1798.0,0.053,BID
1445646410,1798.0,0.03,BID
1445646412,1798.0,0.4,BID
1445646413,1798.0,0.01,BID
1445646414,1798.0,0.053,BID
1445646414,1798.0,0.5,BID
1445646417,1798.0,0.053,BID
1445646417,1798.0,0.05,BID
1445646418,1798.0,0.5,BID
1445646420,1798.0,0.658,BID
1445646422,1798.0,0.053,BID
1445646424,1798.0,0.01,BID
1445646426,1798.0,0.0149,BID
1445646426,1798.0,0.053,BID
1445646427,1798.0,0.75,BID
1445646427,1798.0,1.703,BID
1445646429,1798.0,0.053,BID
1445646430,1798.0,0.441,BID
1445646432,1798.0,0.053,BID
1445646432,1798.0,0.5,BID
1445646435,1798.0,0.03,BID
1445646436,1798.0,0.5,BID
1445646436,1798.0,0.053,BID
1445646439,1798.0,0.053,BID
1445646439,1798.0,0.04,BID
1445646439,1798.0,0.5,BID
1445646440,1798.0,0.01,BID
1445646441,1798.0,0.053,BID
1445646442,1797.99,0.08,ASK
1445646443,1797.99,0.01,ASK
1445646443,1797.99,0.3568,ASK
1445646446,1797.98,0.09,BID
1445646446,1797.98,0.41,BID
1445646446,1797.98,0.0368,BID
1445646446,1798.0,0.2132,BID
1445646449,1798.0,0.5,BID
1445646450,1797.99,0.09,ASK
1445646450,1797.74,0.1516,ASK
1445646450,1797.73,0.0757,ASK
1445646450,1797.72,0.0361,ASK
1445646450,1797.72,0.1353,ASK
1445646450,1797.71,0.0798,ASK
1445646450,1797.7,0.06,ASK
1445646450,1797.64,0.7481,ASK
1445646450,1798.0,0.5,BID
1445646450,1798.0,0.162,BID
1445646451,1797.64,0.001,ASK
1445646452,1797.98,0.09,BID
1445646452,1798.0,3.9611,BID
1445646452,1798.0,0.5,BID
1445646453,1798.0,0.3568,BID
1445646454,1797.66,35.0,BID
1445646454,1797.66,2.853,BID
1445646455,1798.0,0.5,BID
1445646456,1798.0,0.5,BID
1445646456,1798.0,0.5,BID
1445646457,1798.0,0.5,BID
1445646458,1798.0,1.4509,BID
1445646458,1798.0,3.4211,BID
1445646459,1798.0,2.2779,BID
1445646459,1798.0,0.05,BID
1445646459,1798.09,0.5,BID
1445646459,1798.0,0.2809,ASK
1445646460,1798.0,0.06,ASK
1445646461,1798.0,0.65,ASK
1445646462,1798.0,0.65,ASK
1445646462,1798.09,0.5,BID
1445646462,1798.09,0.5,BID
1445646463,1798.09,1.3317,BID
1445646463,1798.16,0.001,BID
1445646463,1798.17,0.0185,BID
1445646463,1798.17,0.001,BID
1445646463,1798.18,0.001,BID
1445646463,1798.19,0.0325,BID
1445646463,1798.19,0.001,BID
1445646463,1798.21,0.1091,BID
1445646463,1798.24,0.006,BID
1445646463,1798.32,0.1619,BID
1445646463,1798.32,0.0162,BID
1445646463,1798.33,0.0764,BID
1445646463,1798.34,0.0168,BID
1445646463,1798.35,0.2703,BID
1445646463,1798.35,0.1641,BID
1445646463,1798.36,2.0801,BID
1445646463,1798.01,0.01,ASK
1445646463,1798.0,0.64,ASK
1445646464,1798.0,0.0811,ASK
1445646466,1798.36,0.5,BID
1445646466,1798.1,0.5561,ASK
1445646466,1798.09,0.0939,ASK
1445646468,1798.36,1.0537,BID
1445646468,1798.38,0.001,BID
1445646468,1798.47,0.001,BID
1445646468,1798.49,0.001,BID
1445646468,1798.6,0.002,BID
1445646468,1798.6,0.05,BID
1445646468,1798.66,0.2223,BID
1445646469,1798.66,0.5,BID
1445646469,1798.66,0.75,BID
1445646470,1798.35,0.0263,BID
1445646470,1798.66,0.09,BID
1445646472,1798.66,0.5,BID
1445646472,1798.66,0.988,BID
1445646472,1798.66,0.433,BID
1445646472,1798.66,3.0,BID
1445646475,1798.66,2.4822,BID
1445646475,1798.66,0.435,BID
1445646475,1798.66,3.0,BID
1445646475,1798.36,0.0667,ASK
1445646476,1798.34,0.2286,BID
1445646476,1798.66,0.2714,BID
1445646476,1798.66,0.433,BID
1445646476,1798.34,0.069,BID
1445646477,1798.34,0.0066,BID
1445646477,1798.66,0.0951,BID
1445646477,1798.67,0.001,BID
1445646477,1798.68,0.001,BID
1445646478,1798.69,0.001,BID
1445646478,1798.69,0.001,BID
1445646478,1798.69,0.001,BID
1445646478,1798.69,0.001,BID
1445646478,1798.71,0.001,BID
1445646478,1798.87,0.0011,BID
1445646478,1798.98,0.0039,BID
1445646479,1798.98,0.0961,BID
1445646479,1799.0,0.4039,BID
1445646480,1798.85,0.026,ASK
1445646480,1798.68,0.1529,ASK
1445646480,1798.68,0.01,BID
1445646481,1798.68,0.4409,BID
1445646481,1799.0,0.5591,BID
1445646482,1799.0,0.4509,BID
1445646482,1799.0,0.5559,BID
1445646484,1799.0,0.5,BID
1445646484,1799.0,0.5559,BID
1445646484,1799.0,1.17,BID
1445646485,1799.0,0.5,BID
1445646485,1799.0,2.4823,BID
1445646486,1799.0,0.02,BID
1445646486,1799.0,0.3,BID
1445646487,1799.0,0.1,BID
1445646487,1799.0,0.5,BID
1445646488,1799.0,0.5,BID
1445646488,1799.0,0.1804,BID
1445646489,1798.99,0.02,BID
1445646490,1798.99,0.0358,BID
1445646490,1799.0,0.3408,BID
1445646491,1799.0,0.0358,BID
1445646491,1799.0,0.5,BID
1445646491,1799.0,0.5,BID
1445646492,1799.0,0.177,BID
1445646492,1799.0,0.473,BID
1445646492,1799.0,0.0383,BID
1445646493,1799.0,0.5,BID
1445646493,1799.0,3.0,BID
1445646494,1799.0,0.1,BID
1445646495,1799.0,0.9954,BID
1445646496,1799.0,2.4824,BID
1445646496,1799.0,2.5431,BID
1445646496,1799.0,0.4569,BID
1445646496,1799.0,0.5,BID
1445646496,1799.0,0.2804,BID
1445646497,1799.0,0.5,BID
1445646497,1799.0,1.3887,BID
1445646497,1799.0,1.0,BID
1445646497,1799.0,0.3062,BID
1445646497,1799.0,0.3051,BID
1445646498,1799.0,0.4734,BID
1445646498,1799.0,0.0916,BID
1445646498,1799.0,0.9084,BID
1445646498,1799.0,0.2286,BID
1445646498,1799.0,0.2452,BID
1445646498,1799.0,0.108,BID
1445646499,1799.02,0.244,BID
1445646499,1799.02,0.2556,BID
1445646499,1799.02,0.2444,BID
1445646499,1799.02,0.04,BID
1445646499,1799.02,0.0115,BID
1445646499,1799.02,0.6637,BID
1445646499,1799.02,0.0325,BID
1445646499,1799.02,0.0401,BID
1445646499,1799.02,0.0022,BID
1445646500,1799.02,0.143,BID
1445646500,1799.02,0.0438,BID
1445646500,1799.02,0.3691,BID
1445646500,1799.02,0.382,BID
1445646500,1799.0,0.001,ASK
1445646501,1799.02,0.0089,BID
1445646501,1799.02,0.0171,BID
1445646501,1799.02,0.0435,BID
1445646501,1799.02,0.5124,BID
1445646501,1799.02,0.1256,BID
1445646501,1799.02,0.138,BID
1445646501,1799.02,0.0401,BID
1445646501,1799.02,0.0401,BID
1445646501,1799.02,0.0667,BID
1445646501,1799.12,0.1427,BID
1445646501,1799.01,0.0105,ASK
1445646503,1799.11,0.0105,BID
1445646503,1799.12,0.4895,BID
1445646503,1799.12,0.9924,BID
1445646504,1799.12,0.498,BID
1445646505,1799.12,1.3672,BID
1445646505,1799.12,0.01,BID
1445646506,1799.12,1.5,BID
1445646506,1799.12,0.01,BID
1445646506,1799.12,2.4825,BID
1445646506,1799.12,0.01,BID
1445646506,1799.12,0.5,BID
1445646507,1799.12,0.05,BID
1445646508,1799.12,1.0684,BID
1445646508,1799.2,0.05,BID
1445646509,1799.2,0.01,BID
1445646509,1799.29,0.49,BID
1445646510,1799.29,0.779,BID
1445646510,1799.29,0.36,BID
1445646511,1799.29,0.661,BID
1445646512,1799.29,0.05,BID
1445646512,1799.29,0.5,BID
1445646513,1799.29,0.8,BID
1445646513,1799.29,0.7,BID
1445646514,1799.23,0.0134,ASK
1445646514,1799.22,0.095,ASK
1445646514,1799.29,0.1336,BID
1445646515,1799.29,0.05,BID
1445646516,1799.22,0.172,ASK
1445646516,1799.12,0.1,ASK
1445646516,1799.02,0.1084,ASK
1445646516,1799.02,0.0134,BID
1445646516,1799.02,0.09,BID
1445646516,1799.02,0.5,BID
1445646517,1799.02,0.7324,BID
1445646518,1799.02,0.525,BID
1445646519,1799.02,0.187,BID
1445646519,1799.02,0.8182,BID
1445646519,1799.21,0.267,BID
1445646519,1799.21,0.267,BID
1445646519,1799.29,1.6478,BID
1445646520,1799.29,0.5,BID
1445646520,1799.29,0.206,BID
1445646522,1799.29,0.01,BID
1445646523,1799.29,0.5,BID
1445646523,1799.29,0.779,BID
1445646524,1799.29,0.108,BID
1445646524,1799.29,0.0197,BID
1445646525,1799.29,3.0,BID
1445646526,1799.29,0.1703,BID
1445646526,1799.29,0.5,BID
1445646527,1799.29,1.0356,BID
1445646528,1799.32,0.004,BID
1445646528,1799.35,2.4786,BID
1445646528,1799.35,0.1,BID
1445646528,1799.35,1.0,BID
1445646529,1799.35,0.01,BID
1445646530,1799.35,0.5,BID
1445646531,1799.35,0.0891,BID
1445646531,1799.35,0.027,BID
1445646531,1799.35,0.818,BID
1445646532,1799.35,0.0203,BID
1445646533,1799.35,0.5,BID
1445646533,1799.35,0.457,BID
1445646533,1799.38,0.1,BID
1445646533,1799.35,0.1521,ASK
1445646534,1799.38,0.957,BID
1445646536,1799.38,0.5,BID
1445646536,1799.38,0.02,BID
1445646536,1799.38,0.75,BID
1445646536,1799.38,0.2937,BID
1445646537,1799.31,0.01,ASK
1445646537,1799.3,0.957,BID
1445646537,1799.3,0.679,BID
1445646538,1799.3,2.4827,BID
1445646539,1799.3,3.0,BID
1445646540,1799.3,0.745,BID
1445646540,1799.3,0.046,BID
1445646540,1799.3,0.5,BID
1445646542,1799.3,0.27,BID
1445646542,1799.3,3.0,BID
1445646543,1799.29,0.1042,BID
1445646543,1799.3,0.8958,BID
1445646543,1799.3,0.0198,BID
1445646544,1799.3,0.0328,BID
1445646546,1799.3,0.0198,BID
1445646547,1799.3,0.02,BID
1445646547,1799.3,0.3123,BID
1445646547,1799.3,0.583,BID
1445646547,1799.3,1.5077,BID
1445646548,1799.3,0.7916,ASK
1445646548,1799.37,0.0268,BID
1445646548,1799.38,0.1055,BID
1445646548,1799.3,0.1088,ASK
1445646549,1799.3,0.65,ASK
1445646549,1799.38,2.442,BID
1445646550,1799.38,0.026,BID
1445646550,1799.3,0.65,ASK
1445646550,1799.38,1.311,BID
1445646551,1799.38,0.019,BID
1445646551,1799.3,0.5947,ASK
1445646552,1799.29,0.0297,BID
1445646554,1799.29,0.0256,BID
1445646554,1799.29,0.4744,BID
1445646554,1799.29,0.1756,BID
1445646554,1799.37,0.0297,BID
1445646554,1799.38,0.2747,BID
1445646555,1799.16,4.0,BID
1445646555,1799.16,2.676,BID
1445646555,1799.38,0.0486,BID
1445646556,1799.38,0.06,BID
1445646556,1799.38,0.1,BID
1445646556,1799.38,0.069,BID
1445646557,1799.38,0.5557,BID
1445646557,1799.38,0.5,BID
1445646558,1799.38,0.5557,BID
1445646558,1799.38,1.0,BID
1445646559,1799.38,0.02,BID
1445646559,1799.38,0.5557,BID
1445646559,1799.38,0.75,BID
1445646560,1799.38,0.18,BID
1445646560,1799.38,0.5557,BID
1445646561,1799.38,0.05,BID
1445646561,1799.38,0.5,BID
1445646563,1799.38,0.021,BID
1445646563,1799.38,0.1123,BID
1445646565,1799.38,0.098,BID
1445646565,1799.38,1.5,BID
1445646565,1799.38,0.42,BID
1445646565,1799.38,0.5,BID
1445646566,1799.38,0.098,BID
1445646567,1799.38,2.563,BID
1445646567,1799.38,0.78,BID
1445646568,1799.38,0.1,BID
1445646569,1799.38,0.5,BID
1445646570,1799.38,0.3313,BID
1445646570,1799.8,0.4659,BID
1445646570,1799.9,0.01,BID
1445646570,1799.98,0.0241,BID
1445646571,1799.98,0.0759,BID
1445646571,1800.0,0.0241,BID
1445646572,1800.0,0.5,BID
1445646574,1800.0,0.75,BID
1445646576,1800.0,0.5,BID
1445646576,1799.99,0.0607,BID
1445646576,1800.0,0.0093,BID
1445646576,1800.0,0.07,BID
1445646577,1799.99,6.0,BID
1445646577,1799.99,2.411,BID
1445646577,1800.0,0.867,BID
1445646579,1800.0,0.6608,BID
1445646580,1800.0,0.5,BID
1445646581,1800.0,0.868,BID
1445646581,1799.33,0.06,ASK
1445646581,1799.32,0.0401,ASK
1445646581,1799.31,0.0607,ASK
1445646581,1799.3,0.0553,ASK
1445646581,1799.15,0.1088,ASK
1445646581,1799.14,0.1042,ASK
1445646581,1799.13,0.1521,ASK
1445646581,1799.04,0.0278,ASK
1445646581,1799.03,0.4509,ASK
1445646581,1799.04,7.0,ASK
1445646581,1799.04,9.3,ASK
1445646584,1799.99,0.0278,BID
1445646584,1800.0,0.4722,BID
1445646584,1799.99,0.0278,BID
1445646587,1799.98,0.0401,BID
1445646587,1799.99,0.0111,BID
1445646587,1799.99,0.0401,BID
1445646587,1799.99,0.4599,BID
1445646591,1799.97,0.0418,BID
1445646591,1799.97,0.06,BID
1445646591,1799.98,0.1625,BID
1445646591,1799.99,0.2357,BID
1445646593,1799.99,0.02,BID
1445646593,1799.99,0.0401,BID
1445646595,1799.98,0.0318,BID
1445646595,1799.99,0.4682,BID
1445646597,1799.99,0.2761,BID
1445646597,1799.99,0.9865,BID
1445646597,1799.99,0.01,BID
1445646597,1799.08,6.0,BID
1445646597,1799.08,12.941,BID
1445646601,1799.98,0.0197,BID
1445646604,1799.97,0.0709,BID
1445646604,1799.98,0.0016,BID
1445646606,1799.98,0.0222,BID
1445646606,1799.98,0.0487,BID
1445646608,1799.99,0.5,BID
1445646608,1799.99,0.0578,BID
1445646609,1799.99,0.464,BID
1445646612,1800.0,0.5,BID
1445646613,1800.0,2.443,BID
1445646613,1799.09,0.0709,ASK
1445646613,1799.08,0.0435,ASK
1445646613,1799.08,0.0487,ASK
1445646613,1799.07,0.0318,ASK
1445646613,1799.06,0.0102,ASK
1445646613,1799.05,0.1625,ASK
1445646613,1799.05,0.0418,ASK
1445646613,1799.04,0.079,ASK
1445646613,1799.03,0.0748,ASK
1445646615,1799.99,0.0498,BID
1445646615,1799.99,0.0102,BID
1445646615,1799.99,0.44,BID
1445646617,1799.99,0.094,BID
1445646619,1799.98,0.1271,BID
1445646619,1799.99,0.3729,BID
1445646622,1799.98,0.025,BID
1445646622,1799.98,0.0377,BID
1445646622,1799.99,0.1023,BID
1445646623,1799.98,4.0,BID
1445646623,1799.98,3.691,BID
1445646625,1799.99,0.128,BID
1445646628,1799.99,0.567,BID
1445646632,1799.98,0.028,BID
1445646632,1799.99,0.472,BID
1445646635,1799.99,0.876,BID
1445646636,1800.0,0.5,BID
1445646641,1799.97,0.045,BID
1445646641,1800.0,0.455,BID
1445646641,1800.0,0.045,BID
1445646645,1800.0,0.045,BID
1445646647,1800.0,0.5,BID
1445646648,1799.99,0.08,BID
1445646648,1799.99,0.1356,BID
1445646648,1800.0,0.7124,BID
1445646651,1800.0,0.75,BID
1445646652,1800.0,0.5,BID
1445646653,1800.0,0.4,BID
1445646656,1800.0,0.5,BID
1445646657,1800.0,0.01,BID
1445646658,1800.0,0.087,BID
1445646658,1800.0,0.3312,BID
1445646658,1800.0,3.2273,BID
1445646660,1800.0,0.5,BID
1445646662,1800.0,0.222,BID
1445646663,1800.0,0.5,BID
1445646664,1800.0,1.0207,BID
1445646664,1800.0,0.1,BID
1445646664,1800.0,1.0,BID
1445646664,1800.0,0.1142,BID
1445646664,1800.0,0.01,BID
1445646664,1800.0,0.1171,BID
1445646664,1800.0,0.1829,BID
1445646664,1800.0,0.4685,BID
1445646667,1800.0,0.5,BID
1445646670,1800.0,0.5,BID
1445646672,1799.99,0.0745,BID
1445646672,1800.0,3.4415,BID
1445646672,1800.0,0.835,BID
1445646673,1800.0,0.5,BID
1445646678,1800.0,0.01,BID
1445646678,1800.0,0.05,BID
1445646679,1800.0,0.5,BID
1445646679,1800.0,0.8,BID
1445646681,1800.0,0.7,BID
1445646683,1800.0,0.01,BID
1445646683,1800.0,0.5,BID
1445646684,1800.0,0.01,BID
1445646688,1800.0,0.0341,BID
1445646688,1800.0,0.1259,BID
1445646688,1800.0,0.34,BID
1445646689,1800.0,0.26,BID
1445646689,1800.0,0.23,BID
1445646689,1800.0,0.068,BID
1445646689,1800.0,0.422,BID
1445646689,1800.0,0.241,BID
1445646689,1799.99,5.0,BID
1445646689,1799.99,8.924,BID
1445646691,1800.0,0.5,BID
1445646692,1800.0,0.277,BID
1445646694,1800.0,2.09,BID
1445646696,1800.0,0.5,BID
1445646698,1800.0,0.277,BID
1445646699,1800.0,0.277,BID
1445646699,1800.0,0.416,BID
1445646699,1800.0,3.0,BID
1445646699,1800.0,0.0703,BID
1445646699,1800.0,1.5137,BID
1445646700,1800.0,0.5,BID
1445646702,1800.0,0.03,BID
1445646703,1800.0,0.48,BID
1445646703,1800.0,0.0763,BID
1445646703,1800.0,0.01,BID
1445646703,1800.0,0.2,BID
1445646703,1800.0,0.2137,BID
1445646704,1800.0,0.48,BID
1445646706,1800.0,0.277,BID
1445646706,1800.0,0.042,BID
1445646706,1800.0,0.277,BID
1445646707,1800.0,0.35,BID
1445646708,1800.0,0.1,BID
1445646709,1800.0,0.5,BID
1445646709,1800.0,0.481,BID
1445646709,1800.0,0.01,BID
1445646709,1800.0,0.03,BID
1445646710,1800.0,0.511,BID
1445646711,1800.0,0.1,BID
1445646712,1800.0,0.5,BID
1445646713,1800.0,0.1,BID
1445646714,1800.0,1.5,BID
1445646714,1800.0,0.472,BID
1445646714,1800.0,0.472,BID
1445646715,1800.0,0.01,BID
1445646715,1800.0,0.057,BID
1445646717,1800.0,0.5,BID
1445646719,1800.0,0.593,BID
1445646719,1800.0,0.59,BID
1445646720,1800.0,1.0,BID
1445646720,1800.0,0.01,BID
1445646720,1800.0,0.5,BID
1445646721,1800.0,0.001,BID
1445646721,1800.0,0.5,BID
1445646723,1800.0,0.1,BID
1445646723,1800.0,0.5,BID
1445646724,1800.0,0.5,BID
1445646724,1800.0,0.5,BID
1445646728,1800.0,0.958,BID
1445646728,1800.0,0.5,BID
1445646728,1800.0,0.09,BID
1445646730,1800.0,0.034,BID
1445646730,1800.0,0.123,BID
1445646731,1800.0,0.056,BID
1445646731,1800.0,5.0,BID
1445646731,1800.0,0.5,BID
1445646732,1800.0,0.857,BID
1445646734,1800.0,5.494,BID
1445646735,1800.0,0.017,BID
1445646735,1800.0,0.5,BID
1445646735,1800.0,0.017,BID
1445646736,1800.0,5.0439,BID
1445646737,1800.0,0.017,BID
1445646739,1800.0,0.5,BID
1445646739,1799.36,0.0401,ASK
1445646739,1799.35,0.037,ASK
1445646739,1799.35,0.6,ASK
1445646739,1799.34,0.7,ASK
1445646739,1799.31,0.2761,ASK
1445646739,1799.31,0.1629,ASK
1445646739,1799.3,1.1608,ASK
1445646739,1800.0,0.05,BID
1445646739,1800.0,0.183,BID
1445646740,1800.0,0.5,BID
1445646740,1800.0,0.079,BID
1445646741,1800.0,0.0198,BID
1445646742,1799.99,0.01,BID
1445646742,1799.99,0.01,BID
1445646743,1799.99,0.0201,BID
1445646743,1800.0,0.4799,BID
1445646743,1800.0,0.04,BID
1445646743,1800.0,0.0301,BID
1445646744,1800.0,10.0,BID
1445646745,1800.0,0.02,BID
1445646745,1800.0,0.04,BID
1445646745,1799.31,0.06,ASK
1445646745,1799.31,0.3022,ASK
1445646745,1800.0,0.02,BID
1445646746,1800.0,0.068,BID
1445646747,1799.99,0.476,BID
1445646747,1800.0,0.024,BID
1445646747,1800.0,0.5,BID
1445646748,1799.99,0.01,BID
1445646748,1799.99,0.223,BID
1445646749,1799.99,0.2239,BID
1445646750,1799.99,0.1431,BID
1445646750,1800.0,0.2239,BID
1445646750,1800.0,1.431,BID
1445646752,1800.0,0.5,BID
1445646752,1799.98,0.06,BID
1445646752,1799.98,0.64,BID
1445646752,1800.0,0.36,BID
1445646753,1800.0,3.0,BID
1445646754,1799.98,0.0353,BID
1445646754,1799.98,0.0247,BID
1445646754,1800.0,0.0103,BID
1445646756,1800.0,0.5,BID
1445646757,1800.0,0.0147,BID
1445646759,1800.0,0.06,BID
1445646760,1800.0,0.0198,BID
1445646762,1800.0,0.5,BID
1445646762,1800.0,0.011,BID
1445646763,1800.0,0.848,BID
1445646764,1800.0,0.09,BID
1445646765,1800.0,0.05,BID
1445646765,1800.0,7.0,BID
1445646766,1799.99,0.3022,BID
1445646766,1800.0,1.4608,BID
1445646767,1800.0,0.1,BID
1445646767,1800.0,0.252,BID
1445646768,1800.0,3.0025,BID
1445646770,1800.0,2.9525,BID
1445646770,1800.0,0.65,BID
1445646770,1800.0,0.1093,BID
1445646770,1800.0,0.1209,BID
1445646770,1800.0,1.5698,BID
1445646778,1800.0,0.5,BID
1445646781,1800.0,0.5,BID
1445646781,1800.0,0.1,BID
1445646784,1800.0,0.5,BID
1445646786,1799.39,0.037,ASK
1445646786,1799.38,0.2166,ASK
1445646787,1799.99,10.557,ASK
1445646787,1799.38,0.4834,ASK
1445646787,1799.23,0.06,BID
1445646787,1799.23,0.035,BID
1445646787,1799.23,0.5,BID
1445646787,1799.23,0.93,BID
1445646788,1799.23,0.0401,BID
1445646789,1799.23,7.9515,BID
1445646789,1799.99,0.035,BID
1445646789,1800.0,0.0051,BID
1445646789,1799.74,4.591,BID
1445646790,1800.0,0.7,BID
1445646790,1800.0,0.02,BID
1445646791,1799.99,0.0401,BID
1445646791,1800.0,1.1051,BID
1445646791,1800.0,7.4121,BID
1445646793,1800.0,0.0401,BID
1445646793,1800.0,0.5,BID
1445646794,1800.0,2.28,BID
1445646795,1800.0,0.5,BID
1445646795,1800.0,0.03,BID
1445646795,1800.0,1.7399,BID
1445646796,1800.0,0.5,BID
1445646797,1800.0,0.5,BID
1445646797,1800.0,0.01,BID
1445646799,1800.0,0.89,BID
1445646800,1800.0,5.0,BID
1445646800,1799.99,0.0196,BID
1445646800,1800.0,0.4804,BID
1445646801,1800.0,1.534,BID
1445646802,1799.75,0.0196,ASK
1445646802,1799.22,0.0402,ASK
1445646802,1799.21,0.0745,ASK
1445646802,1799.18,0.0108,ASK
1445646802,1799.17,0.2156,ASK
1445646802,1799.15,0.045,ASK
1445646802,1799.14,0.028,ASK
1445646802,1799.12,0.0377,ASK
1445646802,1799.11,0.1271,ASK
1445646802,1799.11,0.025,ASK
1445646802,1799.1,0.0498,ASK
1445646802,1799.03,0.0302,ASK
1445646802,1798.72,0.001,ASK
1445646802,1798.72,0.0105,ASK
1445646802,1798.7,0.0558,ASK
1445646802,1798.48,0.0172,ASK
1445646802,1798.47,0.344,ASK
1445646802,1798.36,0.0111,ASK
1445646802,1798.35,0.222,ASK
1445646802,1798.12,0.2953,ASK
1445646802,1798.12,0.0756,ASK
1445646802,1798.11,0.0263,ASK
1445646802,1798.0,0.001,ASK
1445646802,1797.92,0.0017,ASK
1445646802,1797.67,0.0811,ASK
1445646802,1797.66,0.2809,ASK
1445646802,1797.64,0.0326,ASK
1445646802,1800.0,6.76,BID
1445646803,1797.65,14.0,ASK
1445646803,1797.65,1.586,ASK
1445646803,1800.0,1.276,BID
1445646804,1800.0,0.7,BID
1445646805,1799.99,0.0108,BID
1445646805,1799.99,0.0172,BID
1445646805,1799.99,0.0111,BID
1445646805,1800.0,26.8475,BID
1445646805,1800.0,0.7089,BID
1445646805,1800.0,0.827,BID
1445646805,1800.0,0.631,BID
1445646805,1800.0,3.9465,BID
1445646805,1800.0,1.0535,BID
1445646805,1800.0,0.1965,BID
1445646806,1800.0,0.5,BID
1445646807,1799.98,0.0391,BID
1445646808,1799.98,0.0011,BID
1445646808,1799.99,0.0379,BID
1445646808,1799.99,0.039,BID
1445646810,1799.99,0.5,BID
1445646810,1799.97,0.06,BID
1445646810,1799.98,0.0312,BID
1445646810,1799.99,0.1231,BID
1445646810,1800.0,0.2467,BID
1445646811,1799.99,0.1,BID
1445646811,1799.99,0.1449,BID
1445646811,1800.0,0.4782,BID
1445646812,1799.99,0.2377,BID
1445646812,1800.0,0.0072,BID
1445646812,1800.0,0.06,BID
1445646813,1799.9,0.007,BID
1445646813,1799.9,0.5,BID
1445646814,1799.9,0.8,BID
1445646814,1799.9,0.251,BID
1445646816,1799.9,0.515,BID
1445646816,1799.9,0.7,BID
1445646817,1799.9,0.5,BID
1445646818,1799.9,0.34,BID
1445646818,1799.9,0.02,BID
1445646818,1799.9,0.026,BID
1445646819,1799.9,1.6705,BID
1445646820,1799.89,0.0917,BID
1445646820,1799.9,0.0183,BID
1445646820,1799.9,0.001,BID
1445646821,1799.9,0.059,BID
1445646822,1799.9,0.5922,BID
1445646822,1799.99,0.0578,BID
1445646822,1799.99,0.224,BID
1445646822,1800.0,0.276,BID
1445646823,1800.0,8.7699,BID
1445646823,1800.0,26.7257,BID
1445646823,1800.0,4.0,BID
1445646823,1800.0,0.01,BID
1445646823,1800.0,1.6794,BID
1445646823,1800.0,0.15,BID
1445646823,1799.79,69.0,BID
1445646823,1799.79,68.249,BID
1445646825,1800.0,0.08,BID
1445646826,1800.0,0.5,BID
1445646826,1800.0,0.05,BID
1445646827,1799.99,0.007,BID
1445646827,1800.0,0.6259,BID
1445646827,1800.0,0.0661,BID
1445646828,1800.0,0.212,BID
1445646829,1800.0,0.5,BID
1445646831,1799.99,0.001,BID
1445646831,1799.99,0.076,BID
1445646831,1799.99,0.0448,BID
1445646831,1800.0,0.2219,BID
1445646831,1800.0,0.5,BID
1445646831,1800.0,0.0422,BID
1445646833,1800.0,0.0448,BID
1445646833,1800.0,0.2149,BID
1445646833,1800.0,0.05,BID
1445646833,1800.0,0.2351,BID
1445646835,1800.0,1.0,BID
1445646837,1799.99,0.021,BID
1445646837,1799.99,0.02,BID
1445646837,1799.99,0.1281,BID
1445646837,1800.0,0.3719,BID
1445646840,1800.0,0.031,BID
1445646841,1800.0,0.5,BID
1445646842,1800.0,0.001,BID
1445646844,1800.0,0.5,BID
1445646845,1799.99,0.0197,BID
1445646846,1799.99,0.004,BID
1445646846,1800.0,3.5415,BID
1445646846,1800.0,3.1216,BID
1445646846,1800.0,0.03,BID
1445646848,1799.99,0.5,BID
1445646853,1799.99,0.5,BID
1445646853,1799.84,0.001,ASK
1445646854,1799.99,0.001,BID
1445646854,1799.86,7.046,BID
1445646857,1799.98,0.1004,BID
1445646857,1799.99,0.3996,BID
1445646858,1799.99,0.1004,BID
1445646860,1799.99,0.879,BID
1445646861,1799.99,0.5,BID
1445646861,1799.99,0.9697,BID
1445646862,1799.85,0.1004,ASK
1445646862,1799.84,0.0227,ASK
1445646862,1799.84,0.1786,BID
1445646863,1799.84,0.0166,BID
1445646863,1799.82,0.1691,ASK
1445646863,1799.8,0.1218,ASK
1445646863,1799.79,0.007,ASK
1445646863,1799.78,0.0917,ASK
1445646863,1799.77,0.0241,ASK
1445646863,1799.76,0.2449,ASK
1445646863,1799.76,0.2377,ASK
1445646863,1799.68,0.06,ASK
1445646863,1799.2,0.001,ASK
1445646863,1797.71,0.0141,ASK
1445646863,1797.7,0.2086,ASK
1445646864,1798.18,0.001,BID
1445646864,1799.84,0.699,BID
1445646864,1799.84,0.5,BID
1445646866,1799.83,0.0299,BID
1445646866,1799.83,0.0141,BID
1445646866,1799.84,0.6502,BID
1445646866,1799.84,0.1004,BID
1445646866,1799.98,0.0166,BID
1445646866,1799.99,0.4878,BID
1445646868,1799.83,0.5,BID
1445646871,1799.83,0.5,BID
1445646874,1799.83,0.1821,BID
1445646876,1798.42,0.001,BID
1445646876,1799.82,0.1298,BID
1445646876,1799.83,0.3692,BID
1445646877,1799.82,0.01,BID
1445646880,1799.82,0.0657,BID
1445646880,1799.82,0.1216,BID
1445646880,1799.82,0.3127,BID
1445646883,1799.81,0.06,BID
1445646883,1799.82,0.44,BID
1445646887,1799.8,0.0483,BID
1445646887,1799.99,0.4517,BID
1445646890,1799.8,0.0796,BID
1445646890,1799.8,0.4204,BID
1445646895,1799.79,0.2551,BID
1445646895,1799.79,0.2449,BID
1445646898,1798.28,0.001,BID
1445646899,1799.78,0.5,BID
1445646900,1799.78,0.01,BID
1445646904,1799.78,0.5,BID
1445646904,1797.96,0.0875,ASK
1445646908,1799.78,0.5,BID
1445646911,1798.38,0.001,BID
1445646911,1799.78,0.009,BID
1445646912,1799.78,1.0786,BID
1445646912,1799.78,0.2231,BID
1445646912,1799.78,0.1367,BID
1445646912,1799.79,0.649,BID
1445646912,1799.8,7.823,BID
1445646912,1799.8,0.0396,ASK
1445646912,1799.81,0.1745,BID
1445646912,1799.97,0.007,BID
1445646912,1799.99,0.3185,BID
1445646913,1799.99,0.01,BID
1445646913,1799.89,8.0,BID
1445646913,1799.89,42.06,BID
1445646915,1799.8,2.0,ASK
1445646915,1799.9,0.5,BID
1445646916,1799.8,0.65,ASK
1445646917,1799.81,0.6025,ASK
1445646917,1799.8,1.9775,ASK
1445646917,1799.8,0.65,ASK
1445646918,1799.8,0.65,ASK
1445646919,1799.81,0.001,ASK
1445646919,1799.81,0.0134,ASK
1445646919,1799.8,0.6366,ASK
1445646919,1799.89,0.425,BID
1445646919,1799.9,0.075,BID
1445646920,1799.81,0.0133,ASK
1445646920,1799.81,0.099,ASK
1445646920,1799.81,0.3071,ASK
1445646920,1799.8,0.2306,ASK
1445646920,1799.81,22.391,BID
1445646922,1799.82,0.0144,ASK
1445646924,1799.89,0.0133,BID
1445646924,1799.89,0.3071,BID
1445646924,1799.9,0.1796,BID
1445646925,1799.9,0.3204,BID
1445646926,1799.9,0.5556,BID
1445646927,1799.9,0.5556,BID
1445646928,1799.9,0.5556,BID
1445646928,1799.9,0.5,BID
1445646929,1799.9,0.5556,BID
1445646929,1799.81,0.3743,ASK
1445646929,1799.8,1.6257,ASK
1445646930,1799.9,0.9,BID
1445646930,1799.8,1.18,ASK
1445646930,1799.89,0.2601,BID
1445646930,1799.9,0.2955,BID
1445646931,1799.8,0.001,ASK
1445646931,1799.9,0.5,BID
1445646932,1799.81,0.2815,ASK
1445646932,1799.8,0.8985,ASK
1445646933,1799.82,0.0141,ASK
1445646933,1799.81,0.2224,ASK
1445646933,1799.8,0.4135,ASK
1445646934,1799.8,0.2815,ASK
1445646935,1799.89,0.1754,BID
1445646935,1799.9,0.3246,BID
1445646935,1799.81,0.1775,ASK
1445646935,1799.8,1.8225,ASK
1445646935,1799.8,0.65,ASK
1445646936,1799.9,0.745,BID
1445646936,1799.9,0.1754,BID
1445646937,1799.89,0.1754,BID
1445646937,1799.9,0.3802,BID
1445646938,1799.9,0.1754,BID
1445646938,1799.9,0.5,BID
1445646939,1799.9,0.5556,BID
1445646941,1799.81,0.001,ASK
1445646941,1799.9,0.5,BID
1445646947,1799.9,0.1509,BID
1445646947,1799.98,0.1,BID
1445646947,1799.99,0.2491,BID
1445646948,1799.99,0.1,BID
1445646951,1799.99,0.5,BID
1445646953,1799.91,0.001,ASK
1445646954,1799.98,0.5,BID
1445646955,1799.98,0.01,BID
1445646957,1799.98,0.2552,BID
1445646957,1799.99,0.2448,BID
1445646958,1799.99,0.021,BID
1445646962,1799.99,0.018,BID
1445646963,1799.99,0.5,BID
1445646964,1799.91,0.001,ASK
1445646965,1799.99,0.01,BID
1445646967,1799.99,0.5,BID
1445646971,1799.99,0.11,BID
1445646973,1799.99,0.5,BID
1445646975,1799.91,0.001,ASK
1445646976,1799.99,0.01,BID
1445646977,1799.99,0.5,BID
1445646981,1799.99,0.5,BID
1445646983,1799.99,0.056,BID
1445646984,1799.99,0.5,BID
1445646987,1799.91,0.1,ASK
1445646988,1799.91,0.0479,ASK
1445646989,1799.9,0.06,BID
1445646991,1799.9,0.04,BID
1445646991,1799.9,0.1479,BID
1445646991,1799.99,2.3009,BID
1445646993,1799.99,0.5,BID
1445646996,1799.99,0.044,BID
1445646998,1799.91,0.001,ASK
1445646998,1799.99,0.5,BID
1445647001,1799.99,0.5,BID
1445647002,1799.99,1.054,BID
1445647005,1799.99,0.5,BID
1445647008,1799.91,0.001,ASK
1445647008,1799.99,0.06,BID
1445647008,1799.99,0.5,BID
1445647011,1799.99,0.01,BID
1445647012,1799.99,0.5,BID
1445647013,1799.98,2.0,BID
1445647013,1799.98,19.531,BID
1445647014,1799.99,2.7778,BID
1445647015,1799.99,0.209,BID
1445647016,1799.99,0.5,BID
1445647018,1799.99,0.159,BID
1445647019,1799.91,0.001,ASK
1445647020,1799.99,0.5,BID
1445647023,1799.99,0.036,BID
1445647023,1799.99,0.5,BID
1445647028,1799.99,0.287,BID
1445647030,1799.99,0.5,BID
1445647030,1799.99,0.01,BID
1445647031,1799.91,0.001,ASK
1445647033,1799.99,0.5,BID
1445647033,1799.99,0.05,BID
1445647036,1799.99,0.5,BID
1445647037,1799.91,0.096,ASK
1445647038,1799.9,0.042,BID
1445647038,1799.89,3.0,ASK
1445647038,1799.89,2.0,ASK
1445647038,1799.89,0.395,ASK
1445647040,1799.9,0.054,BID
1445647040,1799.99,0.446,BID
1445647043,1799.99,0.5,BID
1445647044,1799.99,0.343,BID
1445647044,1799.91,0.054,ASK
1445647048,1799.99,0.5,BID
1445647048,1799.99,0.011,BID
1445647051,1799.99,0.5,BID
1445647052,1799.99,0.069,BID
1445647053,1799.99,0.001,BID
1445647055,1799.99,0.5,BID
1445647057,1799.99,5.0,BID
1445647058,1799.99,0.5,BID
1445647062,1799.99,0.5,BID
1445647062,1799.99,4.348,BID
1445647066,1799.99,0.5,BID
1445647068,1799.82,0.0402,ASK
1445647068,1799.81,0.0109,ASK
1445647068,1799.8,0.3826,ASK
1445647068,1799.8,0.011,BID
1445647069,1799.8,0.0191,BID
1445647070,1799.8,0.3836,BID
1445647070,1799.98,0.0109,BID
1445647070,1799.99,0.1055,BID
1445647071,1799.98,0.0191,BID
1445647071,1799.99,0.0319,BID
1445647073,1799.97,0.0402,BID
1445647073,1799.99,0.4598,BID
1445647073,1799.99,0.855,BID
1445647075,1799.99,0.001,BID
1445647076,1799.96,0.0061,BID
1445647076,1799.99,0.4939,BID
1445647077,1799.99,0.04,BID
1445647078,1799.99,0.001,BID
1445647081,1799.99,0.5,BID
1445647082,1799.99,0.056,BID
1445647082,1799.98,7.0,BID
1445647082,1799.98,8.595,BID
1445647085,1799.99,0.5,BID
1445647085,1799.83,5.0,BID
1445647085,1799.83,11.582,BID
1445647086,1799.99,0.01,BID
1445647087,1799.99,0.001,BID
1445647088,1799.98,0.01,BID
1445647088,1799.98,0.0604,BID
1445647088,1799.99,0.4396,BID
1445647090,1799.83,0.0704,ASK
1445647092,1799.82,0.0201,ASK
1445647092,1799.82,0.0061,ASK
1445647092,1799.82,0.0442,BID
1445647092,1799.83,0.0296,BID
1445647092,1799.99,0.6892,BID
1445647093,1799.99,0.5,BID
1445647096,1799.98,0.0201,BID
1445647096,1799.99,0.4799,BID
1445647097,1799.99,0.029,BID
1445647097,1799.99,0.0201,BID
1445647098,1799.99,0.001,BID
1445647101,1799.99,0.5,BID
1445647102,1799.99,0.625,BID
1445647103,1799.82,0.001,ASK
1445647105,1799.99,0.5,BID
1445647106,1799.99,1.882,BID
1445647106,1799.83,0.0196,ASK
1445647106,1799.82,0.0191,ASK
1445647106,1799.81,0.3831,ASK
1445647109,1799.98,0.001,BID
1445647110,1799.81,0.001,ASK
1445647110,1799.98,0.0186,BID
1445647110,1799.98,0.0024,BID
1445647110,1799.98,0.0177,BID
1445647110,1799.99,0.4823,BID
1445647112,1799.81,0.001,ASK
1445647114,1799.81,0.001,ASK
1445647114,1799.82,0.5,BID
1445647115,1799.82,0.03,BID
1445647118,1799.82,0.5,BID
1445647120,1799.82,0.001,BID
1445647121,1799.82,0.319,BID
1445647122,1799.82,0.5,BID
1445647124,1799.82,0.01,BID
1445647126,1799.82,0.5,BID
1445647130,1799.82,0.5,BID
1445647130,1799.82,0.045,BID
1445647130,1799.82,20.095,BID
1445647130,1799.99,6.2845,BID
1445647130,1799.99,0.1,BID
1445647131,1800.0,0.001,BID
1445647131,1799.99,0.09,ASK
1445647132,1799.99,0.65,ASK
1445647133,1799.99,4.4442,ASK
1445647133,1799.99,0.65,ASK
1445647133,1800.0,0.5,BID
1445647134,1799.99,0.65,ASK
1445647134,1800.0,0.0167,BID
1445647134,1800.0,0.0283,BID
1445647135,1799.99,0.65,ASK
1445647136,1799.99,0.65,ASK
1445647138,1799.99,0.65,ASK
1445647138,1800.0,0.5,BID
1445647138,1800.0,4.4717,BID
1445647138,1800.0,2.0,BID
1445647138,1800.0,1.0,BID
1445647138,1800.0,0.18,BID
1445647138,1800.0,0.3016,BID
1445647139,1799.99,0.65,ASK
1445647140,1799.99,0.4363,ASK
1445647142,1799.98,0.2137,BID
1445647142,1799.98,0.2863,BID
1445647143,1799.98,0.001,BID
1445647143,1799.98,0.2137,BID
1445647143,1799.98,0.013,BID
1445647144,1799.98,0.136,BID
1445647145,1800.0,0.5,BID
1445647149,1800.0,0.5,BID
1445647150,1800.0,0.5556,BID
1445647151,1800.0,0.5556,BID
1445647152,1800.0,0.3872,BID
1445647152,1800.0,0.1684,BID
1445647153,1800.0,0.5,BID
1445647153,1800.0,0.3316,BID
1445647153,1800.0,0.1,BID
1445647153,1800.0,0.124,BID
1445647154,1800.0,0.1141,BID
1445647154,1800.0,0.4415,BID
1445647155,1800.0,0.5556,BID
1445647156,1800.0,0.5556,BID
1445647157,1800.0,0.5,BID
1445647157,1800.0,0.84,BID
1445647157,1800.0,0.5556,BID
1445647161,1800.0,0.36,BID
1445647162,1800.0,0.5,BID
1445647162,1800.0,0.0812,BID
1445647162,1799.99,0.4196,ASK
1445647162,1799.99,0.3637,ASK
1445647162,1799.98,1.0,ASK
1445647163,1799.9,0.05,BID
1445647163,1799.9,0.0812,BID
1445647165,1799.9,0.09,BID
1445647166,1799.9,0.5,BID
1445647168,1799.9,0.175,BID
1445647168,1799.9,5.6433,BID
1445647168,1799.99,0.05,BID
1445647168,1800.0,0.7186,BID
1445647170,1800.0,0.5,BID
1445647174,1800.0,0.3919,BID
1445647174,1800.0,0.1081,BID
1445647174,1800.0,0.8919,BID
1445647174,1800.0,0.085,BID
1445647174,1800.0,1.3648,BID
1445647174,1800.0,2.6583,BID
1445647177,1800.0,0.5,BID
1445647178,1800.0,0.024,BID
1445647181,1800.0,0.5,BID
1445647184,1800.0,0.9,BID
1445647188,1800.0,0.984,BID
1445647191,1800.0,0.922,BID
1445647192,1800.0,0.5117,BID
1445647192,1800.0,0.001,BID
1445647192,1800.0,7.7645,BID
1445647192,1800.0,0.2228,BID
1445647195,1800.0,0.01,BID
1445647206,1800.0,0.37,BID
1445647206,1800.0,0.555,BID
1445647207,1800.0,0.02,BID
1445647208,1800.0,0.8222,BID
1445647208,1800.0,0.25,BID
1445647208,1800.0,0.9151,BID
1445647208,1800.0,1.4529,BID
1445647208,1800.0,2.092,BID
1445647208,1800.0,3.2683,BID
1445647208,1800.0,5.3016,BID
1445647208,1800.0,0.01,BID
1445647208,1800.0,5.8879,BID
1445647209,1800.0,1.0,BID
1445647211,1800.0,0.01,BID
1445647215,1800.0,0.03,BID
1445647218,1800.0,0.032,BID
1445647223,1799.99,0.0785,BID
1445647223,1800.0,0.8235,BID
1445647229,1800.0,0.427,BID
1445647232,1799.87,0.0108,ASK
1445647232,1799.86,0.2164,ASK
1445647232,1799.85,0.0785,ASK
1445647232,1799.84,0.0771,ASK
1445647232,1799.82,0.0604,ASK
1445647232,1799.81,0.0166,ASK
1445647232,1799.7,0.06,ASK
1445647232,1798.68,0.03,ASK
1445647232,1798.68,0.525,ASK
1445647232,1798.67,0.6,ASK
1445647232,1798.67,0.2509,ASK
1445647232,1798.66,0.184,ASK
1445647236,1799.85,0.03,BID
1445647239,1799.84,0.1754,BID
1445647239,1799.85,0.0406,BID
1445647243,1799.85,0.02,BID
1445647247,1799.84,0.06,BID
1445647249,1799.84,0.06,BID
1445647249,1799.84,0.124,BID
1445647249,1799.85,0.06,BID
1445647250,1799.85,0.06,BID
1445647252,1799.85,0.0058,BID
1445647252,1799.85,0.0142,BID
1445647254,1799.84,0.6125,BID
1445647254,1799.85,9.7666,BID
1445647256,1799.85,0.6125,BID
1445647256,1799.85,0.02,BID
1445647260,1799.83,0.026,BID
1445647264,1799.83,0.01,BID
1445647267,1799.83,0.01,BID
1445647267,1799.83,0.0707,BID
1445647267,1799.84,0.0093,BID
1445647270,1799.84,0.0413,BID
1445647270,1799.84,0.5587,BID
1445647273,1799.84,0.0413,BID
1445647275,1799.84,0.041,BID
1445647275,1799.84,0.0674,BID
1445647275,1799.85,0.4613,BID
1445647276,1799.85,0.1084,BID
1445647280,1799.85,0.633,BID
1445647282,1799.85,0.9643,BID
1445647287,1799.99,0.02,BID
1445647291,1799.99,0.163,BID
1445647296,1799.99,0.0003,BID
1445647296,1800.0,0.9797,BID
1445647299,1800.0,0.02,BID
1445647302,1800.0,1.641,BID
1445647303,1800.0,0.4463,BID
1445647305,1800.0,0.01,BID
1445647309,1799.99,0.123,BID
1445647311,1799.85,0.1111,ASK
1445647311,1799.76,0.58,BID
1445647312,1799.76,0.25,BID
1445647312,1799.76,0.8005,BID
1445647314,1799.76,1.2095,BID
1445647315,1799.76,0.013,BID
1445647316,1799.76,0.08,BID
1445647317,1799.76,0.6,BID
1445647318,1799.76,0.7505,BID
1445647319,1799.76,0.03,BID
1445647320,1799.76,0.01,BID
1445647321,1799.76,0.7,BID
1445647322,1799.76,1.5,BID
1445647323,1799.76,0.6154,BID
1445647323,1799.84,0.0846,BID
1445647324,1799.84,0.01,BID
1445647328,1799.75,0.0427,BID
1445647328,1799.84,0.0165,BID
1445647328,1799.99,0.5562,BID
1445647329,1799.99,0.016,BID
1445647330,1799.99,0.2,BID
1445647332,1799.99,0.0283,BID
1445647332,1800.0,0.1997,BID
1445647334,1800.0,0.013,BID
1445647334,1798.86,0.0427,ASK
1445647335,1798.79,0.0402,BID
1445647335,1798.79,0.01,BID
1445647335,1798.79,1.902,BID
1445647338,1798.79,0.7,BID
1445647338,1798.79,2.0,BID
1445647339,1798.79,0.1112,BID
1445647339,1798.79,0.3939,BID
1445647339,1799.99,0.4421,BID
1445647342,1799.99,0.859,BID
1445647343,1799.98,0.0402,BID
1445647343,1799.99,0.1989,BID
1445647343,1800.0,0.8188,BID
1445647344,1800.0,0.1989,BID
1445647345,1800.0,1.0383,BID
1445647347,1800.0,0.6894,BID
1445647350,1800.0,0.1,BID
1445647351,1800.0,0.7,BID
1445647354,1800.0,0.6,BID
1445647355,1800.0,1.0,BID
1445647357,1800.0,0.1124,BID
1445647359,1800.0,1.1876,BID
1445647359,1800.0,0.667,BID
1445647360,1800.0,0.2052,BID
1445647361,1800.0,0.5876,BID
1445647363,1800.0,0.3824,BID
1445647364,1800.0,0.011,BID
1445647364,1800.0,0.01,BID
1445647366,1800.0,0.09,BID
1445647368,1800.0,0.2,BID
1445647370,1800.0,0.495,BID
1445647371,1800.0,0.714,BID
1445647375,1800.0,0.2034,BID
1445647376,1800.0,0.2034,BID
1445647377,1800.0,0.4,BID
1445647378,1800.0,0.165,BID
1445647378,1800.0,0.07,BID
1445647379,1800.0,0.2,BID
1445647381,1800.0,0.33,BID
1445647382,1800.0,0.613,BID
1445647383,1800.0,0.13,BID
1445647383,1800.0,1.18,BID
1445647384,1800.0,0.2644,BID
1445647386,1799.99,0.022,BID
1445647386,1799.99,0.1033,BID
1445647388,1799.99,0.18,BID
1445647389,1799.99,0.0626,BID
1445647389,1800.0,1.1174,BID
1445647390,1800.0,0.2426,BID
1445647390,1800.0,0.367,BID
1445647391,1800.0,0.5,BID
1445647393,1800.0,1.2024,BID
1445647393,1800.0,1.18,BID
1445647394,1800.0,0.94,BID
1445647395,1800.0,0.4728,BID
1445647395,1800.0,0.15,BID
1445647395,1800.0,1.9572,BID
1445647396,1800.0,0.0428,BID
1445647396,1800.0,0.3872,BID
1445647396,1800.0,0.5128,BID
1445647396,1800.0,1.4872,BID
1445647397,1800.0,1.2741,BID
1445647397,1800.0,0.01,BID
1445647397,1800.0,0.2287,BID
1445647397,1800.0,0.1463,BID
1445647400,1800.0,0.05,BID
1445647401,1800.0,3.271,BID
1445647402,1800.0,0.06,BID
1445647403,1800.0,0.5423,BID
1445647404,1800.0,2.0,BID
1445647404,1800.0,0.2,BID
1445647406,1800.0,0.18,BID
1445647407,1800.0,5.82,BID
1445647408,1800.0,0.55,BID
1445647408,1800.0,0.619,BID
1445647409,1799.77,0.0225,ASK
1445647410,1799.77,1.0,BID
1445647410,1799.77,0.07,BID
1445647410,1799.77,0.1,BID
1445647410,1799.76,0.0225,ASK
1445647411,1799.77,3.3485,BID
1445647411,1799.99,0.0225,BID
1445647411,1800.0,1.1475,BID
1445647413,1800.0,0.4139,BID
1445647413,1800.0,0.1861,BID
1445647414,1800.0,0.644,BID
1445647414,1800.0,2.4801,BID
1445647415,1800.0,0.34,BID
1445647416,1800.0,1.547,BID
1445647417,1800.0,0.0225,BID
1445647417,1800.0,0.033,BID
1445647419,1800.0,0.093,BID
1445647419,1800.0,0.09,BID
1445647420,1800.0,0.1,BID
1445647420,1800.0,0.057,BID
1445647421,1800.0,5.0,BID
1445647421,1800.0,0.0199,BID
1445647423,1800.0,2.362,BID
1445647425,1800.0,2.4802,BID
1445647425,1800.0,0.8951,BID
1445647425,1800.0,15.7258,BID
1445647426,1800.0,0.5951,BID
1445647427,1799.82,0.0402,ASK
1445647427,1799.81,0.075,ASK
1445647427,1799.81,3.0,ASK
1445647427,1799.8,0.4677,ASK
1445647427,1800.0,1.214,BID
1445647428,1799.82,0.075,ASK
1445647429,1799.99,0.075,BID
1445647429,1800.0,0.2299,BID
1445647430,1800.0,0.061,BID
1445647430,1799.99,0.0402,BID
1445647430,1800.0,0.0348,BID
1445647431,1800.0,0.021,BID
1445647432,1800.0,0.7947,BID
1445647434,1799.99,0.075,BID
1445647434,1800.0,0.3903,BID
1445647434,1800.0,2.4803,BID
1445647434,1800.0,0.05,BID
1445647436,1800.0,3.3333,BID
1445647437,1800.0,0.075,BID
1445647437,1800.0,0.5547,BID
1445647440,1800.0,1.0443,BID
1445647441,1799.99,0.0627,BID
1445647441,1800.0,0.1063,BID
1445647441,1800.0,0.16,BID
1445647442,1800.0,0.5,BID
1445647443,1800.0,0.5,BID
1445647444,1800.0,0.05,BID
1445647445,1800.0,0.03,BID
1445647446,1800.0,2.4804,BID
1445647447,1800.0,3.0,BID
1445647447,1800.0,6.57,BID
1445647447,1800.0,5.0,BID
1445647448,1800.0,0.8397,BID
1445647450,1800.0,4.907,BID
1445647450,1800.0,2.2,BID
1445647455,1799.99,0.141,BID
1445647460,1799.99,0.3267,BID
1445647460,1800.0,0.7025,BID
1445647460,1800.0,0.8513,BID
1445647464,1800.0,0.0632,BID
1445647464,1800.0,0.2628,BID
1445647466,1800.0,3.7372,BID
1445647466,1800.0,14.2291,BID
1445647467,1800.0,0.079,BID
1445647472,1800.0,0.02,BID
1445647484,1800.0,0.1,BID
1445647493,1800.0,0.1,BID
1445647502,1800.0,0.01,BID
1445647504,1799.86,0.075,ASK
1445647504,1799.85,1.105,ASK
1445647505,1799.85,0.075,ASK
1445647507,1799.86,0.0197,ASK
1445647507,1799.85,0.32,ASK
1445647507,1799.82,0.0627,ASK
1445647507,1799.79,0.0106,ASK
1445647507,1799.78,0.2129,ASK
1445647507,1799.7,0.06,ASK
1445647507,1799.26,0.7,ASK
1445647507,1798.78,0.6,ASK
1445647507,1798.78,0.5941,ASK
1445647509,1799.84,0.075,BID
1445647511,1799.84,0.1,BID
1445647512,1799.84,0.145,BID
1445647512,1799.99,0.1,BID
1445647516,1799.98,0.7,BID
1445647516,1799.99,0.4941,BID
1445647516,1800.0,1.4619,BID
1445647516,1800.0,5.37,BID
1445647516,1800.0,0.4164,BID
1445647516,1800.0,30.446,BID
1445647517,1799.98,0.06,BID
1445647517,1800.0,0.64,BID
1445647520,1799.83,0.2297,BID
1445647520,1799.99,0.6,BID
1445647520,1800.0,7.3569,BID
1445647522,1800.0,0.017,BID
1445647526,1799.83,0.038,ASK
1445647527,1799.98,0.149,BID
1445647527,1799.83,0.062,ASK
1445647528,1799.82,0.038,BID
1445647528,1799.98,0.357,BID
1445647534,1799.98,0.044,BID
1445647536,1799.98,1.1758,BID
1445647536,1799.99,0.8242,BID
1445647540,1799.99,0.276,BID
1445647544,1799.99,0.153,BID
1445647547,1799.99,0.2468,BID
1445647547,1800.0,0.1522,BID
1445647549,1800.0,6.6667,BID
1445647554,1800.0,0.71,BID
1445647557,1800.0,0.1,BID
1445647557,1799.99,0.055,ASK
1445647557,1799.98,0.1,ASK
1445647557,1799.98,1.0,ASK
1445647557,1799.7,0.025,ASK
1445647558,1799.7,0.035,ASK
1445647558,1799.32,0.03,ASK
1445647558,1799.31,0.6,ASK
1445647558,1799.31,0.035,ASK
1445647558,1799.25,1.3,ASK
1445647558,1799.32,0.7,ASK
1445647558,1799.25,2.6971,ASK
1445647558,1798.83,0.9885,ASK
1445647558,1799.27,19.106,ASK
1445647559,1799.26,0.1999,ASK
1445647559,1798.83,1.8001,ASK
1445647559,1798.83,1.18,ASK
1445647559,1799.99,0.015,BID
1445647560,1799.72,9.0,ASK
1445647560,1799.72,17.085,ASK
1445647561,1799.71,0.0402,ASK
1445647561,1798.83,1.8434,ASK
1445647561,1798.82,0.1164,ASK
1445647564,1799.99,0.01,BID
1445647566,1799.99,0.01,BID
1445647566,1799.99,0.03,BID
1445647566,1799.99,0.06,BID
1445647576,1799.95,0.06,BID
1445647576,1799.96,0.04,BID
1445647576,1799.96,0.01,BID
1445647580,1799.94,0.0402,BID
1445647580,1799.95,0.0258,BID
1445647582,1799.95,0.6742,BID
1445647582,1799.95,0.1164,BID
1445647582,1799.97,4.1129,BID
1445647586,1799.94,0.1,BID
1445647589,1799.94,0.05,BID
1445647595,1799.94,0.45,BID
1445647599,1799.96,0.085,BID
1445647605,1800.0,1.702,BID
1445647618,1799.94,0.001,BID
1445647618,1799.99,0.013,BID
1445647624,1799.99,0.0003,BID
1445647624,1799.99,0.1647,BID
1445647628,1799.99,0.0005,BID
1445647628,1800.0,0.1505,BID
1445647633,1799.98,0.0019,BID
1445647633,1800.0,1.4491,BID
1445647637,1800.0,1.5096,BID
1445647637,1800.0,3.4904,BID
1445647645,1799.99,0.015,BID
1445647646,1799.9,0.1,BID
1445647648,1799.9,0.013,BID
1445647652,1799.9,0.037,BID
1445647652,1800.0,3.872,BID
1445647655,1800.0,3.5243,BID
1445647655,1800.0,0.2399,BID
1445647655,1800.0,0.101,BID
1445647655,1800.0,1.1348,BID
1445647655,1800.0,0.1,BID
1445647670,1800.0,1.1908,BID
1445647670,1800.0,0.7162,BID
1445647670,1800.0,0.1,BID
1445647673,1799.52,10.334,BID
1445647681,1800.0,0.1,BID
1445647689,1799.99,0.0234,BID
1445647690,1800.0,0.023,BID
1445647693,1800.0,0.1,BID
1445647694,1800.0,1.18,BID
1445647694,1800.0,0.1068,BID
1445647694,1800.0,1.5,BID
1445647694,1800.0,0.3932,BID
1445647696,1800.0,2.58,BID
1445647696,1800.0,0.023,BID
1445647697,1800.0,1.18,BID
1445647700,1800.0,1.18,BID
1445647701,1800.0,2.0,BID
1445647704,1800.0,3.6438,BID
1445647704,1800.0,0.4002,BID
1445647705,1800.0,0.001,BID
1445647707,1800.0,0.1,BID
1445647710,1800.0,2.0,BID
1445647712,1800.0,2.066,BID
1445647715,1800.0,0.4328,BID
1445647715,1800.0,0.1,BID
1445647715,1800.0,0.121,BID
1445647715,1800.0,1.0112,BID
1445647715,1799.99,0.0149,ASK
1445647717,1800.0,2.6043,BID
1445647717,1800.0,7.3957,BID
1445647718,1800.0,0.1,BID
1445647719,1800.0,0.781,BID
1445647723,1800.0,1.5233,BID
1445647723,1800.0,3.1577,BID
1445647727,1800.0,0.122,BID
1445647728,1800.0,0.1,BID
1445647731,1800.0,1.0,BID
1445647732,1800.0,2.4806,BID
1445647735,1800.0,0.6261,BID
1445647735,1800.0,2.8,BID
1445647735,1800.0,5.0,BID
1445647735,1800.0,3.0,BID
1445647735,1800.0,1.5271,BID
1445647736,1800.0,1.545,BID
1445647738,1800.0,0.8624,BID
1445647738,1800.0,6.7695,BID
1445647738,1800.0,0.1,BID
1445647738,1800.0,3.4,BID
1445647738,1800.0,11.87,BID
1445647738,1800.0,7.8605,BID
1445647740,1800.0,16.7165,BID
1445647740,1800.0,2.1152,BID
1445647740,1800.0,1.1683,BID
1445647741,1800.0,0.1,BID
1445647741,1800.0,1.8,BID
1445647742,1799.99,0.0729,ASK
1445647742,1799.99,5.9064,BID
1445647742,1800.0,15.609,BID
1445647742,1800.0,0.18,BID
1445647742,1800.0,0.001,BID
1445647742,1800.0,0.008,BID
1445647742,1800.0,5.0,BID
1445647742,1800.0,0.48,BID
1445647742,1800.0,39.0,BID
1445647742,1800.0,3.1,BID
1445647742,1800.0,3.3334,BID
1445647742,1800.0,11.2574,BID
1445647742,1800.0,9.0,BID
1445647742,1800.0,22.0,BID
1445647742,1800.0,0.001,BID
1445647742,1800.0,0.002,BID
1445647742,1800.0,0.2632,BID
1445647742,1800.0,11.9,BID
1445647742,1800.0,0.015,BID
1445647742,1800.0,0.399,BID
1445647742,1800.0,1.27,BID
1445647742,1800.0,3.0,BID
1445647742,1800.0,0.11,BID
1445647743,1800.01,2.0,BID
1445647743,1800.01,6.302,BID
1445647743,1800.0,0.0729,ASK
1445647743,1800.0,10.0,ASK
1445647743,1800.14,13.908,ASK
1445647750,1800.15,0.03,BID
1445647754,1800.01,1.1679,ASK
1445647754,1800.01,0.7,ASK
1445647754,1800.0,3.1321,ASK
1445647755,1800.15,0.1,BID
1445647755,1800.01,0.6,ASK
1445647755,1800.0,0.05,ASK
1445647755,1800.14,0.01,BID
1445647756,1800.14,0.1729,BID
1445647758,1800.14,0.3231,BID
1445647758,1800.15,0.1729,BID
1445647759,1800.15,0.3231,BID
1445647760,1800.15,5.7727,BID
1445647760,1800.01,0.1347,ASK
1445647760,1800.01,0.1754,ASK
1445647760,1800.01,0.0404,ASK
1445647760,1800.0,4.6405,ASK
1445647761,1800.14,0.1754,ASK
1445647761,1800.14,0.1347,ASK
1445647761,1800.14,0.0404,ASK
1445647763,1800.15,0.02,BID
1445647765,1800.15,3.7313,BID
1445647765,1800.19,1.6522,BID
1445647766,1800.18,0.027,BID
1445647769,1800.18,0.1192,BID
1445647769,1800.19,0.6753,BID
1445647770,1800.19,2.249,BID
1445647770,1800.2,0.001,BID
1445647770,1800.33,0.002,BID
1445647770,1800.37,0.025,BID
1445647775,1800.37,0.077,BID
1445647778,1800.37,0.0008,BID
1445647778,1800.57,0.0017,BID
1445647778,1800.61,0.001,BID
1445647778,1800.63,0.001,BID
1445647778,1800.68,0.001,BID
1445647778,1800.72,0.001,BID
1445647778,1800.72,0.0035,BID
1445647780,1800.72,0.0266,BID
1445647780,1800.73,0.001,BID
1445647780,1800.73,0.001,BID
1445647780,1800.73,0.6,BID
1445647780,1800.74,0.001,BID
1445647780,1800.74,0.001,BID
1445647780,1800.74,0.001,BID
1445647780,1800.74,0.067,BID
1445647780,1800.75,1.3395,BID
1445647780,1800.77,0.001,BID
1445647780,1800.78,0.001,BID
1445647780,1800.78,0.001,BID
1445647780,1800.8,0.035,BID
1445647780,1800.82,1.0,BID
1445647780,1800.83,6.001,BID
1445647780,1800.98,0.1,BID
1445647780,1801.0,0.01,BID
1445647781,1801.0,0.7,ASK
1445647785,1801.05,0.004,BID
1445647808,1801.98,0.1,BID
1445647812,1801.02,0.0402,ASK
1445647812,1801.01,0.0066,ASK
1445647812,1800.23,0.0532,ASK
1445647814,1801.97,0.0066,BID
1445647814,1801.99,0.0934,BID
1445647820,1801.99,0.1,BID
1445647824,1801.98,0.0402,BID
1445647824,1801.99,0.1902,BID
1445647824,1802.0,0.2905,BID
1445647829,1800.49,0.06,ASK
1445647829,1800.49,9.4931,ASK
1445647829,1800.48,0.002,ASK
1445647829,1800.38,0.0038,ASK
1445647829,1800.38,0.0038,ASK
1445647829,1800.38,0.0736,ASK
1445647829,1800.38,0.7,ASK
1445647829,1800.37,1.471,ASK
1445647829,1800.25,0.2197,ASK
1445647829,1801.98,0.0038,BID
1445647829,1801.99,0.0962,BID
1445647831,1800.54,8.0,ASK
1445647831,1800.54,12.183,ASK
1445647832,1801.98,0.0736,BID
1445647832,1801.99,1.6096,BID
1445647832,1801.99,9.4931,BID
1445647837,1801.99,2.0,ASK
1445647837,1801.99,2.58,ASK
1445647837,1801.99,0.7,ASK
1445647838,1801.99,0.65,ASK
1445647838,1801.99,0.6519,ASK
1445647838,1800.54,0.0247,ASK
1445647838,1800.53,0.4936,ASK
1445647838,1800.53,0.0278,ASK
1445647838,1800.53,0.802,ASK
1445647838,1802.0,0.5623,BID
1445647838,1802.0,0.05,BID
1445647838,1802.0,1.8678,BID
1445647839,1801.98,0.65,BID
1445647841,1801.99,0.2729,ASK
1445647842,1801.99,0.3073,ASK
1445647842,1801.98,0.1,BID
1445647847,1801.97,0.06,BID
1445647847,1801.98,0.1729,BID
1445647847,1801.98,0.5802,BID
1445647847,1801.99,0.6869,BID
1445647847,1801.99,0.1151,BID
1445647847,1802.0,0.5344,BID
1445647847,1802.0,0.172,BID
1445647848,1802.0,2.4802,BID
1445647853,1801.99,0.1,BID
1445647858,1801.99,0.3936,BID
1445647858,1801.99,0.0202,BID
1445647858,1802.0,0.9665,BID
1445647861,1802.0,0.01,BID
1445647866,1802.0,0.1,BID
1445647867,1802.0,1.142,BID
1445647876,1801.57,0.007,BID
1445647876,1802.0,0.013,BID
1445647877,1802.0,0.1,BID
1445647877,1802.0,1.5593,BID
1445647877,1802.0,2.0396,BID
1445647881,1802.0,0.988,BID
1445647882,1802.0,0.5549,BID
1445647883,1802.0,0.5549,BID
1445647884,1802.0,0.5549,BID
1445647885,1802.0,0.2112,BID
1445647886,1802.16,0.007,BID
1445647886,1802.52,0.002,BID
1445647886,1802.98,0.041,BID
1445647890,1802.98,0.059,BID
1445647890,1803.0,0.01,BID
1445647890,1803.0,0.031,BID
1445647891,1802.76,0.0132,ASK
1445647891,1802.02,0.0172,ASK
1445647891,1802.02,0.0402,ASK
1445647891,1802.01,0.3437,ASK
1445647891,1802.01,0.0338,ASK
1445647891,1802.01,0.0802,ASK
1445647891,1802.0,1.4717,ASK
1445647892,1803.0,0.211,BID
1445647894,1802.01,0.001,ASK
1445647895,1800.88,0.001,ASK
1445647896,1802.98,0.0402,BID
1445647896,1802.99,0.0338,BID
1445647896,1802.99,0.0802,BID
1445647896,1802.99,0.0172,BID
1445647896,1803.0,2.9913,BID
1445647897,1802.99,0.001,BID
1445647897,1803.0,0.016,BID
1445647899,1803.0,0.1,BID
1445647901,1803.0,0.093,BID
1445647904,1803.0,0.08,BID
1445647905,1803.0,3.8824,BID
1445647906,1802.04,0.06,ASK
1445647906,1802.01,0.0277,ASK
1445647906,1802.01,0.0412,ASK
1445647906,1802.01,0.1282,ASK
1445647906,1802.0,12.5039,ASK
1445647907,1802.99,0.0277,BID
1445647907,1803.0,0.1523,BID
1445647909,1802.01,0.001,ASK
1445647909,1802.99,0.1282,BID
1445647909,1803.0,10.963,BID
1445647909,1803.01,4.0203,BID
1445647909,1803.24,0.004,BID
1445647909,1803.5,0.355,BID
1445647909,1803.98,0.1,BID
1445647909,1804.0,2.6895,BID
1445647916,1803.99,0.028,ASK
1445647918,1803.98,0.028,BID
1445647918,1803.99,0.032,BID
1445647918,1803.99,0.04,BID
1445647919,1804.0,5.0,BID
1445647927,1803.99,0.0947,BID
1445647927,1804.0,0.4743,BID
1445647927,1804.0,1.8362,BID
1445647927,1804.0,0.1,BID
1445647927,1804.27,4.0859,BID
1445647927,1804.69,0.008,BID
1445647927,1804.98,0.1,BID
1445647927,1805.0,1.0,BID
1445647927,1805.0,1.0,BID
1445647927,1805.0,1.0221,BID
1445647927,1805.1,5.0697,BID
1445647927,1805.21,1.001,BID
1445647927,1805.23,0.5,BID
1445647927,1805.54,4.1327,BID
1445647927,1805.66,2.1444,BID
1445647928,1805.65,1.0,BID
1445647928,1805.65,11.0,BID
1445647928,1805.65,6.849,BID
1445647937,1805.66,1.815,BID
1445647938,1804.53,0.06,ASK
1445647938,1804.53,0.038,ASK
1445647940,1805.65,0.038,BID
1445647940,1805.66,0.562,BID
1445647941,1805.66,0.1,BID
1445647943,1805.66,5.0,BID
1445647946,1805.66,0.001,BID
1445647949,1805.66,1.294,BID
1445647952,1805.66,0.194,BID
1445647953,1805.66,0.1,BID
1445647956,1805.66,2.393,BID
1445647960,1805.66,0.08,BID
1445647963,1805.57,0.1015,ASK
1445647963,1805.56,0.18,ASK
1445647963,1805.55,1.0,ASK
1445647963,1804.57,0.0299,ASK
1445647963,1804.57,0.6886,ASK
1445647964,1804.57,0.0114,ASK
1445647964,1804.56,0.1496,ASK
1445647964,1805.65,0.02,BID
1445647968,1805.56,0.07,BID
1445647968,1805.56,0.0315,BID
1445647968,1805.65,0.0099,BID
1445647968,1805.66,0.0586,BID
1445647968,1805.66,10.0,BID
1445647972,1805.55,0.14,BID
1445647976,1805.54,0.06,BID
1445647976,1805.55,0.0007,BID
1445647976,1805.63,0.1506,BID
1445647976,1805.64,0.7,BID
1445647976,1805.66,10.3946,BID
1445647977,1805.71,13.623,BID
1445647979,1805.7,3.6941,ASK
1445647980,1805.75,0.01,BID
1445647981,1805.66,0.0351,ASK
1445647982,1805.66,0.65,ASK
1445647983,1805.66,0.3149,ASK
1445647985,1805.65,0.01,BID
1445647991,1805.65,0.1,BID
1445647992,1805.65,0.02,BID
1445647995,1805.65,0.1,BID
1445648001,1805.65,0.1,BID
1445648009,1805.65,0.0051,BID
1445648009,1805.65,0.65,BID
1445648009,1805.69,0.3449,BID
1445648009,1805.69,0.3051,BID
1445648009,1805.8,0.3499,BID
1445648012,1805.65,0.1,ASK
1445648012,1805.02,0.0302,ASK
1445648012,1805.02,0.06,ASK
1445648012,1805.02,0.0401,ASK
1445648012,1805.02,0.7,ASK
1445648012,1805.01,0.2497,ASK
1445648015,1805.01,0.3483,ASK
1445648015,1805.01,0.1002,ASK
1445648015,1805.0,0.7315,ASK
1445648019,1805.01,0.0492,ASK
1445648019,1805.01,0.0174,ASK
1445648019,1805.0,1.1134,ASK
1445648021,1805.77,0.06,BID
1445648021,1805.78,0.04,BID
1445648022,1805.02,0.0786,ASK
1445648022,1805.0,2.9214,ASK
1445648032,1805.77,0.0786,BID
1445648032,1805.79,0.0214,BID
1445648039,1805.03,0.04,ASK
1445648039,1805.02,0.0166,ASK
1445648039,1805.02,0.06,ASK
1445648039,1805.02,0.0134,ASK
1445648039,1805.01,0.6,ASK
1445648039,1805.01,0.0281,ASK
1445648039,1805.0,2.2419,ASK
1445648041,1805.78,0.025,BID
1445648041,1805.79,0.075,BID
1445648045,1805.77,0.001,BID
1445648053,1805.77,0.06,BID
1445648053,1805.79,0.0223,BID
1445648053,1805.8,0.0177,BID
1445648064,1805.75,0.0109,BID
1445648064,1805.79,0.0215,BID
1445648064,1805.8,0.0176,BID
1445648069,1805.8,0.1,BID
1445648078,1805.79,0.0156,BID
1445648078,1805.79,0.0391,BID
1445648078,1805.8,0.0453,BID
1445648088,1805.79,0.1,BID
1445648091,1805.79,0.7624,BID
1445648091,1805.8,0.2662,BID
1445648091,1805.8,0.2714,BID
1445648091,1805.76,0.0831,ASK
1445648091,1805.75,1.6617,ASK
1445648091,1805.7,0.025,ASK
1445648091,1805.7,0.089,ASK
1445648091,1805.69,5.0,ASK
1445648091,1805.67,0.002,ASK
1445648091,1805.5,0.06,ASK
1445648091,1805.1,0.0109,ASK
1445648092,1805.1,0.5538,BID
1445648095,1805.0,8.6918,ASK
1445648102,1804.98,0.06,BID
1445648102,1804.99,0.04,BID
1445648107,1804.6,0.0943,ASK
1445648107,1804.59,0.0351,ASK
1445648107,1804.58,0.1407,ASK
1445648107,1804.52,0.1542,ASK
1445648107,1804.5,6.343,ASK
1445648109,1804.5,8.657,ASK
1445648109,1804.28,0.5,ASK
1445648109,1804.16,0.0027,ASK
1445648109,1804.0,0.1,ASK
1445648109,1804.0,18.3359,ASK
1445648109,1804.0,2.882,ASK
1445648109,1804.0,0.0402,BID
1445648110,1804.0,0.06,BID
1445648112,1804.0,0.1,BID
1445648123,1803.98,0.1,BID
1445648134,1803.96,0.1,BID
1445648143,1803.95,0.0093,BID
1445648144,1803.96,0.06,ASK
1445648146,1803.96,0.0307,ASK
1445648146,1803.07,0.0234,ASK
1445648146,1803.06,0.0093,ASK
1445648146,1803.05,0.7,ASK
1445648146,1803.05,0.0559,ASK
1445648146,1803.04,3.0,ASK
1445648146,1803.04,0.0409,ASK
1445648146,1803.03,0.0882,ASK
1445648146,1803.02,4.0745,ASK
1445648148,1803.0,9.4882,BID
1445648151,1802.99,0.598,BID
1445648151,1803.0,3.3745,BID
1445648153,1803.0,1.355,BID
1445648160,1802.98,0.3,BID
1445648164,1802.98,0.001,BID
1445648164,1802.98,0.1,BID
1445648166,1802.98,0.199,BID
1445648166,1802.98,0.0548,BID
1445648166,1802.99,0.1002,BID
1445648175,1802.9,0.02,BID
1445648178,1802.5,4.4912,BID
1445648179,1802.5,2.0,BID
1445648181,1802.49,0.01,BID
1445648183,1802.5,0.1,BID
1445648186,1802.49,0.01,BID
1445648189,1802.49,0.03,BID
1445648193,1802.48,0.0202,BID
1445648193,1802.49,0.0798,BID
1445648197,1802.49,0.01,BID
1445648201,1802.0,0.255,BID
1445648202,1802.0,0.9752,BID
1445648207,1802.49,0.121,BID
1445648208,1802.01,0.5549,ASK
1445648208,1802.01,0.06,ASK
1445648208,1802.0,0.0402,BID
1445648210,1802.0,0.02,BID
1445648212,1802.0,4.3761,BID
1445648213,1802.0,0.5549,BID
1445648215,1802.0,2.0,BID
1445648215,1801.84,0.0656,ASK
1445648215,1801.83,0.0344,ASK
1445648215,1802.0,0.5549,BID
1445648216,1802.0,0.075,BID
1445648216,1802.0,0.5549,BID
1445648217,1802.0,0.5549,BID
1445648218,1802.0,0.9,BID
1445648219,1802.0,1.18,BID
1445648220,1802.0,2.0,BID
1445648227,1801.98,0.035,BID
1445648227,1801.99,0.7,BID
1445648227,1801.99,0.3114,BID
1445648227,1802.0,5.4536,BID
1445648230,1801.85,0.1,ASK
1445648230,1801.99,0.1075,BID
1445648230,1802.0,0.0605,BID
1445648231,1801.85,0.0075,ASK
1445648232,1801.83,0.0612,ASK
1445648232,1801.82,0.0388,ASK
1445648233,1801.84,0.044,BID
1445648238,1801.84,0.05,BID
1445648239,1801.84,0.004,BID
1445648239,1801.84,0.002,BID
1445648240,1801.86,15.0,BID
1445648240,1801.86,2.0,BID
1445648240,1801.86,2.81,BID
1445648241,1801.99,0.014,BID
1445648244,1801.99,0.2452,BID
1445648244,1802.0,0.0138,BID
1445648249,1802.0,0.01,BID
1445648252,1802.0,5.0,BID
1445648255,1801.86,0.1546,ASK
1445648255,1801.85,0.0626,ASK
1445648258,1801.84,0.0626,BID
1445648258,1801.85,0.0374,BID
1445648263,1801.85,0.155,BID
1445648264,1801.85,0.056,BID
1445648265,1801.85,0.056,BID
1445648265,1801.83,8.325,BID
1445648272,1801.85,0.121,BID
1445648274,1801.85,0.1181,BID
1445648278,1801.98,0.118,BID
1445648284,1801.95,0.0152,BID
1445648284,1801.98,0.0148,BID
1445648287,1801.98,0.015,BID
1445648293,1801.98,0.35,BID
1445648294,1801.98,1.815,BID
1445648294,1801.98,7.738,BID
1445648294,1801.99,0.1546,BID
1445648296,1802.22,0.02,BID
1445648302,1802.21,0.0589,BID
1445648302,1802.21,0.0061,BID
1445648306,1802.2,0.044,BID
1445648311,1802.2,0.029,BID
1445648317,1802.2,0.0186,BID
1445648317,1802.21,0.0014,BID
1445648323,1802.18,0.0114,BID
1445648323,1802.21,0.2576,BID
1445648328,1802.21,0.0117,BID
1445648328,1802.33,0.0083,BID
1445648332,1802.33,0.01,BID
1445648338,1802.32,0.02,BID
1445648339,1802.32,0.0002,BID
1445648339,1802.33,0.05,BID
1445648339,1802.49,0.0656,BID
1445648339,1802.5,1.0642,BID
1445648341,1802.5,0.8819,BID
1445648343,1802.5,1.18,BID
1445648344,1802.5,1.3827,BID
1445648344,1802.96,0.1419,BID
1445648344,1803.0,0.1,BID
1445648344,1803.95,0.0907,BID
1445648344,1803.96,0.8647,BID
1445648362,1803.51,0.6,ASK
1445648362,1802.55,0.033,ASK
1445648362,1802.54,0.6,ASK
1445648362,1802.54,0.06,ASK
1445648362,1802.53,0.035,ASK
1445648362,1802.52,0.7,ASK
1445648362,1802.33,0.9658,BID
1445648362,1802.33,0.0402,BID
1445648373,1802.33,0.366,BID
1445648373,1802.53,0.06,BID
1445648389,1803.34,0.06,ASK
1445648389,1802.36,0.0348,ASK
1445648389,1802.35,0.7,ASK
1445648389,1802.34,0.0328,ASK
1445648389,1802.33,0.5185,ASK
1445648408,1802.98,0.551,BID
1445648412,1802.98,0.02,BID
1445648415,1802.97,0.209,BID
1445648416,1802.97,0.391,BID
1445648416,1802.98,0.129,BID
1445648418,1803.0,0.11,BID
1445648418,1802.99,0.06,ASK
1445648425,1803.0,5.0,BID
1445648426,1803.0,0.0973,BID
1445648427,1803.0,1.2,BID
1445648428,1802.99,0.42,ASK
1445648429,1802.98,1.5965,ASK
1445648429,1802.98,0.42,ASK
1445648430,1802.99,0.0132,BID
1445648430,1802.99,0.2668,BID
1445648430,1803.0,1.5332,BID
1445648431,1803.0,2.4806,BID
1445648432,1803.0,2.41,BID
1445648434,1803.0,0.42,BID
1445648435,1803.0,4.5506,BID
1445648435,1803.0,0.6,BID
1445648435,1803.0,2.41,BID
1445648436,1803.0,0.146,BID
1445648438,1803.0,0.01,BID
1445648438,1803.0,0.06,BID
1445648440,1803.0,0.05,BID
1445648441,1803.0,20.0,BID
1445648442,1803.0,5.2692,BID
1445648442,1803.0,5.0,BID
1445648443,1803.0,19.559,BID
1445648444,1803.0,0.02,BID
1445648445,1803.0,0.832,BID
1445648446,1803.0,0.01,BID
1445648448,1803.0,0.558,BID
1445648448,1803.0,0.5229,BID
1445648448,1803.04,0.0351,BID
1445648449,1803.04,0.1005,BID
1445648449,1803.05,0.9804,BID
1445648451,1803.05,0.129,BID
1445648451,1803.05,0.02,BID
1445648455,1803.05,0.03,BID
1445648456,1803.05,0.03,BID
1445648458,1803.05,0.461,BID
1445648459,1803.05,0.026,BID
1445648461,1803.05,5.3943,BID
1445648461,1803.05,0.02,BID
1445648462,1803.05,0.01,BID
1445648464,1803.05,0.581,BID
1445648467,1803.05,0.581,BID
1445648469,1803.05,0.08,BID
1445648471,1803.05,0.05,BID
1445648471,1802.99,0.1539,ASK
1445648471,1802.98,1.8461,ASK
1445648471,1802.98,1.2316,ASK
1445648471,1802.75,0.06,ASK
1445648471,1802.43,0.0318,ASK
1445648471,1802.42,0.6,ASK
1445648471,1802.42,0.035,ASK
1445648471,1802.41,0.6216,ASK
1445648472,1802.33,0.3015,ASK
1445648472,1802.21,0.8785,ASK
1445648472,1803.05,0.01,BID
1445648472,1802.99,0.1539,ASK
1445648472,1803.03,7.0,ASK
1445648472,1803.03,4.742,ASK
1445648473,1803.0,0.1539,ASK
1445648473,1803.01,4.099,ASK
1445648474,1803.0,2.0,ASK
1445648474,1803.04,0.035,BID
1445648474,1803.04,0.0318,BID
1445648474,1803.04,0.0536,BID
1445648474,1803.05,2.4073,BID
1445648475,1804.97,4.0,BID
1445648475,1804.97,1.0,BID
1445648475,1804.97,26.397,BID
1445648475,1803.05,0.65,ASK
1445648476,1803.3,0.06,BID
1445648476,1804.99,0.0068,BID
1445648477,1804.97,0.037,BID
1445648480,1804.96,0.0402,BID
1445648481,1804.96,0.02,BID
1445648483,1804.97,0.03,BID
1445648484,1804.95,0.046,BID
1445648486,1804.95,0.247,BID
1445648488,1804.95,0.3286,BID
1445648488,1804.96,0.2494,BID
1445648488,1804.96,0.3286,BID
1445648489,1804.94,0.0032,BID
1445648489,1804.96,0.0428,BID
1445648491,1804.95,0.54,BID
1445648491,1804.96,0.733,BID
1445648494,1804.96,0.04,BID
1445648495,1804.96,0.04,BID
1445648497,1804.96,0.093,BID
1445648499,1804.96,0.55,BID
1445648501,1804.96,0.056,BID
1445648503,1804.96,0.01,BID
1445648503,1803.23,0.1332,ASK
1445648505,1804.96,0.806,BID
1445648507,1804.95,0.053,BID
1445648511,1804.29,0.133,BID
1445648513,1804.29,0.01,BID
1445648514,1804.28,0.052,BID
1445648514,1804.29,0.382,BID
1445648516,1803.28,0.0237,ASK
1445648516,1803.28,0.6,ASK
1445648516,1803.27,0.554,ASK
1445648516,1803.26,0.0482,ASK
1445648516,1803.25,0.7,ASK
1445648516,1803.25,0.06,ASK
1445648516,1803.25,0.152,ASK
1445648516,1803.24,8.6942,ASK
1445648516,1803.19,5.0,ASK
1445648516,1803.05,1.3679,ASK
1445648518,1804.29,1.095,BID
1445648518,1804.29,0.01,BID
1445648519,1804.26,0.129,BID
1445648521,1804.26,0.1,BID
1445648523,1804.25,0.371,BID
1445648524,1804.25,0.03,BID
1445648525,1804.25,0.047,BID
1445648525,1804.26,0.025,BID
1445648527,1804.26,0.047,BID
