timestamp,price,amount,side
1445039735,1731.63,0.0487,ASK
1445039735,1731.63,0.4513,ASK
1445039764,1731.69,0.03,ASK
1445039764,1731.68,0.0199,ASK
1445039764,1731.68,0.6,ASK
1445039764,1731.67,0.3976,ASK
1445039764,1731.66,0.0314,ASK
1445039764,1731.66,0.025,ASK
1445039764,1731.64,0.0634,ASK
1445039764,1731.62,0.0726,ASK
1445039764,1731.6,2.9261,ASK
1445039779,1731.98,0.0184,BID
1445039779,1731.99,0.3581,BID
1445039779,1732.01,0.0102,ASK
1445039781,1732.01,0.06,ASK
1445039782,1732.01,0.11,ASK
1445039782,1732.02,0.01,ASK
1445039785,1732.02,0.0309,ASK
1445039785,1732.02,0.0302,ASK
1445039785,1732.01,0.4389,ASK
1445039786,1732.01,0.09,ASK
1445039787,1732.4,0.0409,BID
1445039787,1732.41,0.0487,BID
1445039788,1733.0,0.0302,ASK
1445039788,1733.0,1.0,ASK
1445039789,1733.0,0.03,ASK
1445039790,1733.0,0.2,ASK
1445039790,1733.0,0.016,ASK
1445039790,1733.01,0.0818,ASK
1445039790,1733.0,0.1182,ASK
1445039790,1733.0,0.172,ASK
1445039791,1733.0,0.2,ASK
1445039791,1733.0,0.125,ASK
1445039791,1733.0,0.125,ASK
1445039791,1733.0,0.125,ASK
1445039792,1733.0,0.5,ASK
1445039792,1733.0,0.419,ASK
1445039792,1733.0,0.0302,BID
1445039793,1732.97,0.06,ASK
1445039793,1732.02,0.0205,ASK
1445039793,1732.01,0.4094,ASK
1445039793,1731.72,0.1,ASK
1445039797,1732.0,0.7131,BID
1445039797,1732.0,0.1049,BID
1445039802,1732.0,0.06,ASK
1445039814,1732.01,0.06,ASK
1445039814,1732.0,0.04,ASK
1445039814,1731.76,0.3,ASK
1445039814,1731.75,0.0157,ASK
1445039814,1731.75,0.0221,ASK
1445039814,1731.75,0.0422,ASK
1445039814,1731.74,0.02,ASK
1445039818,1731.74,0.2,ASK
1445039819,1731.74,0.0942,ASK
1445039819,1731.71,0.4058,ASK
1445039823,1731.71,0.5,ASK
1445039826,1731.71,0.08,ASK
1445039828,1732.77,0.6,BID
1445039828,1732.78,0.397,BID
1445039828,1732.79,0.0203,BID
1445039828,1732.79,0.06,BID
1445039828,1732.79,0.0245,BID
1445039828,1732.8,0.4513,BID
1445039828,1732.81,0.1908,BID
1445039829,1732.82,0.07,ASK
1445039830,1732.82,0.1221,ASK
1445039830,1732.82,0.818,ASK
1445039830,1732.82,0.03,ASK
1445039830,1732.82,0.1017,ASK
1445039830,1731.72,0.0246,ASK
1445039830,1731.72,0.0202,ASK
1445039830,1731.71,0.4552,ASK
1445039831,1731.71,0.04,ASK
1445039832,1731.82,0.5,BID
1445039844,1731.73,0.06,ASK
1445039844,1731.72,0.0744,ASK
1445039844,1731.71,0.0179,ASK
1445039844,1731.7,0.3477,ASK
1445039848,1732.42,0.05,BID
1445039848,1732.43,0.06,BID
1445039848,1732.44,0.1937,BID
1445039848,1732.46,0.01,BID
1445039848,1732.47,0.0744,BID
1445039848,1732.47,0.766,BID
1445039854,1731.77,0.2,ASK
1445039856,1732.41,0.0165,BID
1445039856,1732.42,0.2205,BID
1445039857,1731.79,8.0,BID
1445039857,1731.79,2.963,BID
1445039859,1731.83,0.318,BID
1445039859,1731.83,0.13,BID
1445039862,1731.83,0.22,BID
1445039863,1731.83,0.22,BID
1445039864,1731.83,1.803,BID
1445039865,1731.79,0.11,ASK
1445039866,1731.83,0.4,BID
1445039866,1731.83,0.4,BID
1445039867,1731.83,0.811,BID
1445039868,1731.82,0.0162,BID
1445039868,1731.83,0.4182,BID
1445039908,1732.36,0.01,BID
1445039908,1732.37,0.01,BID
1445039908,1732.38,0.2,BID
1445039908,1732.39,0.1852,BID
1445039908,1732.42,0.0908,BID
1445039908,1732.45,0.02,BID
1445039908,1732.46,0.4,BID
1445039908,1732.47,4.084,BID
1445039925,1731.87,0.05,ASK
1445039927,1731.88,0.2884,ASK
1445039927,1731.87,0.0005,ASK
1445039927,1731.86,0.1125,ASK
1445039927,1731.83,0.01,ASK
1445039927,1731.82,0.0236,ASK
1445039928,1731.82,0.1764,ASK
1445039928,1731.79,0.117,ASK
1445039928,1731.77,0.1714,ASK
1445039929,1731.8,0.2,BID
1445039929,1731.77,0.2,ASK
1445039930,1731.8,0.0566,BID
1445039930,1731.83,0.0034,ASK
1445039930,1731.77,0.0926,ASK
1445039931,1731.77,0.036,ASK
1445039931,1731.76,0.292,ASK
1445039931,1731.76,0.0193,ASK
1445039931,1731.71,0.4807,ASK
1445039931,1731.71,0.128,ASK
1445039932,1731.71,0.036,ASK
1445039933,1731.71,0.2,ASK
1445039933,1731.72,0.074,ASK
1445039934,1731.72,0.012,ASK
1445039934,1731.72,0.18,ASK
1445039934,1731.72,0.234,ASK
1445039934,1731.71,0.266,ASK
1445039934,1731.71,0.935,ASK
1445039936,1731.71,0.756,ASK
1445039937,1731.71,0.5,ASK
1445039937,1731.71,0.2,ASK
1445039937,1731.71,0.237,ASK
1445039938,1731.72,0.03,ASK
1445039941,1731.72,0.57,ASK
1445039941,1731.71,0.0613,ASK
1445039941,1731.7,0.0104,ASK
1445039941,1731.6,0.4283,ASK
1445039942,1731.6,0.2,ASK
1445039943,1731.6,0.648,ASK
1445039945,1731.6,0.5,ASK
1445039945,1731.6,0.5,ASK
1445039946,1731.6,0.2,ASK
1445039946,1731.66,0.06,BID
1445039946,1732.35,0.545,BID
1445039946,1732.36,0.06,BID
1445039946,1732.43,0.01,BID
1445039946,1732.44,0.325,BID
1445039948,1732.37,0.4,ASK
1445039948,1732.37,0.5,ASK
1445039948,1732.37,0.1,ASK
1445039948,1732.37,0.2,ASK
1445039948,1732.43,7.0,ASK
1445039948,1732.43,6.0,ASK
1445039948,1732.43,1.554,ASK
1445039949,1732.37,0.22,ASK
1445039949,1732.37,0.4,ASK
1445039949,1732.37,0.553,ASK
1445039949,1732.37,0.29,ASK
1445039949,1732.37,0.307,ASK
1445039949,1732.37,0.01,ASK
1445039949,1732.37,0.148,ASK
1445039949,1732.43,16.0,ASK
1445039949,1732.43,6.823,ASK
1445039949,1732.37,0.307,ASK
1445039950,1732.38,7.0,ASK
1445039950,1732.38,9.267,ASK
1445039950,1732.37,0.038,ASK
1445039950,1732.37,0.0495,ASK
1445039950,1731.6,1.498,ASK
1445039950,1731.6,2.58,ASK
1445039951,1731.6,0.5,ASK
1445039951,1731.6,0.06,ASK
1445039953,1731.61,0.087,ASK
1445039969,1731.63,0.06,ASK
1445039969,1731.63,0.1315,ASK
1445039969,1731.62,0.0225,ASK
1445039970,1731.61,0.1101,ASK
1445039970,1731.6,0.2369,ASK
1445039971,1731.6,0.191,ASK
1445039977,1731.6,0.0176,ASK
1445039983,1732.09,0.0122,BID
1445039983,1732.1,0.06,BID
1445039983,1732.1,0.0278,BID
1445039985,1732.1,0.1,BID
1445039985,1732.1,0.057,BID
1445039985,1732.11,0.1315,BID
1445039985,1732.12,0.01,BID
1445039985,1732.12,0.0225,BID
1445039987,1732.13,0.1,ASK
1445039987,1731.61,0.084,ASK
1445039987,1731.61,0.1008,ASK
1445039987,1731.61,0.0121,ASK
1445039987,1731.6,0.0871,ASK
1445039989,1731.62,0.1,ASK
1445039993,1731.63,0.06,ASK
1445039997,1731.63,0.0305,ASK
1445039997,1731.62,0.2545,ASK
1445040001,1731.62,0.02,ASK
1445040003,1731.63,0.01,ASK
1445040003,1731.62,0.0009,ASK
1445040003,1731.6,0.0091,ASK
1445040005,1731.6,0.01,ASK
1445040009,1731.61,0.03,ASK
1445040015,1731.6,1.11,ASK
1445040017,1731.62,0.3,BID
1445040026,1731.62,0.0965,BID
1445040037,1731.62,0.6,BID
1445040037,1731.62,0.4235,BID
1445040043,1731.62,22.5765,ASK
1445040046,1731.62,0.2359,BID
1445040047,1731.62,0.1,BID
1445040047,1731.62,0.6,BID
1445040048,1731.61,0.01,ASK
1445040054,1731.6,1.3419,ASK
1445040066,1731.59,0.4254,BID
1445040066,1731.6,0.1746,BID
1445040068,1731.59,0.4,BID
1445040068,1731.59,0.2,BID
1445040068,1731.6,0.2,BID
1445040069,1731.6,4.1049,BID
1445040069,1731.61,0.3614,BID
1445040069,1731.62,23.44,BID
1445040069,1731.62,5.5804,BID
1445040070,1731.39,0.3395,ASK
1445040070,1731.38,2.1767,ASK
1445040071,1731.58,0.06,BID
1445040071,1731.58,0.3395,BID
1445040076,1731.6,5.0527,ASK
1445040076,1731.39,0.6,ASK
1445040076,1731.38,6.1173,ASK
1445040076,1731.12,0.009,ASK
1445040076,1731.0,1.0,ASK
1445040076,1731.0,0.4939,ASK
1445040076,1731.0,1.7988,ASK
1445040076,1730.73,8.4183,ASK
1445040079,1730.73,1.22,ASK
1445040084,1731.19,0.225,BID
1445040098,1731.25,0.0192,BID
1445040098,1731.27,0.1248,ASK
1445040098,1731.1,0.0885,BID
1445040098,1731.59,0.0132,BID
1445040098,1731.6,0.0294,BID
1445040098,1731.61,0.072,BID
1445040105,1731.5,0.001,BID
1445040105,1731.57,0.0222,BID
1445040105,1731.58,0.0358,BID
1445040106,1731.58,0.144,BID
1445040114,1731.57,0.0132,BID
1445040114,1731.58,0.2638,BID
1445040115,1731.31,21.311,BID
1445040121,1731.32,0.0161,ASK
1445040124,1731.32,0.06,ASK
1445040126,1731.32,0.1457,ASK
1445040126,1731.31,0.06,ASK
1445040127,1731.57,6.0,ASK
1445040127,1731.57,0.542,ASK
1445040128,1731.33,0.0103,ASK
1445040128,1731.29,0.1354,ASK
1445040128,1731.58,0.0001,BID
1445040128,1731.61,0.059,BID
1445040128,1731.61,0.0306,BID
1445040128,1731.62,0.3103,BID
1445040128,1731.62,0.4,BID
1445040128,1731.62,0.6,BID
1445040130,1731.6,0.0103,ASK
1445040131,1731.6,0.06,ASK
1445040131,1731.6,0.0407,ASK
1445040131,1731.34,0.04,ASK
1445040133,1731.35,0.0123,ASK
1445040133,1731.34,0.1647,ASK
1445040135,1731.34,0.0123,ASK
1445040137,1731.34,0.0123,ASK
1445040139,1731.34,0.012,ASK
1445040141,1731.34,0.0442,ASK
1445040141,1731.29,0.012,ASK
1445040143,1731.35,0.0442,ASK
1445040144,1731.38,0.1727,BID
1445040144,1731.54,0.0104,BID
1445040144,1731.55,0.2274,BID
1445040144,1731.56,0.0122,BID
1445040144,1731.57,0.0613,BID
1445040145,1731.36,0.02,ASK
1445040147,1731.36,0.0099,ASK
1445040147,1731.35,0.0158,ASK
1445040147,1731.35,0.0001,ASK
1445040148,1731.43,0.183,BID
1445040150,1731.36,0.01,ASK
1445040152,1731.37,0.0104,ASK
1445040152,1731.36,0.0296,ASK
1445040156,1731.36,0.011,ASK
1445040157,1731.37,0.011,ASK
1445040159,1731.46,0.0468,BID
1445040159,1731.47,0.06,BID
1445040159,1731.49,0.1577,BID
1445040159,1731.5,0.0005,ASK
1445040159,1731.37,0.0358,ASK
1445040159,1731.36,0.1437,ASK
1445040161,1731.37,0.01,ASK
1445040162,1731.36,0.161,ASK
1445040162,1731.29,0.0155,ASK
1445040162,1731.29,0.01,ASK
1445040163,1731.53,0.0299,BID
1445040163,1731.57,0.1835,BID
1445040164,1731.58,0.1675,ASK
1445040165,1731.58,0.035,ASK
1445040167,1731.51,0.06,ASK
1445040167,1731.29,0.0021,ASK
1445040168,1731.34,0.062,BID
1445040169,1731.29,0.0621,ASK
1445040170,1731.34,0.132,BID
1445040171,1731.29,0.0249,ASK
1445040173,1731.06,0.0621,BID
1445040176,1731.35,0.01,ASK
1445040178,1731.35,0.0599,ASK
1445040181,1731.0,0.01,BID
1445040181,1731.47,0.01,BID
1445040181,1731.47,0.03,BID
1445040185,1731.36,0.01,ASK
1445040191,1730.99,0.0302,BID
1445040191,1730.99,0.2974,BID
1445040191,1730.99,0.0004,BID
1445040191,1730.99,0.0596,BID
1445040191,1731.0,0.01,BID
1445040192,1731.46,0.0104,BID
1445040194,1731.46,0.0327,ASK
1445040196,1731.02,0.032,ASK
1445040196,1731.12,0.01,BID
1445040198,1731.12,0.0227,BID
1445040198,1731.23,0.1336,BID
1445040198,1731.46,0.0137,BID
1445040198,1731.47,0.105,BID
1445040198,1731.24,0.107,ASK
1445040201,1731.25,0.027,ASK
1445040203,1731.25,0.0302,ASK
1445040204,1731.25,0.01,ASK
1445040206,1731.26,0.0198,ASK
1445040208,1731.27,0.01,ASK
1445040208,1731.26,0.0098,ASK
1445040209,1731.36,0.063,BID
1445040210,1731.35,0.027,BID
1445040210,1731.35,0.0104,BID
1445040210,1731.36,0.1443,BID
1445040212,1731.37,0.0253,ASK
1445040212,1731.27,0.0133,ASK
1445040212,1731.26,0.2277,ASK
1445040214,1731.37,0.0253,ASK
1445040214,1731.37,0.1347,ASK
1445040215,1731.34,0.0175,BID
1445040216,1731.47,0.1699,BID
1445040216,1731.5,0.3755,BID
1445040216,1731.62,1.0815,BID
1445040216,1731.62,0.2052,BID
1445040219,1731.85,0.01,BID
1445040219,1731.74,0.05,ASK
1445040220,1731.85,0.0112,BID
1445040222,1731.87,0.05,ASK
1445040222,1732.0,1.0,BID
1445040224,1732.01,0.095,ASK
1445040224,1732.01,0.147,ASK
1445040225,1732.01,0.104,ASK
1445040225,1731.87,0.0397,ASK
1445040225,1731.87,0.5103,ASK
1445040225,1731.87,0.1507,ASK
1445040226,1732.02,0.01,ASK
1445040227,1732.02,0.0202,ASK
1445040227,1732.02,0.02,ASK
1445040227,1731.99,0.0638,BID
1445040227,1732.24,0.0222,BID
1445040228,1732.23,10.211,ASK
1445040228,1732.12,0.2199,BID
1445040228,1732.24,0.0178,BID
1445040228,1732.25,0.0113,BID
1445040229,1732.04,0.0402,ASK
1445040231,1732.04,0.086,ASK
1445040234,1732.12,0.1616,BID
1445040234,1732.23,0.062,BID
1445040234,1732.25,0.4887,BID
1445040234,1732.25,0.6,BID
1445040234,1732.26,1.6877,BID
1445040234,1732.26,6.955,BID
1445040234,1732.26,2.14,BID
1445040234,1732.26,3.459,BID
1445040234,1732.26,6.0,BID
1445040234,1732.26,2.182,BID
1445040234,1732.26,5.821,BID
1445040234,1732.26,2.201,BID
1445040234,1732.26,6.0,BID
1445040234,1732.26,5.516,BID
1445040234,1732.26,0.07,BID
1445040235,1732.26,0.1616,BID
1445040235,1732.26,0.2,BID
1445040235,1732.26,0.0922,BID
1445040235,1732.26,6.884,BID
1445040235,1732.26,0.092,BID
1445040235,1732.25,0.0302,ASK
1445040236,1732.26,0.0354,BID
1445040236,1732.26,0.44,BID
1445040236,1732.26,0.44,BID
1445040236,1732.26,0.44,BID
1445040237,1732.26,0.03,BID
1445040238,1732.26,0.6,BID
1445040239,1732.14,0.02,BID
1445040239,1732.26,0.141,BID
1445040239,1732.26,1.4521,BID
1445040240,1732.26,0.072,ASK
1445040240,1732.27,0.2359,BID
1445040241,1732.33,0.01,BID
1445040241,1732.33,0.02,BID
1445040242,1732.36,0.0305,BID
1445040242,1732.91,0.1299,BID
1445040242,1733.0,1.7988,BID
1445040242,1733.56,0.1286,BID
1445040242,1733.57,0.4922,BID
1445040242,1733.57,1.18,BID
1445040242,1732.36,19.693,BID
1445040246,1733.0,0.973,ASK
1445040249,1733.33,0.188,BID
1445040249,1733.57,4.812,BID
1445040249,1733.57,0.1,BID
1445040249,1733.57,2.135,BID
1445040249,1733.68,6.0,BID
1445040249,1733.68,1.223,BID
1445040250,1734.58,0.188,BID
1445040250,1734.58,0.01,BID
1445040254,1733.71,0.2,ASK
1445040254,1733.67,0.255,ASK
1445040254,1733.59,0.5,ASK
1445040254,1733.59,0.3192,ASK
1445040254,1733.57,0.2558,BID
1445040254,1733.72,0.0302,ASK
1445040254,1733.59,4.4628,ASK
1445040256,1734.58,0.402,BID
1445040256,1735.0,3.096,BID
1445040263,1734.19,0.0302,BID
1445040263,1734.19,0.0113,BID
1445040263,1734.2,0.1875,BID
1445040266,1734.21,0.2206,ASK
1445040268,1734.73,0.1883,BID
1445040268,1734.74,0.011,BID
1445040268,1734.98,0.123,BID
1445040268,1735.0,0.6111,BID
1445040268,1735.0,0.5946,BID
1445040268,1735.0,1.4054,BID
1445040268,1735.0,1.0,BID
1445040268,1735.0,0.087,BID
1445040269,1735.09,0.002,BID
1445040269,1735.37,0.009,ASK
1445040269,1735.0,0.1421,ASK
1445040269,1735.78,6.0,ASK
1445040269,1735.78,1.179,ASK
1445040270,1735.37,0.1883,ASK
1445040270,1735.15,0.2,ASK
1445040270,1735.09,0.1193,ASK
1445040272,1735.54,0.01,ASK
1445040272,1735.38,1.0,ASK
1445040272,1735.21,0.157,ASK
1445040272,1735.2,1.0,ASK
1445040272,1735.16,0.01,ASK
1445040272,1735.14,0.157,ASK
1445040272,1735.12,0.157,ASK
1445040272,1735.12,0.417,ASK
1445040272,1735.11,0.173,ASK
1445040273,1735.79,0.004,BID
1445040274,1737.07,0.01,BID
1445040274,1737.08,0.001,BID
1445040274,1737.08,0.366,BID
1445040278,1735.55,0.0214,ASK
1445040278,1737.08,0.133,BID
1445040278,1737.08,0.0188,BID
1445040278,1737.09,1.0282,BID
1445040280,1736.98,0.417,BID
1445040280,1737.08,0.015,BID
1445040280,1737.17,0.008,BID
1445040280,1737.68,2.56,BID
1445040280,1737.68,1.18,BID
1445040282,1737.19,0.038,ASK
1445040287,1737.68,0.576,BID
1445040288,1737.42,0.157,BID
1445040288,1737.68,1.4167,BID
1445040291,1737.68,1.5969,BID
1445040291,1737.68,5.8119,BID
1445040296,1737.68,1.8522,BID
1445040306,1737.44,0.1,ASK
1445040308,1737.68,0.1563,BID
1445040310,1737.46,0.043,ASK
1445040310,1737.45,0.007,ASK
1445040310,1737.45,0.053,ASK
1445040311,1737.23,12.876,ASK
1445040319,1736.86,0.0115,ASK
1445040319,1736.86,0.0302,ASK
1445040319,1736.85,0.1363,ASK
1445040322,1736.85,0.035,ASK
1445040322,1736.84,0.1,ASK
1445040324,1737.22,0.01,BID
1445040325,1736.85,0.025,ASK
1445040347,1736.25,0.0116,ASK
1445040347,1736.24,0.1433,ASK
1445040347,1736.24,0.1694,ASK
1445040350,1736.16,4.0,ASK
1445040350,1736.16,5.349,ASK
1445040357,1736.15,0.0232,ASK
1445040357,1736.14,0.2455,ASK
1445040357,1736.14,0.2177,ASK
1445040357,1735.99,0.1164,ASK
1445040360,1735.74,0.02,ASK
1445040360,1735.73,0.4,ASK
1445040360,1735.72,0.0994,BID
1445040361,1735.7,0.0235,ASK
1445040361,1735.69,0.469,ASK
1445040361,1735.62,0.2262,ASK
1445040361,1735.55,0.3533,ASK
1445040361,1734.92,0.108,ASK
1445040362,1735.63,0.0113,ASK
1445040362,1735.56,0.0177,ASK
1445040364,1734.93,0.0182,ASK
1445040364,1734.92,0.392,ASK
1445040364,1734.54,0.6,ASK
1445040364,1734.5,0.1698,ASK
1445040369,1734.12,0.031,ASK
1445040370,1734.12,0.341,ASK
1445040374,1734.13,0.128,ASK
1445040377,1734.13,0.303,ASK
1445040380,1734.14,0.16,ASK
1445040381,1734.14,0.1257,ASK
1445040381,1734.11,0.0019,ASK
1445040386,1734.0,0.325,ASK
1445040388,1734.1,0.0381,BID
1445040388,1734.11,0.0819,BID
1445040389,1734.11,0.07,BID
1445040397,1734.02,0.01,ASK
1445040397,1734.01,0.0381,ASK
1445040397,1734.0,2.725,ASK
1445040397,1734.0,3.8887,ASK
1445040406,1734.01,0.0437,ASK
1445040406,1734.0,0.1113,ASK
1445040406,1734.0,2.7,ASK
1445040406,1734.09,0.0202,BID
1445040406,1734.1,0.06,BID
1445040406,1734.1,0.0437,BID
1445040406,1734.11,0.0062,BID
1445040406,1735.3,0.0143,BID
1445040406,1735.3,0.0114,BID
1445040406,1735.31,0.5,BID
1445040406,1735.31,0.1564,BID
1445040406,1735.32,0.2982,BID
1445040406,1735.46,0.2857,BID
1445040406,1735.48,0.4048,BID
1445040406,1735.49,0.4341,BID
1445040406,1735.5,0.171,BID
1445040406,1735.88,0.0994,BID
1445040406,1735.89,2.0946,ASK
1445040408,1734.02,2.0,BID
1445040408,1734.02,2.0,BID
1445040408,1734.02,5.744,BID
1445040412,1734.12,0.05,ASK
1445040415,1734.13,0.06,ASK
1445040415,1734.13,0.0302,ASK
1445040415,1734.12,0.0098,ASK
1445040415,1734.11,0.01,ASK
1445040415,1734.11,0.1,ASK
1445040415,1734.16,0.05,ASK
1445040416,1734.16,0.0902,ASK
1445040417,1734.14,0.0519,ASK
1445040417,1734.13,0.0383,ASK
1445040418,1734.13,0.0882,ASK
1445040418,1734.13,0.2238,ASK
1445040420,1734.16,0.5668,ASK
1445040420,1734.16,0.0092,ASK
1445040420,1734.12,0.0052,ASK
1445040420,1734.11,0.0559,ASK
1445040421,1734.11,0.01,ASK
1445040422,1734.12,0.1823,ASK
1445040422,1734.11,0.4007,ASK
1445040424,1734.11,0.1,ASK
1445040424,1734.11,0.172,ASK
1445040427,1734.12,0.339,ASK
1445040427,1734.12,0.046,ASK
1445040430,1734.12,0.0991,ASK
1445040430,1734.12,0.3121,ASK
1445040430,1734.12,0.385,ASK
1445040432,1734.11,0.14,ASK
1445040434,1734.11,0.01,ASK
1445040436,1734.11,0.05,ASK
1445040442,1734.3,0.06,BID
1445040448,1734.12,0.22,ASK
1445040454,1734.14,0.0283,ASK
1445040454,1734.13,0.0317,ASK
1445040454,1734.14,0.0995,ASK
1445040454,1734.13,0.0283,ASK
1445040454,1734.12,0.0384,ASK
1445040459,1734.2,0.1662,ASK
1445040459,1734.23,0.0288,BID
1445040459,1734.24,0.576,BID
1445040459,1734.25,0.0302,BID
1445040459,1734.26,0.0283,BID
1445040459,1734.26,0.0995,BID
1445040459,1734.29,0.3052,BID
1445040459,1734.29,0.081,BID
1445040459,1734.59,0.3121,BID
1445040459,1734.99,0.0141,BID
1445040459,1735.0,2.0957,BID
1445040459,1736.1,3.7328,BID
1445040459,1736.13,0.1265,BID
1445040459,1736.13,0.0519,BID
1445040459,1736.97,0.028,BID
1445040459,1737.11,0.0019,BID
1445040459,1737.27,0.05,BID
1445040459,1737.37,0.075,BID
1445040459,1737.47,0.025,BID
1445040459,1737.68,1.1917,BID
1445040459,1739.8,0.5,BID
1445040459,1739.95,0.016,BID
1445040459,1739.99,2.04,BID
1445040459,1740.0,0.106,BID
1445040461,1739.99,15.539,BID
1445040461,1734.26,3.6,BID
1445040462,1734.25,0.01,ASK
1445040462,1734.26,4.0,BID
1445040462,1734.26,3.208,BID
1445040466,1734.56,0.3129,BID
1445040466,1734.57,0.06,BID
1445040466,1734.57,0.4691,BID
1445040466,1735.49,0.158,BID
1445040466,1736.69,1.0,BID
1445040466,1736.69,1.0,BID
1445040466,1739.98,0.372,BID
1445040466,1739.98,0.0156,BID
1445040466,1739.98,0.1387,BID
1445040466,1739.99,4.0,BID
1445040466,1739.99,0.5,BID
1445040466,1740.0,1.894,BID
1445040466,1740.0,0.2,BID
1445040466,1740.0,1.0,BID
1445040466,1740.0,0.38,BID
1445040466,1740.0,0.001,BID
1445040474,1734.31,0.0177,ASK
1445040490,1734.6,0.323,ASK
1445040493,1734.6,0.041,ASK
1445040495,1734.61,0.012,ASK
1445040496,1734.61,0.139,ASK
1445040496,1734.61,0.2262,ASK
1445040496,1734.6,0.3348,ASK
1445040499,1734.63,0.027,ASK
1445040499,1734.61,0.051,ASK
1445040503,1734.61,0.027,ASK
1445040506,1734.61,0.422,ASK
1445040506,1734.6,0.027,ASK
1445040506,1734.6,11.3395,ASK
1445040506,1734.35,0.1346,ASK
1445040506,1734.34,0.2282,ASK
1445040511,1734.34,0.045,BID
1445040513,1734.34,1.547,BID
1445040515,1734.31,0.01,ASK
1445040523,1734.31,0.0625,ASK
1445040523,1734.3,0.1068,ASK
1445040527,1734.3,0.1393,ASK
1445040527,1734.27,0.05,ASK
1445040527,1734.26,0.0389,ASK
1445040529,1734.33,0.5,BID
1445040529,1734.33,0.6,BID
1445040529,1734.34,17.9673,BID
1445040531,1734.28,0.1698,BID
1445040531,1734.33,0.1378,BID
1445040531,1734.34,11.166,BID
1445040536,1734.33,0.05,BID
1445040540,1734.33,0.005,BID
1445040540,1734.33,0.0928,BID
1445040548,1734.32,0.0253,BID
1445040548,1734.33,0.0247,BID
1445040550,1734.27,0.0137,ASK
1445040550,1734.26,0.1813,ASK
1445040551,1734.33,0.0179,BID
1445040560,1734.26,0.0927,ASK
1445040560,1734.22,0.0235,ASK
1445040560,1734.21,0.0919,ASK
1445040560,1734.21,0.3772,ASK
1445040560,1734.12,0.0468,ASK
1445040560,1734.12,0.081,ASK
1445040560,1734.01,0.2033,ASK
1445040560,1734.01,0.0235,ASK
1445040560,1734.0,0.001,ASK
1445040560,1734.0,0.4472,ASK
1445040565,1734.13,0.4355,BID
1445040565,1734.14,0.2254,BID
1445040565,1734.32,0.0191,BID
1445040565,1734.33,0.3646,BID
1445040565,1734.34,8.758,BID
1445040569,1734.12,0.0481,BID
1445040569,1734.31,0.02,BID
1445040569,1734.33,0.0384,BID
1445040569,1734.33,0.2033,BID
1445040570,1734.33,0.2132,ASK
1445040573,1734.33,0.1412,ASK
1445040574,1734.34,0.6,BID
1445040575,1734.34,1.0,BID
1445040575,1734.33,0.1941,ASK
1445040578,1734.33,0.0091,ASK
1445040578,1734.34,0.5,BID
1445040579,1734.34,4.1678,BID
1445040580,1734.34,0.0091,ASK
1445040584,1734.41,0.0089,BID
1445040601,1734.36,0.413,ASK
1445040601,1734.36,0.287,ASK
1445040601,1734.36,0.287,ASK
1445040601,1734.36,0.287,ASK
1445040601,1734.36,0.287,ASK
1445040601,1734.36,0.287,ASK
1445040606,1734.36,0.359,ASK
1445040611,1734.36,0.6,ASK
1445040611,1734.36,0.3551,ASK
1445040611,1734.35,0.0218,ASK
1445040611,1734.34,0.3893,ASK
1445040611,1734.28,0.1584,ASK
1445040611,1734.28,0.0145,ASK
1445040611,1734.27,4.4138,ASK
1445040615,1734.31,0.06,ASK
1445040615,1734.27,2.52,ASK
1445040618,1734.27,3.182,ASK
1445040618,1734.27,0.856,ASK
1445040620,1734.27,1.048,ASK
1445040621,1734.27,0.6,ASK
1445040622,1734.27,0.2797,ASK
1445040622,1734.27,0.27,BID
1445040627,1734.27,0.001,BID
1445040628,1734.27,3.6262,BID
1445040628,1734.39,0.017,BID
1445040628,1734.4,0.27,BID
1445040628,1734.4,0.01,BID
1445040628,1734.4,0.06,BID
1445040628,1734.4,0.0453,BID
1445040628,1734.41,0.0211,BID
1445040628,1734.41,0.289,BID
1445040629,1734.41,0.025,ASK
1445040630,1734.41,0.52,ASK
1445040630,1734.41,1.5,ASK
1445040630,1734.41,2.0,ASK
1445040630,1734.41,0.5962,ASK
1445040634,1734.28,0.017,ASK
1445040634,1734.28,0.001,ASK
1445040637,1734.28,0.02,ASK
1445040637,1734.28,0.0453,ASK
1445040637,1734.27,2.9347,ASK
1445040637,1734.29,0.06,ASK
1445040637,1734.27,0.3293,ASK
1445040638,1734.39,0.001,BID
1445040638,1734.27,1.369,ASK
1445040639,1734.29,0.2908,ASK
1445040639,1734.27,0.5772,ASK
1445040639,1734.29,0.0214,ASK
1445040639,1734.27,0.4786,ASK
1445040641,1734.27,1.5,ASK
1445040641,1734.27,0.9581,ASK
1445040642,1734.01,0.0481,ASK
1445040642,1732.84,0.4519,ASK
1445040659,1733.62,0.2164,BID
1445040659,1733.63,0.3458,BID
1445040659,1733.63,0.04,BID
1445040659,1734.37,0.0237,BID
1445040659,1734.38,0.0214,BID
1445040659,1734.38,0.4519,BID
1445040659,1734.38,0.1424,BID
1445040659,1734.39,0.2908,BID
1445040659,1734.41,0.0211,BID
1445040659,1734.42,0.422,BID
1445040659,1734.7,0.045,BID
1445040659,1734.72,0.2452,BID
1445040659,1735.16,0.16,BID
1445040659,1735.4,0.173,BID
1445040659,1735.41,1.0,BID
1445040659,1735.42,0.4,BID
1445040659,1735.47,0.109,BID
1445040659,1735.47,0.109,BID
1445040659,1736.07,0.05,BID
1445040659,1736.16,0.109,BID
1445040659,1736.16,0.109,BID
1445040659,1736.2,0.025,BID
1445040659,1736.43,2.3903,BID
1445040661,1732.91,1.0,BID
1445040661,1732.91,15.0,BID
1445040661,1732.91,2.771,BID
1445040664,1733.61,0.1663,BID
1445040664,1733.61,0.06,BID
1445040664,1734.89,0.529,BID
1445040666,1735.0,0.03,ASK
1445040666,1735.0,0.2,ASK
1445040666,1735.0,0.194,ASK
1445040666,1735.0,0.2,ASK
1445040667,1735.0,0.397,ASK
1445040667,1735.0,0.397,ASK
1445040667,1735.0,2.0,ASK
1445040667,1735.0,3.0,ASK
1445040667,1735.0,1.8267,ASK
1445040668,1732.93,0.0289,ASK
1445040668,1732.92,0.4711,ASK
1445040668,1733.5,0.0302,BID
1445040670,1733.5,0.01,BID
1445040672,1733.5,0.01,BID
1445040672,1733.5,0.0198,BID
1445040675,1733.5,0.01,ASK
1445040676,1733.51,0.0192,ASK
1445040678,1733.51,0.01,ASK
1445040679,1733.51,0.1,ASK
1445040680,1733.51,0.0824,ASK
1445040680,1733.5,0.1096,ASK
1445040682,1733.5,0.0824,ASK
1445040685,1733.51,0.039,ASK
1445040685,1735.0,0.0091,ASK
1445040686,1735.0,0.1589,ASK
1445040686,1735.0,0.4415,ASK
1445040686,1733.51,0.021,ASK
1445040686,1733.51,0.1589,ASK
1445040686,1733.51,0.1781,ASK
1445040686,1733.5,0.3745,ASK
1445040687,1733.5,0.5,ASK
1445040687,1733.5,0.05,ASK
1445040687,1733.5,0.01,ASK
1445040687,1733.99,7.0,ASK
1445040687,1733.99,1.377,ASK
1445040688,1733.5,0.6,ASK
1445040693,1733.5,0.6,ASK
1445040693,1733.5,0.018,ASK
1445040693,1733.51,0.0091,ASK
1445040694,1733.51,0.182,ASK
1445040694,1733.5,0.418,ASK
1445040697,1733.97,0.0089,BID
1445040697,1733.5,0.437,ASK
1445040700,1733.5,1.02,ASK
1445040706,1733.51,0.0306,ASK
1445040706,1733.5,0.7805,ASK
1445040706,1733.5,5.3259,ASK
1445040711,1733.51,0.452,ASK
1445040711,1733.51,0.0091,ASK
1445040713,1733.68,0.0089,BID
1445040715,1733.51,0.0091,ASK
1445040717,1733.51,0.101,ASK
1445040718,1733.65,0.0089,BID
1445040720,1733.52,0.0091,ASK
1445040721,1733.52,0.06,ASK
1445040721,1733.63,0.0089,BID
1445040724,1733.52,0.0091,ASK
1445040727,1733.6,0.0089,BID
1445040729,1733.59,0.001,BID
1445040730,1733.52,0.0444,ASK
1445040730,1733.51,1.0056,ASK
1445040731,1733.51,0.0091,ASK
1445040732,1733.51,0.4541,ASK
1445040732,1733.51,0.1459,ASK
1445040736,1733.52,0.047,ASK
1445040737,1733.57,0.0089,BID
1445040744,1733.52,0.5,ASK
1445040746,1733.52,0.591,ASK
1445040746,1733.52,0.5,ASK
1445040746,1733.52,0.0091,ASK
1445040747,1733.52,0.6,ASK
1445040748,1733.52,0.5,ASK
1445040751,1733.53,0.0532,ASK
1445040751,1733.52,1.1738,ASK
1445040751,1733.52,0.0306,ASK
1445040751,1733.5,2.6414,ASK
1445040751,1733.5,3.0,ASK
1445040751,1733.5,1.286,ASK
1445040752,1733.5,0.5,ASK
1445040752,1733.5,0.0532,ASK
1445040754,1733.5,0.5,ASK
1445040754,1733.5,0.2,ASK
1445040757,1733.5,0.5,ASK
1445040759,1733.51,0.01,ASK
1445040759,1733.5,0.19,ASK
1445040761,1733.5,0.01,ASK
1445040762,1733.65,0.0089,BID
1445040764,1733.5,0.0091,ASK
1445040766,1733.65,0.0089,BID
1445040768,1733.5,0.0091,ASK
1445040769,1733.5,0.268,ASK
1445040769,1733.5,0.189,ASK
1445040769,1733.5,0.268,ASK
1445040770,1733.5,0.268,ASK
1445040770,1733.5,0.07,ASK
1445040771,1733.51,0.0643,ASK
1445040771,1733.5,0.2037,ASK
1445040772,1733.5,0.013,ASK
1445040772,1733.52,0.04,ASK
1445040772,1733.5,0.071,ASK
1445040787,1733.63,0.0089,BID
1445040802,1732.98,0.0091,ASK
1445040812,1733.06,0.5,ASK
1445040815,1733.06,0.5,ASK
1445040816,1732.99,0.0281,ASK
1445040816,1732.98,0.0839,ASK
1445040819,1732.98,0.07,ASK
1445040819,1732.98,0.1683,ASK
1445040819,1732.91,0.3317,ASK
1445040822,1732.91,0.112,ASK
1445040822,1732.91,0.0431,ASK
1445040822,1732.9,0.0029,ASK
1445040822,1732.88,0.1663,ASK
1445040822,1732.87,0.2877,ASK
1445040825,1732.87,0.2876,ASK
1445040825,1732.86,0.3458,ASK
1445040825,1732.86,0.04,ASK
1445040825,1732.51,0.001,ASK
1445040825,1732.27,0.1132,ASK
1445040827,1732.86,0.0089,BID
1445040829,1732.86,0.001,BID
1445040832,1732.53,0.0091,BID
1445040832,1732.85,0.2116,BID
1445040832,1732.85,0.0396,BID
1445040832,1732.85,0.0077,BID
1445040833,1732.84,0.0089,BID
1445040838,1732.28,0.01,ASK
1445040841,1732.28,0.0091,ASK
1445040849,1732.29,0.01,ASK
1445040849,1732.29,0.0033,ASK
1445040849,1732.28,0.0205,ASK
1445040849,1732.27,0.3662,ASK
1445040851,1732.27,0.038,ASK
1445040852,1732.27,0.5,ASK
1445040854,1732.5,0.137,ASK
1445040854,1732.5,0.565,ASK
1445040854,1732.5,0.111,ASK
1445040855,1732.5,0.5,ASK
1445040855,1732.5,0.4,ASK
1445040855,1732.5,0.677,ASK
1445040855,1732.5,0.5,ASK
1445040855,1732.5,0.05,ASK
1445040856,1732.5,0.031,ASK
1445040857,1732.5,3.0,ASK
1445040857,1732.51,0.1661,ASK
1445040857,1732.5,0.3339,ASK
1445040859,1732.51,0.029,ASK
1445040859,1732.5,0.066,ASK
1445040859,1732.5,1.1029,ASK
1445040861,1732.27,0.5,ASK
1445040863,1732.27,0.029,ASK
1445040874,1732.27,0.5,ASK
1445040877,1732.27,0.042,ASK
1445040878,1732.27,2.28,ASK
1445040878,1732.27,0.1,ASK
1445040878,1732.27,1.0,ASK
1445040878,1732.27,2.8,ASK
1445040878,1732.27,0.35,ASK
1445040879,1732.27,3.709,ASK
1445040879,1732.27,0.401,ASK
1445040879,1732.27,0.5,ASK
1445040879,1732.27,0.236,ASK
1445040880,1732.27,0.5,ASK
1445040881,1732.27,0.065,ASK
1445040881,1732.27,0.035,ASK
1445040881,1732.27,0.05,ASK
1445040881,1732.27,0.361,ASK
1445040882,1732.27,0.03,ASK
1445040883,1732.27,0.031,ASK
1445040883,1732.27,0.5,ASK
1445040884,1732.27,0.5,ASK
1445040884,1732.27,0.885,ASK
1445040884,1732.27,0.01,ASK
1445040885,1732.27,0.5,ASK
1445040885,1732.27,0.098,ASK
1445040885,1732.27,0.1,ASK
1445040886,1732.27,1.203,ASK
1445040887,1732.27,0.5,ASK
1445040887,1732.27,1.492,ASK
1445040888,1732.27,0.458,ASK
1445040888,1732.27,0.07,ASK
1445040888,1732.27,0.04,ASK
1445040889,1732.27,0.01,ASK
1445040889,1732.27,0.05,ASK
1445040889,1732.27,0.2,ASK
1445040889,1732.27,0.42,ASK
1445040889,1732.27,0.5,ASK
1445040890,1732.27,0.5,ASK
1445040890,1732.27,0.5,ASK
1445040890,1732.27,0.5,ASK
1445040890,1732.27,0.4,ASK
1445040890,1732.27,0.4,ASK
1445040891,1732.27,0.6,ASK
1445040891,1732.27,0.056,ASK
1445040893,1732.27,0.4,ASK
1445040893,1732.27,0.5,ASK
1445040893,1732.27,0.5,ASK
1445040893,1732.27,0.1,ASK
1445040894,1732.27,0.01,ASK
1445040894,1732.27,0.4,ASK
1445040894,1732.27,0.5,ASK
1445040894,1732.27,0.917,ASK
1445040895,1732.27,0.2,ASK
1445040896,1732.27,1.381,ASK
1445040896,1732.27,0.6,ASK
1445040896,1732.27,0.5,ASK
1445040896,1732.27,7.7761,ASK
1445040896,1732.27,0.0075,ASK
1445040897,1731.4,0.0331,ASK
1445040897,1731.12,0.008,ASK
1445040897,1730.74,0.4589,ASK
1445040897,1730.75,0.1,ASK
1445040901,1730.74,0.0391,BID
1445040901,1730.73,0.02,ASK
1445040902,1730.74,0.243,BID
1445040906,1730.75,0.0225,ASK
1445040906,1730.83,0.03,BID
1445040908,1730.75,0.1985,ASK
1445040908,1730.75,0.0221,ASK
1445040908,1730.83,0.0089,BID
1445040910,1730.83,0.0311,BID
1445040910,1730.84,0.0089,ASK
1445040910,1730.84,0.0002,ASK
1445040915,1731.83,0.01,ASK
1445040920,1731.84,0.06,ASK
1445040922,1732.24,0.0137,BID
1445040922,1732.25,0.2355,BID
1445040922,1732.25,0.0391,BID
1445040922,1732.25,0.05,BID
1445040922,1732.26,0.5,BID
1445040922,1732.26,0.5,BID
1445040922,1732.4,0.1234,BID
1445040922,1732.41,0.098,BID
1445040922,1732.42,0.2457,BID
1445040922,1732.45,0.4846,BID
1445040922,1732.45,0.3126,BID
1445040922,1732.47,0.3202,BID
1445040922,1732.77,0.029,BID
1445040922,1732.95,1.0,BID
1445040922,1732.95,1.0,BID
1445040922,1732.95,1.0,BID
1445040922,1733.64,1.0,BID
1445040922,1733.94,0.1666,ASK
1445040922,1733.94,0.705,ASK
1445040923,1733.94,1.0,ASK
1445040923,1733.94,0.4589,ASK
1445040923,1733.94,1.0,ASK
1445040924,1733.94,0.4,ASK
1445040924,1733.94,0.4,ASK
1445040924,1733.94,0.4,ASK
1445040924,1733.94,0.2,ASK
1445040924,1733.94,0.1,ASK
1445040924,1733.94,0.4,ASK
1445040924,1733.94,0.3,ASK
1445040924,1733.94,0.5,ASK
1445040924,1733.94,0.01,ASK
1445040925,1733.94,1.047,ASK
1445040925,1733.94,4.0,ASK
1445040925,1733.99,0.2,ASK
1445040925,1733.99,0.497,ASK
1445040925,1733.94,0.503,ASK
1445040925,1733.94,3.4577,ASK
1445040927,1732.42,0.08,BID
1445040927,1732.98,0.496,BID
1445040928,1732.98,0.093,BID
1445040928,1733.44,0.01,BID
1445040928,1733.45,0.196,BID
1445040932,1730.9,0.1253,ASK
1445040932,1730.9,0.0134,ASK
1445040932,1730.9,0.0703,ASK
1445040932,1730.89,0.244,ASK
1445040935,1730.92,0.01,ASK
1445040940,1730.92,0.119,ASK
1445040940,1730.91,0.0302,ASK
1445040940,1730.91,0.023,ASK
1445040940,1730.91,0.0312,ASK
1445040940,1730.9,2.2966,ASK
1445040940,1730.9,0.4,ASK
1445040940,1730.91,0.2,ASK
1445040942,1730.91,0.2573,ASK
1445040942,1730.9,0.2427,ASK
1445040943,1730.9,0.05,ASK
1445040943,1730.9,0.172,ASK
1445040943,1730.9,0.1,ASK
1445040943,1731.95,0.0302,BID
1445040943,1731.96,0.1,BID
1445040943,1732.16,0.4472,BID
1445040944,1730.9,0.721,ASK
1445040944,1730.9,0.2573,ASK
1445040944,1730.9,0.45,ASK
1445040944,1730.9,0.01,ASK
1445040944,1730.9,0.624,ASK
1445040945,1730.9,0.5,ASK
1445040946,1730.91,0.0302,ASK
1445040946,1730.9,0.5078,ASK
1445040946,1730.9,1.0982,ASK
1445040946,1730.9,0.4596,ASK
1445040946,1730.89,0.0039,ASK
1445040948,1730.73,0.5,ASK
1445040948,1730.89,0.1417,BID
1445040948,1730.73,0.02,ASK
1445040948,1730.89,0.1306,BID
1445040948,1730.89,0.576,BID
1445040949,1730.92,0.01,ASK
1445040949,1730.92,0.0326,ASK
1445040949,1730.92,0.7068,ASK
1445040949,1730.73,4.2922,ASK
1445040949,1730.73,0.274,ASK
1445040949,1730.73,0.1,ASK
1445040951,1730.74,0.4323,ASK
1445040951,1730.73,1.1107,ASK
1445040951,1730.73,0.2,ASK
1445040952,1730.73,0.5,ASK
1445040953,1730.73,0.088,ASK
1445040953,1730.73,0.839,ASK
1445040953,1730.73,0.01,ASK
1445040953,1730.73,0.139,ASK
1445040954,1730.73,0.06,ASK
1445040954,1730.73,0.0903,ASK
1445040955,1730.73,0.5,ASK
1445040955,1730.73,0.5,ASK
1445040955,1730.73,0.2,ASK
1445040956,1730.73,0.19,ASK
1445040956,1730.73,0.5,ASK
1445040956,1730.73,0.159,ASK
1445040957,1730.73,0.01,ASK
1445040957,1730.73,0.818,ASK
1445040957,1730.74,0.021,ASK
1445040957,1730.73,0.091,ASK
1445040958,1730.73,0.5,ASK
1445040958,1730.73,0.171,ASK
1445040958,1730.73,0.6355,ASK
1445040958,1730.0,0.1,ASK
1445040958,1730.0,0.347,ASK
1445040959,1730.42,0.3551,BID
1445040959,1730.0,0.021,ASK
1445040960,1730.24,0.021,BID
1445040960,1730.42,0.2449,BID
1445040960,1730.63,0.111,BID
1445040960,1730.72,0.17,BID
1445040960,1730.74,0.021,BID
1445040960,1730.85,0.021,BID
1445040960,1730.86,0.697,BID
1445040960,1730.91,0.0131,BID
1445040960,1731.06,0.1179,BID
1445040960,1731.36,0.265,BID
1445040960,1731.6,0.004,BID
1445040960,1732.14,0.1417,BID
1445040960,1732.4,0.0312,BID
1445040960,1732.4,0.4573,BID
1445040960,1732.4,0.2639,BID
1445040960,1730.0,0.5,ASK
1445040960,1730.01,2.0,BID
1445040960,1730.01,7.235,BID
1445040961,1730.0,0.032,ASK
1445040961,1730.0,0.168,ASK
1445040961,1730.0,0.01,ASK
1445040962,1730.0,0.2815,ASK
1445040962,1730.0,0.2446,ASK
1445040962,1730.0,0.1,ASK
1445040962,1730.0,2.096,ASK
1445040963,1730.0,0.16,ASK
1445040963,1730.0,0.2449,ASK
1445040963,1730.0,1.0,ASK
1445040963,1730.0,0.5,ASK
1445040964,1730.0,0.156,ASK
1445040964,1730.01,0.1244,ASK
1445040964,1730.0,0.8756,ASK
1445040964,1730.0,1.63,ASK
1445040964,1730.0,1.0,ASK
1445040965,1730.0,0.5,ASK
1445040965,1730.0,0.5,ASK
1445040965,1730.0,0.443,ASK
1445040967,1730.0,0.01,ASK
1445040967,1730.0,0.021,ASK
1445040967,1730.0,1.082,ASK
1445040968,1730.0,0.212,ASK
1445040968,1730.0,0.187,ASK
1445040968,1730.0,0.109,ASK
1445040968,1730.0,0.03,ASK
1445040968,1729.07,0.001,ASK
1445040968,1729.07,0.0557,ASK
1445040968,1729.0,0.1312,ASK
1445040969,1728.99,0.5,ASK
1445040969,1728.99,0.1,ASK
1445040969,1728.99,0.538,ASK
1445040969,1729.0,0.045,BID
1445040970,1729.0,1.4181,BID
1445040970,1729.93,0.05,BID
1445040970,1729.99,0.1032,BID
1445040970,1730.0,0.4287,BID
1445040972,1729.0,0.021,ASK
1445040972,1728.99,0.479,ASK
1445040974,1730.01,0.0559,ASK
1445040975,1730.01,0.0074,ASK
1445040975,1729.01,0.0559,ASK
1445040976,1729.0,0.1031,ASK
1445040976,1728.99,0.3969,ASK
1445040978,1728.99,0.5,ASK
1445040979,1728.99,1.539,ASK
1445040979,1728.35,0.016,ASK
1445040984,1728.26,0.0397,ASK
1445040987,1728.27,0.0086,ASK
1445040989,1729.53,0.001,BID
1445040997,1728.28,0.2,ASK
1445040998,1728.28,0.18,ASK
1445041002,1729.49,0.06,BID
1445041002,1729.49,0.0302,BID
1445041002,1729.5,0.0221,BID
1445041002,1729.51,0.4424,BID
1445041002,1730.1,0.0399,BID
1445041002,1730.11,0.3545,BID
1445041004,1728.29,0.0811,ASK
1445041004,1728.29,0.0163,ASK
1445041004,1728.28,0.0624,ASK
1445041004,1728.28,0.2645,ASK
1445041004,1728.28,0.0148,ASK
1445041004,1728.27,0.0609,ASK
1445041015,1729.47,0.01,BID
1445041015,1729.48,0.0182,BID
1445041015,1729.49,0.3549,BID
1445041015,1729.49,0.566,BID
1445041023,1728.29,0.306,ASK
1445041023,1728.28,0.011,ASK
1445041026,1728.3,0.01,ASK
1445041027,1729.46,0.01,BID
1445041027,1729.46,0.6,BID
1445041027,1729.47,0.1389,BID
1445041027,1729.47,0.011,BID
1445041027,1729.48,0.0301,BID
1445041027,1729.5,0.0811,BID
1445041027,1730.13,0.461,BID
1445041027,1730.15,0.3041,BID
1445041027,1730.17,0.045,BID
1445041027,1730.51,0.2946,BID
1445041032,1728.32,0.01,ASK
1445041039,1728.6,0.5,ASK
1445041039,1728.6,0.1,ASK
1445041039,1728.59,0.03,BID
1445041039,1728.33,0.01,ASK
1445041045,1728.4,0.0089,ASK
1445041045,1728.34,0.1741,ASK
1445041047,1728.35,0.0091,ASK
1445041047,1728.57,0.0379,BID
1445041047,1728.58,0.01,BID
1445041047,1729.43,0.0126,BID
1445041047,1729.44,0.0558,BID
1445041047,1729.44,0.1864,BID
1445041047,1729.44,0.2755,BID
1445041048,1728.36,3.0,BID
1445041048,1728.36,6.0,BID
1445041048,1728.36,1.188,BID
1445041049,1728.35,0.0288,ASK
1445041049,1728.35,0.0213,ASK
1445041049,1728.34,0.0929,ASK
1445041049,1728.34,0.2,ASK
1445041054,1728.36,0.05,ASK
1445041056,1728.37,0.0302,ASK
1445041057,1728.34,0.5,ASK
1445041058,1728.34,0.13,ASK
1445041060,1728.34,0.091,ASK
1445041061,1728.34,0.1211,ASK
1445041061,1728.33,0.0229,ASK
1445041062,1728.38,0.047,ASK
1445041064,1728.38,0.2582,ASK
1445041066,1728.37,0.056,ASK
1445041068,1728.37,0.01,ASK
1445041070,1728.37,0.1782,ASK
1445041072,1728.33,0.01,ASK
1445041074,1728.33,0.0129,ASK
1445041078,1728.32,0.1,ASK
1445041079,1728.32,0.01,ASK
1445041082,1728.32,0.0764,ASK
1445041082,1728.3,0.11,ASK
1445041084,1728.33,0.0764,ASK
1445041084,1728.87,0.2629,BID
1445041084,1728.87,0.01,BID
1445041084,1728.87,0.01,BID
1445041084,1728.97,0.705,BID
1445041084,1728.99,0.06,BID
1445041084,1728.99,0.1227,BID
1445041084,1729.0,0.4914,BID
1445041085,1729.0,0.0302,ASK
1445041086,1729.0,0.169,ASK
1445041086,1729.0,0.169,ASK
1445041086,1729.0,0.969,ASK
1445041086,1729.0,0.1,ASK
1445041086,1729.0,0.169,ASK
1445041086,1729.0,0.11,ASK
1445041087,1729.0,0.1065,ASK
1445041087,1729.01,0.0302,ASK
1445041087,1729.0,0.4698,ASK
1445041087,1729.0,0.5,ASK
1445041087,1729.0,0.425,ASK
1445041087,1729.0,0.5,ASK
1445041088,1729.01,0.05,ASK
1445041088,1729.01,0.11,ASK
1445041088,1729.01,0.34,ASK
1445041088,1729.0,0.314,ASK
1445041088,1729.0,0.01,ASK
1445041089,1729.0,3.803,ASK
1445041090,1729.0,0.4935,ASK
1445041090,1728.33,0.1065,ASK
1445041090,1728.3,0.0666,ASK
1445041090,1728.28,0.0117,ASK
1445041090,1728.27,0.2346,ASK
1445041090,1728.01,0.0287,ASK
1445041090,1728.01,0.0213,ASK
1445041090,1728.0,0.1346,ASK
1445041090,1728.0,0.163,ASK
1445041090,1728.0,0.02,ASK
1445041090,1728.99,0.0065,BID
1445041090,1728.99,0.0535,BID
1445041090,1728.99,0.356,BID
1445041091,1728.99,0.0905,BID
1445041093,1729.01,0.0865,ASK
1445041093,1728.01,0.01,ASK
1445041099,1728.01,0.0108,ASK
1445041099,1728.02,9.0,ASK
1445041099,1728.02,2.484,ASK
1445041106,1728.0,0.6824,ASK
1445041106,1728.0,0.3176,ASK
1445041109,1728.14,0.468,BID
1445041109,1728.14,0.0002,BID
1445041109,1728.14,0.0087,ASK
1445041111,1728.13,0.1755,BID
1445041111,1728.15,0.0091,ASK
1445041111,1728.15,0.2834,ASK
1445041114,1728.02,0.184,ASK
1445041119,1728.12,0.0089,BID
1445041120,1728.12,0.0511,BID
1445041120,1728.13,0.0089,BID
1445041121,1728.13,0.0312,BID
1445041121,1728.14,0.0688,ASK
1445041121,1728.02,0.0002,ASK
1445041121,1727.22,0.431,ASK
1445041128,1729.23,0.06,BID
1445041136,1729.21,0.01,BID
1445041141,1729.21,0.01,BID
1445041141,1729.21,0.0952,BID
1445041141,1729.27,0.177,BID
1445041141,1729.28,0.2298,BID
1445041145,1729.08,0.0091,BID
1445041145,1729.27,0.0237,BID
1445041145,1729.28,0.4672,BID
1445041146,1729.07,0.03,BID
1445041155,1728.98,0.0091,BID
1445041155,1729.2,0.0038,BID
1445041155,1729.27,0.0105,BID
1445041155,1729.27,0.0122,BID
1445041155,1729.28,2.9644,BID
1445041159,1729.3,0.02,BID
1445041160,1729.3,0.01,BID
1445041167,1729.3,0.01,BID
1445041172,1729.3,0.01,BID
1445041174,1729.29,0.0059,BID
1445041174,1729.29,0.01,BID
1445041175,1729.29,0.0207,BID
1445041175,1729.3,0.0393,BID
1445041179,1729.3,0.0089,BID
1445041181,1729.2,0.0091,ASK
1445041183,1729.3,0.0089,BID
1445041183,1729.3,0.01,BID
1445041184,1729.2,0.0091,ASK
1445041186,1729.3,0.0089,BID
1445041187,1729.3,0.0552,BID
1445041189,1729.25,0.0091,BID
1445041189,1729.3,0.0209,BID
1445041189,1729.3,0.0074,BID
1445041197,1729.4,0.02,BID
1445041198,1729.41,0.244,BID
1445041201,1729.41,0.0002,BID
1445041203,1729.45,0.0089,BID
1445041204,1729.45,0.03,BID
1445041204,1729.45,0.01,BID
1445041209,1729.45,0.1277,BID
1445041209,1730.63,0.1244,BID
1445041209,1731.85,0.0056,BID
1445041222,1729.74,0.02,ASK
1445041292,1731.22,0.01,BID
1445041294,1729.88,0.03,ASK
1445041294,1729.88,0.0522,ASK
1445041294,1729.87,0.06,ASK
1445041294,1729.86,0.3552,ASK
1445041294,1729.86,1.6835,ASK
1445041324,1731.5,0.02,BID
1445041324,1731.54,0.38,BID
1445041329,1729.94,0.01,ASK
1445041329,1729.94,0.0697,ASK
1445041329,1729.94,0.1222,ASK
1445041348,1731.46,5.197,BID
1445041381,1731.4,0.06,BID
1445041381,1731.4,0.01,BID
1445041381,1731.41,0.0244,BID
1445041381,1731.42,0.3056,BID
1445041381,1731.42,0.1521,BID
1445041381,1731.43,0.0108,BID
1445041381,1731.47,0.0019,BID
1445041381,1731.48,0.1347,BID
1445041382,1731.49,0.0302,ASK
1445041384,1731.49,0.03,ASK
1445041385,1731.49,0.3403,ASK
1445041385,1731.43,0.3703,ASK
1445041385,1731.43,0.0297,ASK
1445041385,1730.06,0.0703,ASK
1445041386,1731.44,0.02,ASK
1445041389,1730.49,0.237,BID
1445041396,1730.62,0.34,BID
1445041396,1730.62,0.0003,BID
1445041397,1730.63,0.3397,ASK
1445041397,1730.63,0.34,ASK
1445041397,1730.5,0.288,ASK
1445041397,1730.08,0.06,ASK
1445041397,1730.05,1.9737,ASK
1445041399,1731.65,0.0119,BID
1445041399,1731.66,0.2373,BID
1445041399,1731.66,0.0703,BID
1445041399,1731.67,0.0734,BID
1445041399,1731.68,0.021,BID
1445041399,1732.83,0.5,BID
1445041399,1733.94,0.1,BID
1445041399,1734.99,0.0159,BID
1445041399,1735.0,1.0,BID
1445041399,1735.14,3.0,BID
1445041399,1735.67,0.5753,BID
1445041399,1735.7,0.0029,BID
1445041399,1739.05,0.156,BID
1445041403,1731.65,0.01,ASK
1445041406,1731.66,0.0302,ASK
1445041406,1730.69,0.0363,ASK
1445041406,1730.69,2.1771,ASK
1445041408,1730.7,0.01,ASK
1445041408,1731.15,0.01,BID
1445041432,1731.2,0.01,ASK
1445041451,1731.24,0.025,ASK
1445041451,1731.24,0.6,ASK
1445041451,1731.23,0.5,ASK
1445041451,1731.22,0.1675,ASK
1445041451,1731.22,0.0732,ASK
1445041451,1731.21,0.2262,ASK
1445041451,1731.21,1.1399,ASK
1445041476,1732.51,0.0012,BID
1445041476,1732.51,0.06,BID
1445041476,1732.52,0.06,BID
1445041476,1732.52,0.2788,BID
1445041476,1732.52,0.8611,BID
1445041476,1732.53,0.0107,BID
1445041478,1732.53,0.1282,ASK
1445041478,1732.53,0.3718,ASK
1445041478,1732.53,0.0138,ASK
1445041478,1732.53,0.001,ASK
1445041478,1732.53,0.358,ASK
1445041480,1732.54,0.01,BID
1445041480,1732.53,0.015,ASK
1445041481,1732.53,0.0302,ASK
1445041481,1732.53,0.1,ASK
1445041483,1732.54,0.1729,BID
1445041483,1732.55,0.1661,BID
1445041485,1732.55,0.0266,BID
1445041485,1732.56,0.0044,BID
1445041485,1732.57,0.017,BID
1445041485,1732.58,0.291,BID
1445041486,1732.58,0.0482,BID
1445041488,1732.59,0.05,ASK
1445041489,1732.59,0.05,ASK
1445041489,1732.59,0.05,ASK
1445041490,1732.59,0.06,ASK
1445041499,1732.64,1.1396,ASK
1445041499,1732.64,0.0302,ASK
1445041499,1732.62,0.8262,ASK
1445041505,1732.66,0.4493,ASK
1445041505,1732.65,0.1625,ASK
1445041505,1732.6,0.323,ASK
1445041505,1732.6,0.2533,ASK
1445041505,1732.56,0.0439,ASK
1445041505,1732.56,0.0345,ASK
1445041505,1732.56,0.0241,ASK
1445041505,1732.55,0.1082,ASK
1445041505,1732.62,0.06,BID
1445041509,1732.61,0.0662,BID
1445041509,1732.62,0.9338,BID
1445041509,1732.62,0.111,BID
1445041509,1732.62,0.2794,BID
1445041510,1733.95,13.859,BID
1445041512,1732.64,0.0319,ASK
1445041512,1732.63,0.1896,ASK
1445041512,1732.63,0.2785,ASK
1445041513,1732.63,0.1085,ASK
1445041513,1732.63,0.061,ASK
1445041513,1732.56,0.0663,ASK
1445041513,1732.55,1.7602,ASK
1445041513,1732.55,0.01,ASK
1445041516,1732.55,0.499,ASK
1445041518,1732.6,0.01,ASK
1445041520,1732.56,0.3281,ASK
1445041520,1732.56,0.1262,ASK
1445041520,1732.55,0.5437,ASK
1445041522,1733.43,0.1,BID
1445041522,1733.43,0.1,BID
1445041522,1733.43,0.1,BID
1445041522,1733.43,0.0281,BID
1445041522,1733.43,0.0719,BID
1445041522,1733.43,0.0543,BID
1445041522,1733.44,0.0457,BID
1445041522,1733.44,0.0143,BID
1445041522,1733.94,0.01,BID
1445041522,1733.95,0.0227,ASK
1445041522,1733.95,0.0302,ASK
1445041522,1733.95,0.01,ASK
1445041524,1734.08,0.05,BID
1445041525,1733.95,0.012,ASK
1445041526,1733.95,0.0008,ASK
1445041526,1733.45,0.514,ASK
1445041526,1733.45,0.4832,ASK
1445041528,1733.96,0.013,ASK
1445041530,1733.96,0.0172,ASK
1445041530,1733.96,0.06,ASK
1445041530,1733.96,0.013,ASK
1445041531,1733.96,0.0866,ASK
1445041531,1733.5,0.168,ASK
1445041532,1733.48,0.0866,ASK
1445041533,1733.48,0.4894,ASK
1445041533,1733.46,0.8939,ASK
1445041534,1733.46,0.086,ASK
1445041534,1733.46,1.5599,ASK
1445041544,1733.46,0.3205,ASK
1445041544,1733.84,0.168,BID
1445041544,1733.86,0.316,BID
1445041544,1733.86,0.1,BID
1445041545,1733.85,0.0288,BID
1445041547,1733.86,0.16,BID
1445041547,1733.87,0.0722,ASK
1445041548,1733.87,0.0278,ASK
1445041548,1733.85,0.0722,ASK
1445041551,1733.84,0.03,BID
1445041551,1733.84,0.0726,BID
1445041554,1733.85,0.013,ASK
1445041556,1733.85,0.0174,ASK
1445041556,1733.85,0.1,ASK
1445041557,1733.88,0.0212,BID
1445041557,1733.89,0.3818,BID
1445041563,1732.61,0.726,ASK
1445041563,1732.58,0.01,ASK
1445041563,1732.58,0.0292,ASK
1445041563,1732.58,0.0116,ASK
1445041563,1732.56,0.2026,ASK
1445041563,1732.56,0.9943,ASK
1445041564,1732.58,0.2261,ASK
1445041565,1733.88,0.06,BID
1445041565,1733.89,0.042,BID
1445041565,1733.89,0.0002,BID
1445041565,1733.9,0.1018,ASK
1445041565,1733.9,0.102,ASK
1445041566,1733.84,0.102,BID
1445041568,1733.83,0.0261,BID
1445041568,1733.84,0.0739,BID
1445041569,1733.84,0.3463,BID
1445041575,1733.87,0.0114,BID
1445041575,1733.88,0.0886,BID
1445041576,1733.88,0.1386,BID
1445041578,1733.88,0.5,ASK
1445041596,1734.97,0.1398,BID
1445041596,1734.99,0.0182,BID
1445041596,1735.0,0.1647,BID
1445041596,1735.0,0.1996,BID
1445041596,1735.0,1.4777,ASK
1445041604,1733.91,0.3842,ASK
1445041604,1733.9,0.06,ASK
1445041604,1733.9,0.0558,ASK
1445041607,1733.91,0.011,ASK
1445041607,1733.91,0.0181,ASK
1445041607,1733.91,0.0265,ASK
1445041607,1733.9,0.4444,ASK
1445041610,1733.9,0.5,ASK
1445041624,1733.91,0.0817,ASK
1445041624,1733.9,0.4183,ASK
1445041628,1733.9,0.0602,ASK
1445041628,1733.89,0.1647,ASK
1445041628,1733.89,0.1996,ASK
1445041628,1733.89,0.0755,ASK
1445041633,1733.02,0.059,ASK
1445041644,1734.84,0.01,BID
1445041646,1734.84,0.01,ASK
1445041646,1733.1,1.0,BID
1445041646,1733.1,4.087,BID
1445041648,1734.83,0.01,BID
1445041653,1734.82,0.0202,BID
1445041653,1734.83,0.05,BID
1445041653,1734.83,0.1718,BID
1445041653,1734.83,0.0149,BID
1445041653,1734.83,0.0101,BID
1445041653,1734.84,0.5976,BID
1445041655,1734.82,0.01,BID
1445041657,1734.81,0.01,BID
1445041658,1734.81,0.01,BID
1445041660,1734.81,0.0696,BID
1445041660,1734.82,0.49,BID
1445041661,1734.84,0.467,ASK
1445041661,1734.84,4.9688,ASK
1445041663,1734.84,2.8877,ASK
1445041663,1733.17,0.0302,ASK
1445041663,1733.16,0.06,ASK
1445041663,1733.16,0.0098,ASK
1445041667,1733.84,0.1,BID
1445041667,1734.82,0.0302,BID
1445041667,1734.83,0.883,BID
1445041669,1734.84,0.52,ASK
1445041671,1734.84,0.235,ASK
1445041672,1734.84,0.5,ASK
1445041672,1734.84,0.1,ASK
1445041673,1734.84,0.329,ASK
1445041673,1734.87,0.1428,BID
1445041673,1734.87,0.1847,BID
1445041673,1734.9,0.14,BID
1445041673,1734.92,0.1998,BID
1445041673,1734.92,0.0817,BID
1445041673,1734.94,0.06,BID
1445041673,1735.0,4.8944,BID
1445041673,1735.4,0.146,BID
1445041673,1735.71,0.3205,BID
1445041673,1736.09,0.146,BID
1445041673,1736.09,0.146,BID
1445041673,1736.58,0.05,BID
1445041673,1737.79,0.6,BID
1445041673,1737.8,0.4895,BID
1445041673,1737.81,0.0996,BID
1445041673,1738.62,3.1621,BID
1445041673,1739.2,0.654,BID
1445041674,1734.84,0.103,ASK
1445041674,1734.84,0.112,ASK
1445041675,1734.85,0.107,ASK
1445041675,1734.84,0.393,ASK
1445041676,1734.85,0.0302,ASK
1445041676,1734.84,0.2048,ASK
1445041676,1734.84,0.01,ASK
1445041678,1734.85,0.1061,ASK
1445041678,1734.84,0.0939,ASK
1445041679,1734.84,0.011,ASK
1445041679,1734.84,0.5,ASK
1445041680,1734.9,0.057,ASK
1445041680,1734.9,0.1,ASK
1445041681,1734.9,0.208,ASK
1445041682,1734.88,0.5,ASK
1445041684,1734.91,0.06,ASK
1445041684,1734.88,0.076,ASK
1445041684,1734.86,0.0199,ASK
1445041684,1734.85,0.1031,ASK
1445041685,1734.85,0.015,ASK
1445041686,1734.91,0.127,ASK
1445041686,1734.89,0.2514,ASK
1445041686,1734.85,0.1216,ASK
1445041686,1734.85,0.029,ASK
1445041688,1734.85,0.1296,ASK
1445041691,1734.86,0.05,ASK
1445041693,1734.86,0.255,ASK
1445041693,1734.86,0.0787,ASK
1445041695,1734.2,0.02,BID
1445041696,1734.84,0.06,ASK
1445041697,1734.87,0.102,ASK
1445041697,1734.87,0.1348,ASK
1445041697,1734.84,0.1512,ASK
1445041698,1734.84,0.27,ASK
1445041698,1734.84,0.236,ASK
1445041699,1734.84,0.153,ASK
1445041700,1734.84,0.5,ASK
1445041701,1734.84,0.507,ASK
1445041701,1733.87,0.01,BID
1445041702,1733.87,0.01,BID
1445041702,1733.87,0.18,BID
1445041703,1734.85,0.01,BID
1445041706,1733.88,0.01,ASK
1445041706,1733.88,0.1,ASK
1445041706,1733.88,0.1,ASK
1445041706,1733.88,0.1,ASK
1445041706,1733.87,0.06,BID
1445041707,1733.87,0.1262,BID
1445041707,1734.11,0.01,BID
1445041708,1734.11,0.01,BID
1445041708,1734.11,0.1761,BID
1445041711,1734.81,0.01,BID
1445041714,1734.81,0.01,BID
1445041717,1734.78,0.01,BID
1445041718,1734.78,0.322,BID
1445041718,1734.77,0.01,BID
1445041720,1734.77,0.01,BID
1445041723,1734.76,0.01,BID
1445041726,1734.76,0.01,BID
1445041731,1734.72,0.01,BID
1445041732,1734.72,0.0085,BID
1445041734,1734.12,0.01,ASK
1445041735,1734.73,0.0015,BID
1445041738,1734.73,0.01,BID
1445041740,1734.72,0.01,BID
1445041746,1734.71,0.01,BID
1445041750,1734.69,0.359,BID
1445041750,1734.7,0.0723,BID
1445041750,1734.7,0.0179,ASK
1445041753,1734.7,0.108,ASK
1445041753,1734.7,0.5,ASK
1445041753,1734.7,0.25,ASK
1445041756,1734.7,0.1,ASK
1445041756,1734.7,0.5928,ASK
1445041756,1734.15,0.0723,ASK
1445041756,1734.14,0.0199,ASK
1445041756,1734.14,0.0001,ASK
1445041756,1734.13,0.0108,ASK
1445041756,1734.12,0.1661,ASK
1445041756,1734.12,0.0493,ASK
1445041756,1734.12,0.126,ASK
1445041756,1734.11,0.1477,ASK
1445041758,1734.12,1.0,ASK
1445041758,1734.12,3.696,ASK
1445041758,1734.75,0.01,BID
1445041758,1734.75,0.0393,BID
1445041758,1734.76,0.051,BID
1445041758,1734.8,0.03,BID
1445041758,1734.82,0.0229,BID
1445041758,1734.83,0.0528,BID
1445041760,1734.83,0.01,BID
1445041770,1734.81,0.01,BID
1445041787,1734.82,0.01,BID
1445041789,1734.82,0.01,BID
1445041794,1734.81,0.01,BID
1445041801,1734.52,0.015,ASK
1445041801,1734.52,0.01,ASK
1445041801,1734.51,0.475,ASK
1445041802,1734.81,0.01,BID
1445041804,1734.81,0.01,BID
1445041807,1734.81,0.01,BID
1445041807,1734.81,0.0317,BID
1445041807,1734.82,0.0003,BID
1445041807,1734.82,0.069,BID
1445041810,1734.54,0.2616,ASK
1445041810,1734.53,0.06,ASK
1445041810,1734.52,0.1784,ASK
1445041810,1734.52,0.2616,ASK
1445041812,1734.52,0.06,ASK
1445041812,1734.51,0.025,ASK
1445041812,1734.51,0.265,ASK
1445041812,1734.5,0.0131,ASK
1445041814,1734.5,0.5,ASK
1445041815,1734.52,0.0181,ASK
1445041815,1734.5,0.1599,ASK
1445041815,1734.82,0.0067,BID
1445041815,1734.82,0.0033,BID
1445041816,1734.81,0.01,BID
1445041817,1734.52,0.5,ASK
1445041817,1734.52,0.02,ASK
1445041818,1734.81,0.01,BID
1445041819,1734.52,0.08,ASK
1445041819,1734.5,0.08,ASK
1445041820,1734.5,0.5,ASK
1445041820,1734.51,0.01,BID
1445041822,1734.51,0.01,BID
1445041823,1734.5,0.1,ASK
1445041823,1734.5,0.5,ASK
1445041824,1734.5,0.01,ASK
1445041824,1734.51,0.01,BID
1445041825,1734.5,0.7,ASK
1445041826,1734.5,0.5,ASK
1445041827,1734.5,0.312,ASK
1445041828,1734.5,0.1,ASK
1445041829,1734.5,1.489,ASK
1445041830,1734.51,0.01,ASK
1445041830,1734.5,0.49,ASK
1445041832,1734.5,0.01,ASK
1445041833,1734.5,0.093,ASK
1445041833,1734.5,0.5,ASK
1445041833,1734.6,0.01,BID
1445041833,1734.5,0.04,ASK
1445041835,1734.5,0.15,ASK
1445041836,1734.5,0.05,ASK
1445041836,1734.5,0.4,ASK
1445041836,1734.5,0.0089,ASK
1445041837,1734.5,0.5,ASK
1445041838,1734.5,0.1,ASK
1445041838,1734.5,0.05,ASK
1445041839,1734.5,0.05,ASK
1445041840,1734.5,0.01,ASK
1445041840,1734.5,0.26,ASK
1445041840,1734.5,0.5,ASK
1445041841,1734.5,0.4,ASK
1445041841,1734.5,0.1559,ASK
1445041841,1734.49,0.04,ASK
1445041841,1734.18,0.0617,ASK
1445041841,1734.16,0.2434,ASK
1445041841,1734.13,0.0757,ASK
1445041841,1734.11,0.9451,ASK
1445041841,1734.11,0.236,ASK
1445041841,1734.11,0.2,ASK
1445041842,1734.11,0.1,ASK
1445041842,1734.11,0.2,ASK
1445041843,1734.11,0.0562,ASK
1445041843,1734.11,0.1928,ASK
1445041843,1734.11,4.05,ASK
1445041843,1734.11,0.2,ASK
1445041843,1734.11,0.555,ASK
1445041844,1734.11,0.01,ASK
1445041845,1734.11,0.01,ASK
1445041845,1734.11,0.05,ASK
1445041845,1734.11,0.5,ASK
1445041846,1734.11,0.768,ASK
1445041846,1734.11,0.03,ASK
1445041846,1734.11,0.01,ASK
1445041847,1734.11,0.733,ASK
1445041847,1734.11,0.1,ASK
1445041848,1734.11,0.278,ASK
1445041849,1734.11,0.01,ASK
1445041849,1734.11,0.01,ASK
1445041849,1733.9,0.071,ASK
1445041849,1733.89,0.0318,ASK
1445041849,1733.13,0.0896,ASK
1445041849,1733.04,0.3076,ASK
1445041850,1733.04,0.75,ASK
1445041852,1733.04,0.5,ASK
1445041853,1733.04,0.349,ASK
1445041855,1733.11,0.01,BID
1445041856,1733.03,0.1847,ASK
1445041856,1733.0,0.5,ASK
1445041857,1733.11,0.01,BID
1445041857,1733.0,0.555,ASK
1445041858,1733.0,0.051,ASK
1445041859,1733.0,0.05,ASK
1445041859,1733.11,0.01,BID
1445041860,1733.01,0.01,ASK
1445041860,1733.01,0.1028,ASK
1445041860,1733.0,0.3972,ASK
1445041860,1733.11,0.1,BID
1445041860,1733.1,0.1,BID
1445041861,1733.1,0.01,BID
1445041862,1733.01,0.01,ASK
1445041863,1733.01,0.2003,ASK
1445041863,1733.0,0.2997,ASK
1445041863,1733.0,0.0604,ASK
1445041863,1733.1,0.0028,BID
1445041863,1733.1,0.0072,BID
1445041864,1733.0,0.12,ASK
1445041864,1733.0,0.01,ASK
1445041864,1733.1,0.2031,BID
1445041864,1733.11,0.07,BID
1445041864,1733.11,0.21,ASK
1445041864,1733.11,0.0176,ASK
1445041865,1733.11,0.01,ASK
1445041866,1733.11,0.5,ASK
1445041866,1733.11,0.01,ASK
1445041866,1733.11,0.1,ASK
1445041866,1733.11,2.1924,ASK
1445041866,1733.01,0.62,ASK
1445041867,1733.01,0.01,ASK
1445041868,1733.01,0.06,ASK
1445041869,1733.1,0.4,BID
1445041869,1733.11,0.1,BID
1445041869,1733.12,0.2137,ASK
1445041869,1733.1,0.2863,ASK
1445041869,1733.1,0.125,ASK
1445041869,1733.1,0.1,ASK
1445041869,1733.1,0.01,ASK
1445041869,1733.11,4.419,BID
1445041870,1733.1,0.5,ASK
1445041870,1733.1,0.066,ASK
1445041872,1733.1,0.01,ASK
1445041872,1733.1,0.5,ASK
1445041872,1733.1,1.0,ASK
1445041872,1733.1,0.1,ASK
1445041872,1733.1,0.219,ASK
1445041874,1733.1,0.1,ASK
1445041874,1733.1,0.399,ASK
1445041874,1733.1,0.01,ASK
1445041876,1733.1,0.193,ASK
1445041876,1733.1,0.01,ASK
1445041876,1733.1,1.0,ASK
1445041876,1733.1,0.5,ASK
1445041876,1733.1,3.1267,ASK
1445041876,1733.01,0.0209,ASK
1445041876,1733.0,1.6821,ASK
1445041877,1733.01,7.0,ASK
1445041877,1733.01,1.698,ASK
1445041877,1733.1,0.06,BID
1445041878,1733.0,0.1,ASK
1445041878,1733.1,0.021,BID
1445041878,1733.0,0.231,ASK
1445041878,1733.0,0.01,ASK
1445041879,1733.0,0.236,ASK
1445041879,1733.0,0.5,ASK
1445041880,1733.0,0.01,ASK
1445041880,1733.01,0.0194,ASK
1445041880,1733.0,0.0456,ASK
1445041882,1733.0,0.011,ASK
1445041882,1733.0,0.5,ASK
1445041883,1733.0,0.18,ASK
1445041884,1733.0,0.001,ASK
1445041884,1733.0,1.087,ASK
1445041884,1733.0,0.01,ASK
1445041885,1733.0,0.04,ASK
1445041885,1733.0,0.186,ASK
1445041885,1733.0,0.5,ASK
1445041886,1733.0,0.01,ASK
1445041886,1733.0,0.14,ASK
1445041887,1733.51,0.14,BID
1445041887,1733.51,0.14,BID
1445041887,1733.96,0.021,BID
1445041887,1733.96,0.0194,BID
1445041887,1734.1,0.5,BID
1445041887,1734.1,0.5,BID
1445041887,1734.2,0.14,BID
1445041887,1734.47,0.0248,BID
1445041887,1734.48,0.4953,BID
1445041887,1734.57,0.0143,BID
1445041887,1734.58,2.5966,BID
1445041887,1734.59,0.01,BID
1445041887,1734.83,0.2387,BID
1445041887,1733.0,3.2975,ASK
1445041888,1733.0,0.5,ASK
1445041888,1733.0,0.01,ASK
1445041888,1733.0,0.948,ASK
1445041889,1733.0,15.4438,ASK
1445041890,1733.0,0.01,ASK
1445041890,1733.01,0.0297,ASK
1445041890,1733.0,0.0703,ASK
1445041891,1733.01,0.0989,ASK
1445041891,1733.0,0.4011,ASK
1445041892,1733.0,0.01,ASK
1445041893,1733.0,0.01,ASK
1445041894,1733.0,0.087,ASK
1445041894,1733.0,0.01,ASK
1445041895,1733.0,0.5,ASK
1445041896,1733.0,0.142,ASK
1445041896,1733.0,0.01,ASK
1445041897,1733.0,0.209,ASK
1445041899,1733.01,0.3988,ASK
1445041899,1733.0,0.1012,ASK
1445041899,1733.0,0.01,ASK
1445041899,1733.0,0.5,ASK
1445041901,1733.01,0.01,ASK
1445041901,1733.01,0.069,ASK
1445041901,1733.01,0.046,ASK
1445041902,1733.01,0.1557,ASK
1445041902,1733.0,0.3443,ASK
1445041903,1733.0,0.1557,ASK
1445041904,1733.0,0.01,ASK
1445041905,1733.0,0.01,ASK
1445041905,1733.0,0.095,ASK
1445041906,1733.0,0.01,ASK
1445041906,1733.0,0.5,ASK
1445041906,1733.5,3.0,ASK
1445041906,1733.5,2.0,ASK
1445041906,1733.5,4.933,ASK
1445041907,1733.0,0.05,ASK
1445041909,1733.0,0.5,ASK
1445041910,1733.0,0.02,ASK
1445041912,1733.01,0.01,ASK
1445041913,1733.01,0.0001,ASK
1445041913,1733.01,0.0893,ASK
1445041913,1733.01,0.029,ASK
1445041913,1732.16,0.3816,ASK
1445041927,1732.22,0.0302,BID
1445041927,1732.23,0.0098,BID
1445041927,1732.23,0.0002,BID
1445041927,1732.26,0.06,BID
1445041941,1732.29,0.016,ASK
1445041946,1732.27,0.0302,ASK
1445041946,1732.26,0.1078,ASK
1445041947,1733.33,0.138,BID
1445041947,1733.45,0.3676,BID
1445041947,1733.46,0.0216,BID
1445041947,1733.47,0.014,BID
1445041947,1733.47,0.1588,BID
1445041950,1732.26,0.012,ASK
1445041950,1733.44,0.0302,BID
1445041951,1733.46,0.02,ASK
1445041951,1733.46,0.4,ASK
1445041952,1733.46,0.105,ASK
1445041952,1733.46,1.0,ASK
1445041952,1733.46,0.105,ASK
1445041952,1733.46,0.08,ASK
1445041952,1733.46,0.105,ASK
1445041952,1733.46,0.4,ASK
1445041952,1733.46,0.5,ASK
1445041953,1733.46,0.01,ASK
1445041954,1733.46,1.1,ASK
1445041954,1733.46,0.75,ASK
1445041955,1733.46,1.4,ASK
1445041955,1733.46,0.01,ASK
1445041956,1733.46,0.5,ASK
1445041957,1733.46,0.6,ASK
1445041957,1733.46,0.337,ASK
1445041959,1733.46,0.01,ASK
1445041959,1733.46,0.1,ASK
1445041960,1733.46,1.53,ASK
1445041960,1733.46,0.5,ASK
1445041960,1733.46,1.0,ASK
1445041960,1733.46,0.0361,ASK
1445041963,1732.46,0.01,BID
1445041964,1732.27,0.0303,ASK
1445041964,1732.27,0.0476,ASK
1445041965,1732.45,0.01,BID
1445041969,1732.44,0.0303,BID
1445041969,1732.45,0.0697,BID
1445041975,1732.45,0.0067,BID
1445041976,1732.46,0.0076,ASK
1445041976,1732.46,1.934,ASK
1445041977,1732.46,0.5,ASK
1445041978,1732.47,0.0303,ASK
1445041978,1732.46,1.6617,ASK
1445041980,1732.46,0.258,ASK
1445042014,1733.46,0.0136,BID
1445042014,1733.47,0.0864,BID
1445042014,1733.47,0.1,BID
1445042014,1733.47,0.0859,BID
1445042014,1733.47,0.014,BID
1445042014,1733.48,0.0001,BID
1445042014,1733.48,0.1,BID
1445042014,1733.48,0.1,BID
1445042022,1732.57,0.01,BID
1445042022,1732.47,0.01,ASK
1445042022,1733.47,0.01,BID
1445042026,1733.47,0.01,BID
1445042029,1733.46,0.01,BID
1445042038,1732.48,0.014,ASK
1445042038,1732.48,0.0136,ASK
1445042038,1732.48,0.0356,ASK
1445042038,1732.47,0.4368,ASK
1445042040,1732.48,4.0,ASK
1445042040,1732.48,5.0,ASK
1445042040,1732.48,2.979,ASK
1445042041,1732.47,0.5,ASK
1445042041,1733.47,0.01,BID
1445042044,1732.48,0.03,ASK
1445042044,1732.48,0.06,ASK
1445042044,1732.47,0.41,ASK
1445042044,1733.45,3.3674,BID
1445042046,1733.44,0.1588,BID
1445042046,1733.45,0.2572,BID
1445042046,1733.45,0.01,BID
1445042050,1733.43,0.01,BID
1445042052,1733.43,0.004,BID
1445042052,1733.43,0.006,BID
1445042054,1733.42,0.01,BID
1445042059,1733.41,0.0203,BID
1445042059,1733.42,0.0497,BID
1445042062,1733.41,0.01,ASK
1445042063,1732.49,0.01,ASK
1445042065,1733.42,0.01,BID
1445042076,1733.44,0.01,BID
1445042086,1732.57,0.0303,ASK
1445042086,1732.56,0.07,ASK
1445042086,1732.53,0.05,ASK
1445042086,1732.48,0.0156,ASK
1445042086,1732.48,0.1341,ASK
1445042090,1733.43,0.0303,BID
1445042090,1733.44,0.003,BID
1445042090,1733.44,0.01,BID
1445042090,1733.45,0.2598,BID
1445042090,1733.48,0.0791,BID
1445042090,1733.48,0.0718,BID
1445042090,1733.49,0.0893,BID
1445042090,1733.49,1.3468,BID
1445042090,1733.5,0.1132,BID
1445042090,1733.51,0.0575,BID
1445042090,1733.52,0.2807,BID
1445042090,1733.95,0.2344,BID
1445042090,1734.24,0.11,BID
1445042090,1734.82,0.0989,BID
1445042090,1734.88,0.764,BID
1445042090,1734.93,0.11,BID
1445042090,1735.0,0.089,BID
1445042091,1733.42,0.07,BID
1445042093,1733.5,0.13,ASK
1445042094,1732.52,0.09,ASK
1445042095,1733.51,0.01,ASK
1445042095,1733.51,0.023,ASK
1445042095,1733.51,0.0073,ASK
1445042095,1733.5,0.1227,ASK
1445042097,1733.51,0.01,ASK
1445042097,1733.5,0.06,ASK
1445042098,1733.5,0.001,ASK
1445042099,1733.5,0.0163,ASK
1445042102,1732.51,0.01,BID
1445042103,1732.48,0.1367,ASK
1445042103,1732.47,0.0348,BID
1445042105,1732.47,0.32,BID
1445042105,1732.47,0.0079,BID
1445042106,1732.72,0.001,BID
1445042106,1733.96,0.09,BID
1445042106,1734.01,0.143,BID
1445042106,1734.76,0.096,BID
1445042132,1734.05,0.0303,BID
1445042132,1734.06,0.0116,BID
1445042132,1734.07,0.231,BID
1445042134,1734.76,1.991,ASK
1445042134,1734.76,0.5,ASK
1445042134,1734.76,0.046,ASK
1445042134,1734.76,3.625,ASK
1445042134,1734.76,2.754,ASK
1445042134,1734.76,1.025,ASK
1445042134,1734.76,2.0,ASK
1445042134,1734.76,0.39,ASK
1445042134,1734.76,1.1931,ASK
1445042134,1732.68,2.58,ASK
1445042134,1732.69,0.0113,ASK
1445042134,1732.68,0.0887,ASK
1445042135,1732.68,0.74,ASK
1445042136,1733.76,0.01,BID
1445042138,1733.76,0.01,BID
1445042140,1733.76,0.01,BID
1445042141,1732.69,0.046,ASK
1445042146,1733.75,0.01,BID
1445042147,1732.7,5.0,BID
1445042147,1732.7,8.902,BID
1445042153,1732.73,0.0303,ASK
1445042153,1732.72,0.4697,ASK
1445042167,1734.04,0.155,ASK
1445042168,1734.04,0.1,ASK
1445042168,1734.04,0.5,ASK
1445042168,1734.04,0.2,ASK
1445042169,1734.04,3.801,ASK
1445042169,1734.04,0.216,ASK
1445042170,1734.04,0.01,ASK
1445042171,1734.04,0.905,ASK
1445042171,1734.04,0.08,ASK
1445042172,1734.04,0.11,ASK
1445042172,1734.04,0.5,ASK
1445042172,1734.04,0.1,ASK
1445042173,1734.05,0.01,ASK
1445042173,1734.05,0.01,ASK
1445042173,1734.05,0.04,ASK
1445042173,1734.04,0.107,ASK
1445042175,1734.04,0.08,ASK
1445042175,1734.04,0.136,ASK
1445042181,1733.04,0.01,BID
1445042181,1733.03,0.0303,BID
1445042181,1733.04,0.206,BID
1445042181,1733.08,0.0597,BID
1445042181,1733.08,0.0203,BID
1445042181,1733.1,6.0,BID
1445042181,1733.1,1.0,BID
1445042181,1733.1,1.954,BID
1445042183,1733.09,0.2757,ASK
1445042183,1733.09,0.296,ASK
1445042184,1733.09,0.296,ASK
1445042184,1733.09,0.204,ASK
1445042185,1733.09,0.092,ASK
1445042185,1733.05,0.216,ASK
1445042185,1733.05,0.216,ASK
1445042185,1732.54,0.068,BID
1445042187,1732.46,0.5,ASK
1445042188,1732.51,0.01,BID
1445042189,1732.51,0.233,BID
1445042191,1734.04,0.1,ASK
1445042192,1734.04,0.153,ASK
1445042193,1734.04,0.34,ASK
1445042193,1734.04,0.5,ASK
1445042194,1734.04,0.035,ASK
1445042195,1734.04,0.035,ASK
1445042196,1734.04,0.11,ASK
1445042197,1734.04,0.11,ASK
1445042198,1734.04,0.1,ASK
1445042198,1734.04,0.517,ASK
1445042199,1732.53,0.0303,ASK
1445042199,1732.52,0.4697,ASK
1445042201,1733.07,0.21,BID
1445042202,1733.08,0.0303,ASK
1445042207,1733.09,0.0303,ASK
1445042207,1733.08,0.1797,ASK
1445042207,1733.08,0.124,ASK
1445042207,1733.08,0.166,ASK
1445042209,1733.08,0.044,ASK
1445042209,1733.08,0.155,ASK
1445042210,1733.08,0.055,ASK
1445042210,1733.08,0.21,ASK
1445042210,1733.08,0.152,ASK
1445042216,1733.04,0.033,BID
1445042226,1733.0,0.02,BID
1445042226,1733.02,0.04,BID
1445042232,1732.47,0.0659,ASK
1445042238,1733.01,0.01,BID
1445042264,1734.23,0.0303,BID
1445042264,1734.24,0.0237,BID
1445042264,1734.24,0.1496,BID
1445042264,1734.25,3.4767,BID
1445042264,1734.25,0.6,ASK
1445042267,1734.25,0.07,ASK
1445042267,1734.25,0.602,ASK
1445042267,1734.25,0.1,ASK
1445042267,1734.25,0.5,ASK
1445042267,1734.25,0.2138,ASK
1445042269,1733.25,0.388,BID
1445042269,1733.25,0.0002,BID
1445042270,1733.26,0.3878,ASK
1445042270,1733.26,0.1122,ASK
1445042271,1734.98,14.0,ASK
1445042271,1734.98,1.188,ASK
1445042272,1733.26,0.2758,ASK
1445042272,1733.26,0.2542,ASK
1445042273,1733.27,0.01,ASK
1445042294,1734.91,0.01,BID
1445042294,1734.97,0.0235,BID
1445042294,1734.98,0.4697,BID
1445042294,1735.0,8.0579,BID
1445042294,1735.06,0.3816,BID
1445042294,1735.16,0.1197,BID
1445042294,1736.93,0.265,BID
1445042294,1736.94,0.475,BID
1445042294,1736.99,0.1698,BID
1445042294,1737.89,0.014,BID
1445042294,1738.49,1.537,BID
1445042296,1734.98,0.697,ASK
1445042298,1734.99,0.0296,ASK
1445042298,1734.98,0.3704,ASK
1445042298,1734.98,0.01,ASK
1445042298,1734.98,0.11,ASK
1445042299,1734.98,0.7095,ASK
1445042299,1732.8,0.1,ASK
1445042299,1732.8,0.21,ASK
1445042299,1732.8,0.267,ASK
1445042299,1732.78,0.132,ASK
1445042299,1732.77,0.101,ASK
1445042300,1733.58,0.01,BID
1445042300,1733.98,0.05,BID
1445042300,1733.98,0.035,BID
1445042301,1733.98,0.118,BID
1445042302,1733.99,0.085,ASK
1445042302,1733.99,0.203,ASK
1445042302,1732.78,0.0304,ASK
1445042302,1732.72,0.6,ASK
1445042302,1732.71,0.9354,ASK
1445042302,1732.46,1.147,ASK
1445042309,1733.97,0.0304,BID
1445042309,1733.98,0.01,BID
1445042309,1733.99,0.014,BID
1445042309,1734.0,0.1296,BID
1445042309,1734.0,0.1498,BID
1445042310,1734.01,0.014,ASK
1445042311,1734.01,0.0532,ASK
1445042311,1733.98,0.01,ASK
1445042312,1732.85,0.537,ASK
1445042321,1734.73,0.001,BID
1445042339,1733.02,0.0304,ASK
1445042339,1733.01,0.0175,ASK
1445042339,1733.01,0.0109,ASK
1445042339,1733.0,0.0112,ASK
1445042343,1733.91,0.01,BID
1445042346,1733.87,0.01,BID
1445042348,1733.85,0.01,BID
1445042350,1733.85,0.01,BID
1445042359,1733.85,0.0104,BID
1445042359,1733.86,0.0269,BID
1445042359,1733.87,0.2307,BID
1445042359,1733.87,0.2,BID
1445042359,1733.87,0.0963,BID
1445042360,1733.88,0.1717,ASK
1445042361,1733.03,11.0,BID
1445042361,1733.03,4.149,BID
1445042364,1733.19,0.153,BID
1445042365,1733.82,0.01,BID
1445042366,1733.82,0.01,BID
1445042368,1733.82,0.0003,BID
1445042369,1733.82,0.0097,ASK
1445042371,1733.82,0.0103,BID
1445042371,1733.83,0.1427,BID
1445042372,1733.82,0.01,BID
1445042372,1733.83,0.143,BID
1445042372,1733.83,0.1196,BID
1445042373,1733.84,0.0334,ASK
1445042375,1733.81,0.0166,BID
1445042377,1733.84,0.042,ASK
1445042383,1733.88,0.011,ASK
1445042385,1733.88,0.039,ASK
1445042387,1733.89,0.06,ASK
1445042387,1733.88,0.44,ASK
1445042388,1733.89,11.0,ASK
1445042388,1733.89,6.0,ASK
1445042388,1733.89,2.273,ASK
1445042390,1733.88,0.5,ASK
1445042392,1733.83,0.001,ASK
1445042394,1733.36,1.815,BID
1445042394,1734.98,0.01,BID
1445042394,1734.98,0.0299,BID
1445042394,1734.98,0.5,BID
1445042394,1734.99,0.039,BID
1445042394,1734.99,0.44,BID
1445042394,1734.99,0.0899,BID
1445042394,1735.0,0.8912,BID
1445042394,1735.0,2.58,BID
1445042395,1735.0,0.01,BID
1445042406,1733.56,0.18,ASK
1445042406,1733.38,3.7484,ASK
1445042446,1734.91,0.01,BID
1445042450,1734.9,0.01,BID
1445042452,1734.89,0.001,BID
1445042452,1734.9,0.009,BID
1445042454,1734.89,0.01,BID
1445042456,1734.89,0.01,BID
1445042457,1734.89,0.01,BID
1445042459,1734.89,0.01,BID
1445042462,1734.89,0.01,BID
1445042463,1734.25,18.289,BID
1445042464,1734.24,0.99,ASK
1445042465,1734.88,0.01,BID
1445042465,1734.25,0.0304,ASK
1445042465,1734.24,0.0234,ASK
1445042467,1734.24,0.0628,ASK
1445042468,1734.87,0.01,BID
1445042470,1734.88,0.01,BID
1445042472,1734.87,0.01,BID
1445042474,1734.21,0.072,ASK
1445042474,1734.87,0.01,BID
1445042476,1734.22,0.048,ASK
1445042476,1734.22,0.038,ASK
1445042476,1734.22,0.04,ASK
1445042476,1734.21,0.422,ASK
1445042478,1734.21,1.2256,ASK
1445042478,1734.86,0.01,BID
1445042479,1734.86,0.01,BID
1445042480,1734.22,0.0613,ASK
1445042489,1734.85,0.01,BID
1445042490,1734.85,0.01,BID
1445042492,1734.84,0.01,BID
1445042500,1733.77,0.5,ASK
1445042501,1734.83,0.01,BID
1445042503,1734.83,0.01,BID
1445042504,1733.77,0.1,ASK
1445042504,1733.77,0.06,ASK
1445042504,1733.76,0.0268,ASK
1445042504,1733.76,0.0228,ASK
1445042504,1733.75,0.2904,ASK
1445042506,1734.85,0.01,BID
1445042507,1733.78,0.5,ASK
1445042510,1734.84,0.01,ASK
1445042510,1733.54,0.49,ASK
1445042511,1733.84,0.01,BID
1445042530,1734.84,0.1607,BID
1445042530,1734.84,4.0388,ASK
1445042531,1734.84,0.0104,ASK
1445042532,1734.84,0.5,ASK
1445042532,1734.84,2.58,ASK
1445042533,1734.84,0.329,ASK
1445042533,1734.84,1.0274,ASK
1445042534,1733.8,0.001,ASK
1445042534,1733.56,0.1608,ASK
1445042534,1733.55,1.8382,ASK
1445042534,1734.11,0.153,BID
1445042535,1734.11,0.4,BID
1445042535,1734.11,0.0916,BID
1445042545,1734.91,0.06,BID
1445042545,1734.92,0.011,BID
1445042545,1734.92,0.011,BID
1445042545,1734.93,0.039,BID
1445042546,1734.93,0.376,BID
1445042547,1734.94,0.039,ASK
1445042549,1734.91,0.01,BID
1445042549,1734.9,0.0242,BID
1445042549,1734.91,0.0968,BID
1445042551,1734.91,0.01,BID
1445042553,1734.9,0.01,BID
1445042555,1734.9,0.0088,BID
1445042558,1734.21,0.01,BID
1445042565,1733.75,0.01,BID
1445042565,1733.75,0.01,BID
1445042565,1733.75,0.08,BID
1445042570,1734.9,0.01,BID
1445042570,1734.9,0.0083,BID
1445042570,1734.9,0.2117,BID
1445042573,1734.89,0.01,BID
1445042575,1734.89,0.0035,BID
1445042575,1734.89,0.0965,BID
1445042576,1734.89,0.1139,BID
1445042576,1734.9,0.0631,BID
1445042577,1734.9,0.1,BID
1445042579,1734.89,0.01,BID
1445042586,1734.9,0.1252,BID
1445042586,1734.98,0.6,BID
1445042586,1735.0,0.4946,BID
1445042586,1735.0,21.941,BID
1445042587,1735.0,0.0183,ASK
1445042587,1735.0,0.0419,ASK
1445042587,1735.0,0.03,ASK
1445042588,1735.0,0.152,ASK
1445042588,1735.0,0.1,ASK
1445042589,1735.0,0.01,ASK
1445042589,1735.01,0.5,ASK
1445042590,1735.0,0.249,ASK
1445042593,1735.01,0.01,ASK
1445042593,1735.01,0.0304,ASK
1445042593,1735.0,0.1596,ASK
1445042594,1735.0,0.5,ASK
1445042595,1735.0,0.157,ASK
1445042595,1735.0,0.04,ASK
1445042596,1735.01,0.5,ASK
1445042597,1735.01,0.1,ASK
1445042597,1735.0,0.113,ASK
1445042598,1735.0,0.04,ASK
1445042598,1735.0,0.088,ASK
1445042599,1735.01,0.06,ASK
1445042599,1735.0,0.44,ASK
1445042600,1735.0,0.996,ASK
1445042602,1735.0,2.639,ASK
1445042602,1735.0,0.5,ASK
1445042604,1735.0,0.392,ASK
1445042605,1735.0,0.5,ASK
1445042607,1735.0,0.41,ASK
1445042610,1735.0,0.5,ASK
1445042611,1735.0,0.517,ASK
1445042613,1735.0,0.08,ASK
1445042613,1735.0,0.5,ASK
1445042613,1735.0,0.079,ASK
1445042615,1735.0,0.04,ASK
1445042615,1735.0,0.5,ASK
1445042617,1735.0,2.951,ASK
1445042618,1735.0,0.5,ASK
1445042618,1735.0,0.16,ASK
1445042619,1735.0,0.05,ASK
1445042621,1735.0,0.182,ASK
1445042621,1735.0,0.5,ASK
1445042623,1735.0,0.205,ASK
1445042625,1735.0,0.011,ASK
1445042626,1735.0,0.5,ASK
1445042627,1735.0,0.011,ASK
1445042629,1735.0,0.5,ASK
1445042631,1735.0,2.9338,ASK
1445042636,1735.67,0.0304,BID
1445042636,1735.68,0.06,BID
1445042636,1735.71,0.1396,BID
1445042652,1735.19,0.5,ASK
1445042653,1735.19,0.415,ASK
1445042654,1735.71,0.01,BID
1445042654,1735.2,0.0656,ASK
1445042654,1735.19,0.0944,ASK
1445042655,1735.19,0.05,ASK
1445042656,1735.7,0.01,BID
1445042656,1735.2,0.039,ASK
1445042656,1735.19,0.461,ASK
1445042658,1735.19,0.039,ASK
1445042658,1735.19,0.08,ASK
1445042658,1735.7,0.01,BID
1445042660,1735.7,0.01,BID
1445042661,1735.19,0.173,ASK
1445042661,1735.7,0.01,BID
1445042664,1735.7,0.01,BID
1445042666,1735.7,0.0156,BID
1445042666,1735.7,0.039,BID
1445042666,1735.71,0.5214,BID
1445042666,1735.71,0.0104,BID
1445042668,1735.71,0.075,BID
1445042668,1735.2,0.01,ASK
1445042669,1735.71,0.01,BID
1445042670,1735.71,0.01,BID
1445042671,1735.71,1.0,BID
1445042671,1735.71,0.02,BID
1445042672,1735.71,0.05,BID
1445042673,1735.2,0.01,ASK
1445042674,1735.71,0.14,BID
1445042674,1735.71,0.14,BID
1445042674,1735.71,0.14,BID
1445042675,1735.71,0.14,BID
1445042675,1735.21,0.017,ASK
1445042675,1735.71,0.524,BID
1445042676,1735.71,0.144,BID
1445042677,1735.71,0.01,BID
1445042682,1735.7,0.02,BID
1445042682,1735.71,3.0203,BID
1445042688,1735.71,0.6,BID
1445042693,1735.71,0.01,BID
1445042699,1735.71,3.1183,BID
1445042702,1735.76,0.129,ASK
1445042704,1735.76,0.069,ASK
1445042709,1735.77,0.023,ASK
1445042711,1735.77,0.5,ASK
1445042718,1735.78,0.06,ASK
1445042718,1735.78,0.44,ASK
1445042749,1735.99,0.06,BID
1445042749,1736.0,0.01,BID
1445042749,1737.81,0.01,BID
1445042762,1736.99,0.017,BID
1445042762,1737.0,0.01,BID
1445042764,1737.4,0.01,ASK
1445042764,1737.4,0.963,ASK
1445042765,1737.4,0.291,ASK
1445042765,1735.81,0.209,ASK
1445042765,1735.81,0.04,ASK
1445042768,1736.4,0.01,BID
1445042770,1736.4,0.127,BID
1445042770,1736.45,0.055,BID
1445042773,1736.46,0.01,ASK
1445042775,1736.47,0.0304,ASK
1445042779,1736.45,0.01,BID
1445042801,1736.47,0.01,ASK
1445042815,1737.58,0.0304,ASK
1445042815,1737.58,0.1,ASK
1445042816,1737.58,0.5,ASK
1445042816,1737.58,0.4,ASK
1445042816,1737.58,0.521,ASK
1445042817,1737.58,0.094,ASK
1445042818,1737.58,0.9481,ASK
1445042819,1736.6,0.001,ASK
1445042819,1736.08,0.06,ASK
1445042819,1736.08,0.439,ASK
1445042819,1736.08,0.1,ASK
1445042822,1736.09,0.01,ASK
1445042825,1736.57,0.01,BID
1445042827,1736.53,0.198,BID
1445042827,1736.57,0.05,BID
1445042827,1736.58,0.094,BID
1445042848,1736.09,0.127,ASK
1445042848,1736.08,0.0287,ASK
1445042848,1736.08,0.3443,ASK
1445042848,1736.08,0.03,ASK
1445042854,1736.15,0.0363,ASK
1445042854,1736.12,0.5637,ASK
1445042865,1736.21,0.0304,ASK
1445042865,1736.2,0.06,ASK
1445042865,1736.19,0.0804,ASK
1445042865,1736.19,0.0126,ASK
1445042865,1736.19,0.0288,ASK
1445042865,1736.18,0.2878,ASK
1445042865,1736.18,0.06,ASK
1445042868,1736.2,0.5,ASK
1445042869,1737.93,0.127,BID
1445042869,1737.94,0.9133,BID
1445042869,1737.94,0.541,BID
1445042869,1737.95,0.0196,BID
1445042869,1737.96,0.5637,BID
1445042869,1738.13,0.0304,ASK
1445042869,1738.13,0.08,ASK
1445042870,1738.13,3.0403,ASK
1445042871,1738.13,0.75,ASK
1445042871,1738.13,0.0234,ASK
1445042871,1738.13,0.0759,ASK
1445042871,1738.0,0.2124,ASK
1445042871,1738.0,0.1,ASK
1445042872,1738.13,0.01,BID
1445042872,1738.13,0.0204,BID
1445042872,1738.0,0.2,ASK
1445042872,1738.0,0.5,ASK
1445042872,1738.0,0.24,ASK
1445042872,1738.0,0.8493,ASK
1445042872,1738.0,2.9846,ASK
1445042873,1737.96,0.2,ASK
1445042873,1737.96,0.0883,ASK
1445042873,1736.6,0.2717,ASK
1445042874,1736.61,22.583,ASK
1445042875,1736.6,0.3031,ASK
1445042876,1736.61,0.0152,ASK
1445042876,1736.25,0.4848,ASK
1445042877,1736.25,0.0152,ASK
1445042879,1736.25,0.361,ASK
1445042880,1736.25,0.5,ASK
1445042883,1736.15,0.01,BID
1445042884,1736.15,0.5,BID
1445042884,1736.15,0.339,BID
1445042887,1736.16,0.061,ASK
1445042889,1736.08,0.5,ASK
1445042890,1736.98,17.779,ASK
1445042892,1735.96,0.088,ASK
1445042894,1736.01,0.01,ASK
1445042896,1736.01,0.11,ASK
1445042897,1736.97,0.06,BID
1445042898,1737.0,0.706,ASK
1445042899,1737.0,0.207,ASK
1445042899,1737.0,0.5,ASK
1445042899,1737.0,0.1,ASK
1445042899,1737.0,0.4,ASK
1445042900,1737.0,0.18,ASK
1445042900,1737.0,0.01,ASK
1445042901,1737.0,1.236,ASK
1445042902,1737.0,0.4,ASK
1445042902,1737.0,0.5,ASK
1445042902,1737.0,5.3707,ASK
1445042903,1737.0,0.48,ASK
1445042904,1737.0,1.0,ASK
1445042904,1737.0,0.1,ASK
1445042905,1737.0,0.259,ASK
1445042905,1737.0,0.01,ASK
1445042906,1737.0,0.5,ASK
1445042907,1737.0,0.05,ASK
1445042907,1737.0,0.2,ASK
1445042907,1737.0,1.0,ASK
1445042909,1737.01,0.06,ASK
1445042909,1737.0,1.197,ASK
1445042910,1737.0,0.01,ASK
1445042910,1737.0,0.5,ASK
1445042911,1737.0,0.039,ASK
1445042911,1737.0,0.01,ASK
1445042912,1737.0,0.039,ASK
1445042913,1737.0,0.5,ASK
1445042914,1737.0,0.134,ASK
1445042914,1737.0,0.01,ASK
1445042914,1737.0,0.134,ASK
1445042916,1737.0,0.5,ASK
1445042916,1737.0,0.963,ASK
1445042916,1737.0,0.963,ASK
1445042917,1737.0,0.1,ASK
1445042918,1737.0,0.1,ASK
1445042918,1737.0,0.01,ASK
1445042919,1737.0,0.5,ASK
1445042919,1737.0,0.01,ASK
1445042920,1737.0,0.378,ASK
1445042922,1737.0,1.0,ASK
1445042922,1737.0,0.01,ASK
1445042922,1737.0,0.5,ASK
1445042922,1737.0,0.209,ASK
1445042924,1737.0,0.014,ASK
1445042924,1737.0,0.01,ASK
1445042925,1737.0,0.5,ASK
1445042925,1737.0,0.458,ASK
1445042926,1737.0,2.991,ASK
1445042926,1737.0,0.06,ASK
1445042927,1737.0,0.01,ASK
1445042927,1737.0,1.0,ASK
1445042928,1737.0,0.035,ASK
1445042928,1737.0,0.5,ASK
1445042929,1737.0,0.1,ASK
1445042930,1737.0,0.01,ASK
1445042930,1737.0,0.66,ASK
1445042931,1737.0,0.5,ASK
1445042932,1737.0,0.23,ASK
1445042933,1737.0,0.7,ASK
1445042934,1737.0,0.014,ASK
1445042934,1737.0,0.5,ASK
1445042934,1737.0,1.0,ASK
1445042935,1737.01,17.0,ASK
1445042935,1737.01,4.442,ASK
1445042935,1737.0,0.01,ASK
1445042935,1737.0,1.03,ASK
1445042936,1737.0,0.666,ASK
1445042937,1737.0,0.413,ASK
1445042938,1737.0,0.08,ASK
1445042938,1737.0,1.0,ASK
1445042938,1737.0,0.01,ASK
1445042939,1737.0,0.387,ASK
1445042941,1737.0,0.5,ASK
1445042941,1737.0,0.5273,ASK
1445042941,1737.0,0.1527,ASK
1445042942,1737.0,0.01,ASK
1445042943,1737.0,0.05,ASK
1445042943,1737.0,0.253,ASK
1445042944,1737.0,0.1,ASK
1445042944,1737.0,0.01,ASK
1445042944,1737.0,0.5,ASK
1445042945,1737.0,0.822,ASK
1445042946,1737.0,0.01,ASK
1445042946,1737.0,0.084,ASK
1445042947,1737.01,2.0,ASK
1445042947,1737.01,19.066,ASK
1445042947,1737.0,0.0083,ASK
1445042947,1737.0,0.0088,ASK
1445042947,1736.99,0.4829,ASK
1445042948,1736.99,0.014,ASK
1445042949,1736.99,0.152,ASK
1445042950,1736.99,1.0,ASK
1445042950,1736.99,0.5,ASK
1445042952,1736.99,0.7296,ASK
1445042953,1736.03,0.1,ASK
1445042956,1737.0,0.01,BID
1445042958,1736.99,0.025,BID
1445042958,1737.0,0.49,BID
1445042958,1737.0,1.3311,BID
1445042959,1736.02,1.0,ASK
1445042959,1736.99,0.01,ASK
1445042963,1736.95,0.1,BID
1445042963,1736.95,0.01,BID
1445042965,1736.95,0.01,BID
1445042967,1736.94,0.06,BID
1445042967,1736.99,0.0118,BID
1445042967,1736.99,0.0701,BID
1445042967,1737.0,1.6375,BID
1445042969,1737.02,0.0667,ASK
1445042970,1737.07,0.0718,BID
1445042970,1737.99,0.0382,BID
1445042971,1736.06,0.0396,ASK
1445042971,1736.06,0.0118,ASK
1445042971,1736.06,0.0153,ASK
1445042971,1736.06,0.0549,ASK
1445042971,1736.05,0.0111,ASK
1445042974,1736.11,0.01,ASK
1445042974,1736.53,0.01,BID
1445042974,1736.11,0.01,ASK
1445042975,1737.97,0.01,BID
1445042980,1737.0,0.2245,BID
1445042980,1737.5,0.0112,ASK
1445042981,1737.5,0.0112,ASK
1445042983,1737.5,0.244,ASK
1445042983,1737.5,0.1,ASK
1445042983,1737.5,0.329,ASK
1445042983,1737.5,0.1281,ASK
1445042983,1736.16,9.0,ASK
1445042983,1736.16,4.604,ASK
1445042984,1736.15,0.0288,ASK
1445042984,1736.14,0.4712,ASK
1445042984,1736.14,0.1038,ASK
1445042984,1736.14,0.0172,ASK
1445042986,1736.64,0.121,BID
1445042988,1736.65,0.02,ASK
1445042989,1736.97,0.5,BID
1445042990,1737.48,0.0166,BID
1445042990,1737.99,0.4618,BID
1445042990,1738.7,0.05,BID
1445042990,1738.7,0.025,BID
1445042990,1739.05,0.0104,BID
1445042990,1739.78,0.0062,BID
1445042991,1736.66,0.01,ASK
1445042993,1736.66,0.05,ASK
1445042993,1736.17,0.01,ASK
1445042994,1736.67,0.01,ASK
1445042994,1736.18,0.011,ASK
1445042994,1736.17,0.029,ASK
1445042995,1736.18,0.025,ASK
1445042996,1736.18,0.0295,ASK
1445042996,1736.17,0.0005,ASK
1445043005,1736.93,0.06,BID
1445043005,1739.74,0.07,BID
1445043011,1736.23,0.0164,ASK
1445043011,1736.23,0.0076,ASK
1445043014,1736.23,0.0524,ASK
1445043014,1736.18,0.6636,ASK
1445043017,1736.18,0.0524,ASK
1445043018,1736.87,0.01,BID
1445043019,1736.23,0.716,ASK
1445043019,1736.21,0.063,ASK
1445043020,1736.87,0.01,BID
1445043020,1736.86,3.0,BID
1445043020,1736.86,3.514,BID
1445043022,1736.21,0.175,ASK
1445043023,1736.87,0.01,ASK
1445043025,1736.39,0.011,ASK
1445043026,1736.39,0.5,ASK
1445043026,1736.83,0.01,BID
1445043028,1736.39,0.4394,ASK
1445043028,1736.17,0.5,ASK
1445043028,1736.83,0.0047,BID
1445043029,1736.83,0.0053,ASK
1445043029,1736.78,6.686,ASK
1445043030,1736.79,0.3577,BID
1445043031,1736.22,0.009,ASK
1445043031,1736.17,0.001,ASK
1445043031,1736.17,0.01,ASK
1445043032,1736.79,0.01,BID
1445043034,1736.78,0.01,BID
1445043034,1736.78,0.0077,BID
1445043034,1736.79,0.3323,BID
1445043038,1736.78,0.01,BID
1445043040,1736.76,0.01,BID
1445043040,1736.76,0.001,BID
1445043040,1736.78,0.04,BID
1445043040,1736.8,0.0147,BID
1445043040,1736.81,0.293,BID
1445043042,1737.0,0.009,ASK
1445043042,1736.78,0.001,ASK
1445043043,1736.24,0.01,ASK
1445043048,1737.0,0.5,ASK
1445043050,1737.01,0.06,ASK
1445043050,1737.0,0.021,ASK
1445043050,1737.0,0.03,ASK
1445043050,1737.0,0.123,ASK
1445043051,1737.0,0.013,ASK
1445043053,1737.0,0.313,ASK
1445043053,1736.55,0.313,ASK
1445043055,1736.55,0.1,ASK
1445043055,1736.55,0.23,ASK
1445043055,1736.55,0.631,ASK
1445043055,1736.29,6.4494,ASK
1445043055,1736.27,0.575,ASK
1445043055,1736.19,0.0036,ASK
1445043055,1736.18,0.7266,ASK
1445043055,1736.17,0.8818,ASK
1445043055,1736.17,0.9,ASK
1445043055,1736.0,15.0919,ASK
1445043055,1736.0,3.241,ASK
1445043055,1736.0,1.0,ASK
1445043055,1736.0,6.6477,ASK
1445043057,1736.6,0.019,ASK
1445043059,1736.6,0.687,ASK
1445043059,1736.01,0.019,ASK
1445043089,1736.87,0.08,ASK
1445043090,1736.87,0.5,ASK
1445043091,1737.75,0.706,BID
1445043091,1737.78,0.575,BID
1445043091,1737.8,0.1004,BID
1445043091,1737.81,0.6,BID
1445043091,1737.86,0.07,BID
1445043091,1738.05,0.001,BID
1445043091,1738.78,0.542,BID
1445043091,1738.85,0.7962,BID
1445043091,1738.86,0.05,BID
1445043091,1739.43,0.162,BID
1445043091,1736.87,0.01,ASK
1445043092,1737.76,3.503,BID
1445043093,1736.87,0.5,ASK
1445043095,1737.0,0.012,ASK
1445043095,1737.0,0.024,ASK
1445043096,1737.0,0.3217,ASK
1445043096,1736.92,0.1783,ASK
1445043096,1736.92,0.3217,ASK
1445043096,1736.92,0.07,ASK
1445043098,1737.01,0.01,ASK
1445043099,1736.9,0.039,ASK
1445043100,1736.9,0.089,ASK
1445043100,1736.88,0.06,ASK
1445043100,1736.88,0.1063,ASK
1445043100,1736.88,0.2447,ASK
1445043101,1736.88,0.07,ASK
1445043102,1737.0,0.001,ASK
1445043102,1736.88,0.069,ASK
1445043103,1736.88,0.2163,ASK
1445043103,1736.88,0.2197,ASK
1445043103,1736.88,0.5,ASK
1445043104,1736.88,0.0774,ASK
1445043104,1736.87,0.1426,ASK
1445043105,1737.03,0.05,ASK
1445043106,1737.03,0.016,ASK
1445043107,1737.03,0.5,ASK
1445043107,1737.03,0.009,ASK
1445043107,1736.9,0.025,ASK
1445043107,1736.89,0.209,ASK
1445043109,1736.89,0.291,ASK
1445043109,1736.87,0.234,ASK
1445043110,1736.87,0.5,ASK
1445043110,1736.87,0.291,ASK
1445043111,1738.75,0.066,BID
1445043111,1738.77,0.06,BID
1445043111,1738.78,7.8852,BID
1445043111,1738.78,4.0,BID
1445043111,1738.79,0.2786,BID
1445043113,1737.0,0.3577,ASK
1445043113,1736.88,0.0184,ASK
1445043113,1736.87,0.3959,ASK
1445043113,1736.92,0.067,ASK
1445043113,1736.87,0.433,ASK
1445043113,1736.87,0.018,ASK
1445043116,1737.04,0.5,ASK
1445043116,1737.04,0.067,ASK
1445043117,1737.04,0.5576,ASK
1445043118,1737.04,0.19,ASK
1445043118,1737.05,9.0,ASK
1445043118,1737.05,8.026,ASK
1445043119,1737.04,0.4603,ASK
1445043119,1736.89,0.0397,ASK
1445043124,1737.05,0.06,ASK
1445043124,1736.89,0.04,ASK
1445043125,1736.9,5.453,ASK
1445043125,1736.89,0.0576,ASK
1445043138,1736.89,0.1,ASK
1445043146,1736.89,0.1,ASK
1445043150,1737.81,0.01,ASK
1445043151,1737.81,0.013,ASK
1445043151,1736.89,0.01,ASK
1445043152,1736.95,0.01,BID
1445043158,1736.95,0.002,BID
1445043158,1736.97,0.06,BID
1445043159,1737.0,0.108,ASK
1445043160,1736.87,0.1,ASK
1445043160,1736.92,0.4,BID
1445043160,1736.87,0.058,ASK
1445043162,1736.92,0.062,BID
1445043164,1736.93,0.045,ASK
1445043171,1738.42,0.0352,BID
1445043171,1738.43,0.586,BID
1445043181,1738.37,0.0304,BID
1445043181,1738.38,0.118,BID
1445043181,1738.4,0.01,BID
1445043181,1738.58,0.3473,ASK
1445043184,1738.58,0.227,ASK
1445043184,1738.58,1.0,ASK
1445043184,1738.58,0.9,ASK
1445043184,1738.58,0.607,ASK
1445043184,1738.58,0.01,ASK
1445043184,1738.58,0.01,ASK
1445043184,1738.58,0.852,ASK
1445043184,1738.58,0.5,ASK
1445043185,1738.58,0.09,ASK
1445043185,1738.58,0.18,ASK
1445043185,1738.58,0.5,ASK
1445043185,1738.58,1.0,ASK
1445043186,1738.58,0.01,ASK
1445043188,1738.58,0.5,ASK
1445043188,1738.58,0.5,ASK
1445043190,1738.58,0.2,ASK
1445043190,1738.58,0.2,ASK
1445043190,1738.58,0.08,ASK
1445043190,1738.58,0.1,ASK
1445043190,1738.58,0.01,ASK
1445043190,1738.83,4.0,ASK
1445043190,1738.83,17.377,ASK
1445043191,1738.58,0.02,ASK
1445043191,1738.58,0.5,ASK
1445043191,1738.58,0.507,ASK
1445043192,1738.58,3.22,ASK
1445043193,1738.59,0.01,ASK
1445043194,1738.59,0.0129,ASK
1445043194,1738.59,0.06,ASK
1445043194,1738.58,4.9271,ASK
1445043196,1738.58,0.1,ASK
1445043196,1738.58,0.1,ASK
1445043196,1738.58,0.1,ASK
1445043197,1738.58,0.7,ASK
1445043197,1738.58,0.5,ASK
1445043197,1738.58,0.13,ASK
1445043199,1738.58,2.516,ASK
1445043199,1738.58,4.529,ASK
1445043199,1738.58,0.18,ASK
1445043199,1738.58,0.01,ASK
1445043199,1738.58,0.27,ASK
1445043199,1738.58,0.5,ASK
1445043199,1738.58,0.013,ASK
1445043200,1738.58,0.1,ASK
1445043200,1738.58,0.07,ASK
1445043200,1738.58,0.5,ASK
1445043201,1738.58,0.031,ASK
1445043201,1738.58,0.01,ASK
1445043201,1738.58,0.5,ASK
1445043201,1738.58,0.023,ASK
1445043203,1738.58,0.1,ASK
1445043204,1738.58,0.04,ASK
1445043204,1738.58,0.01,ASK
1445043205,1738.82,0.06,BID
1445043205,1738.83,0.01,BID
1445043205,1738.84,0.0683,BID
1445043205,1738.84,0.055,ASK
1445043205,1738.84,0.12,ASK
1445043207,1738.84,0.5,ASK
1445043208,1738.85,4.0,ASK
1445043208,1738.85,9.393,ASK
1445043208,1738.84,1.889,ASK
1445043209,1738.84,0.157,ASK
1445043209,1738.84,0.1,ASK
1445043210,1738.84,0.2,ASK
1445043211,1738.84,0.2,ASK
1445043212,1738.84,0.01,ASK
1445043213,1738.84,0.157,ASK
1445043213,1738.84,0.564,ASK
1445043214,1738.84,0.2,ASK
1445043214,1738.84,0.1,ASK
1445043216,1738.84,0.01,ASK
1445043216,1738.84,0.5,ASK
1445043216,1738.84,0.296,ASK
1445043217,1738.84,0.04,ASK
1445043217,1738.84,0.09,ASK
1445043218,1738.84,0.07,ASK
1445043218,1738.84,0.124,ASK
1445043219,1738.84,0.1156,ASK
1445043219,1738.79,0.0084,ASK
1445043222,1738.79,0.0516,ASK
1445043222,1738.58,1.0555,ASK
1445043222,1738.21,0.0456,ASK
1445043224,1736.89,1.0,BID
1445043224,1736.89,1.0,BID
1445043224,1736.89,0.4,BID
1445043224,1736.89,1.0,BID
1445043224,1736.89,1.0,BID
1445043226,1736.89,0.4,BID
1445043226,1736.89,1.52,BID
1445043227,1736.87,0.04,ASK
1445043231,1736.87,0.5,ASK
1445043231,1736.89,2.0,BID
1445043231,1736.87,0.0484,ASK
1445043231,1736.89,0.4,BID
1445043232,1736.89,0.4,BID
1445043235,1736.87,0.5,ASK
1445043237,1736.89,0.01,BID
1445043238,1736.89,0.223,BID
1445043238,1738.58,0.1,BID
1445043238,1738.89,0.05,BID
1445043238,1738.9,1.0,BID
1445043238,1738.97,0.5274,BID
1445043238,1738.98,0.1,BID
1445043238,1739.44,0.008,BID
1445043238,1739.82,0.1248,BID
1445043238,1739.83,0.0206,BID
1445043238,1739.98,2.3986,BID
1445043238,1739.98,0.1,BID
1445043238,1739.99,0.45,BID
1445043238,1739.99,0.841,BID
1445043238,1736.9,0.233,ASK
1445043238,1736.9,0.233,ASK
1445043238,1736.9,0.034,ASK
1445043239,1736.97,0.06,BID
1445043240,1738.84,0.08,ASK
1445043242,1738.84,0.2,ASK
1445043242,1738.85,0.0304,ASK
1445043242,1738.84,0.0696,ASK
1445043242,1738.84,1.0,ASK
1445043242,1738.84,0.5,ASK
1445043242,1738.84,0.8,ASK
1445043242,1738.84,7.4738,ASK
1445043243,1738.84,1.512,ASK
1445043243,1738.84,1.233,ASK
1445043243,1738.84,0.8,ASK
1445043244,1738.84,0.2,ASK
1445043244,1738.84,0.01,ASK
1445043244,1738.84,0.192,ASK
1445043244,1738.84,0.038,ASK
1445043245,1738.84,0.5,ASK
1445043245,1738.84,0.2,ASK
1445043245,1738.84,0.03,ASK
1445043246,1738.84,1.233,ASK
1445043246,1738.84,0.75,ASK
1445043247,1738.84,0.01,ASK
1445043247,1738.84,0.973,ASK
1445043248,1738.84,0.5,ASK
1445043249,1738.84,0.01,ASK
1445043249,1738.84,0.18,ASK
1445043249,1738.84,0.1,ASK
1445043249,1738.84,4.0456,ASK
1445043251,1737.84,0.06,BID
1445043252,1737.84,0.2294,BID
1445043254,1738.84,0.1103,ASK
1445043254,1736.92,0.0343,ASK
1445043254,1736.92,0.0363,ASK
1445043254,1736.92,0.3191,ASK
1445043255,1736.92,0.08,ASK
1445043266,1736.88,0.036,ASK
1445043270,1739.73,0.0206,BID
1445043270,1739.73,0.0199,BID
1445043270,1739.73,0.036,BID
1445043270,1739.74,0.4118,BID
1445043270,1739.74,0.3991,BID
1445043270,1739.97,0.03,BID
1445043270,1739.98,0.6,BID
1445043270,1739.98,0.1264,BID
1445043270,1739.99,3.757,BID
1445043281,1737.7,0.0575,ASK
1445043281,1737.69,0.4425,ASK
1445043282,1737.69,0.7076,ASK
1445043282,1737.03,0.0358,ASK
1445043282,1736.99,0.0305,ASK
1445043282,1736.98,0.6,ASK
1445043282,1736.98,0.01,ASK
1445043282,1736.97,4.0,ASK
1445043282,1736.95,0.01,ASK
1445043282,1736.9,3.5815,ASK
1445043296,1736.97,0.159,ASK
1445043300,1736.97,0.5,ASK
1445043304,1736.97,0.077,ASK
1445043304,1736.92,0.423,ASK
1445043307,1736.92,0.5,ASK
1445043311,1736.92,0.5,ASK
1445043311,1739.84,7.0,ASK
1445043311,1739.84,7.607,ASK
1445043314,1736.92,0.5,ASK
1445043317,1736.93,0.0238,ASK
1445043317,1736.92,0.4758,ASK
1445043317,1736.92,0.0004,ASK
1445043320,1736.92,0.049,ASK
1445043320,1736.92,0.451,ASK
1445043323,1736.92,0.5,ASK
1445043325,1736.92,0.5,ASK
1445043328,1736.92,0.5,ASK
1445043331,1736.92,0.089,ASK
1445043331,1736.91,0.411,ASK
1445043332,1736.92,1.0,ASK
1445043332,1736.92,6.736,ASK
1445043334,1736.95,0.5,ASK
1445043338,1736.91,0.3971,ASK
1445043338,1736.91,0.1029,ASK
1445043338,1739.56,0.0368,BID
1445043338,1739.57,0.736,BID
1445043338,1739.61,0.06,BID
1445043338,1739.61,0.0206,BID
1445043338,1739.62,0.4118,BID
1445043338,1739.62,4.0,BID
1445043338,1739.66,0.119,BID
1445043338,1739.73,2.3999,BID
1445043338,1739.8,3.5815,BID
1445043338,1739.99,5.7668,BID
1445043338,1736.91,0.195,ASK
1445043341,1736.92,0.0483,ASK
1445043341,1736.92,0.1191,ASK
1445043341,1736.92,0.0146,ASK
1445043349,1737.02,0.5,ASK
1445043354,1737.03,0.01,ASK
1445043357,1737.03,0.218,ASK
1445043359,1737.06,0.5,ASK
1445043367,1737.07,0.01,ASK
1445043369,1737.07,0.01,ASK
1445043369,1737.07,0.5,ASK
1445043375,1739.33,0.01,BID
1445043375,1737.08,0.06,ASK
1445043375,1737.08,0.204,ASK
1445043375,1737.08,0.236,ASK
1445043377,1737.08,0.04,ASK
1445043378,1737.08,0.224,ASK
1445043378,1737.08,0.276,ASK
1445043379,1737.08,0.01,ASK
1445043381,1737.08,0.5,ASK
1445043382,1737.08,0.01,ASK
1445043384,1737.08,0.01,ASK
1445043384,1737.08,0.5,ASK
1445043385,1737.08,0.01,ASK
1445043387,1737.08,0.01,ASK
1445043387,1737.08,0.5,ASK
1445043388,1737.08,0.1,ASK
1445043389,1738.84,0.01,ASK
1445043391,1738.84,0.79,ASK
1445043391,1738.84,0.5,ASK
1445043391,1738.84,1.683,ASK
1445043391,1738.84,0.2,ASK
1445043391,1738.84,0.01,ASK
1445043391,1739.2,7.0,ASK
1445043391,1739.2,2.0,ASK
1445043391,1739.2,13.589,ASK
1445043392,1738.84,1.034,ASK
1445043392,1738.84,5.0,ASK
1445043392,1738.84,0.1,ASK
1445043392,1738.85,6.0,ASK
1445043392,1738.85,16.227,ASK
1445043393,1738.84,0.2,ASK
1445043393,1738.84,0.01,ASK
1445043393,1738.84,5.0,ASK
1445043393,1738.84,0.2,ASK
1445043393,1738.84,0.2,ASK
1445043394,1738.84,0.025,ASK
1445043394,1738.84,0.5,ASK
1445043394,1738.84,0.75,ASK
1445043394,1738.84,0.6,ASK
1445043394,1738.85,1.0,ASK
1445043394,1738.85,6.89,ASK
1445043395,1738.84,0.59,ASK
1445043395,1738.84,0.157,ASK
1445043395,1738.84,0.01,ASK
1445043396,1738.84,0.028,ASK
1445043396,1738.84,12.7545,ASK
1445043396,1737.09,1.6156,ASK
1445043399,1738.67,0.2,BID
1445043399,1738.74,0.126,BID
1445043399,1738.81,0.19,BID
1445043399,1738.86,0.01,ASK
1445043401,1738.86,0.389,ASK
1445043401,1738.76,0.101,ASK
1445043402,1738.76,0.292,ASK
1445043402,1737.09,0.208,ASK
1445043403,1737.09,0.01,ASK
1445043406,1737.14,0.04,ASK
1445043407,1737.09,0.0502,ASK
1445043407,1737.08,0.4498,ASK
1445043409,1737.1,0.01,ASK
1445043409,1737.1,0.08,ASK
1445043410,1737.1,0.5,ASK
1445043413,1737.1,0.1,ASK
1445043413,1737.1,0.5,ASK
1445043414,1737.1,0.015,ASK
1445043416,1737.1,0.5,ASK
1445043416,1737.1,0.1,ASK
1445043417,1737.1,0.187,ASK
1445043419,1737.1,5.0,ASK
1445043419,1737.1,0.5,ASK
1445043420,1737.1,0.1,ASK
1445043422,1737.1,0.0536,ASK
1445043422,1737.08,0.0994,ASK
1445043423,1737.09,18.0,ASK
1445043423,1737.09,2.419,ASK
1445043423,1737.08,0.5,ASK
1445043424,1737.08,0.053,ASK
1445043424,1737.08,0.04,ASK
1445043425,1737.08,0.75,ASK
1445043425,1737.08,0.307,ASK
1445043427,1737.08,0.5,ASK
1445043427,1737.08,1.376,ASK
1445043428,1737.08,0.1,ASK
1445043430,1737.08,0.5,ASK
1445043431,1737.08,0.1,ASK
1445043432,1737.08,0.015,ASK
1445043433,1737.13,0.01,BID
1445043434,1738.77,0.038,BID
1445043434,1738.77,0.1497,BID
1445043434,1738.78,0.3162,BID
1445043434,1738.78,0.6161,BID
1445043434,1737.13,0.5,ASK
1445043435,1737.13,0.719,ASK
1445043437,1737.14,0.1,ASK
1445043437,1737.14,0.0497,ASK
1445043437,1737.14,0.0325,ASK
1445043437,1737.13,1.2978,ASK
1445043438,1737.13,0.015,ASK
1445043439,1737.13,1.38,ASK
1445043440,1737.13,0.75,ASK
1445043440,1737.13,0.01,ASK
1445043442,1737.13,0.01,ASK
1445043444,1737.13,0.01,ASK
1445043445,1737.13,0.05,ASK
1445043447,1737.13,0.1,ASK
1445043447,1737.13,0.202,ASK
1445043448,1737.13,2.284,ASK
1445043451,1737.13,0.05,ASK
1445043451,1737.13,0.095,ASK
1445043452,1737.01,0.01,ASK
1445043454,1737.0,0.138,ASK
1445043454,1737.0,0.1,ASK
1445043454,1737.0,0.09,ASK
1445043455,1737.0,0.04,ASK
1445043456,1737.0,0.01,ASK
1445043457,1737.0,0.01,ASK
1445043458,1737.0,0.082,ASK
1445043459,1737.0,0.07,ASK
1445043459,1737.02,0.01,BID
1445043459,1737.09,0.0352,BID
1445043459,1737.1,0.6738,BID
1445043460,1737.0,0.01,ASK
1445043461,1737.0,1.423,ASK
1445043461,1737.0,0.01,ASK
1445043462,1737.0,0.07,ASK
1445043463,1737.0,0.1,ASK
1445043465,1737.01,0.01,ASK
1445043465,1737.01,0.021,ASK
1445043467,1737.01,0.0042,ASK
1445043467,1737.0,0.6198,ASK
1445043467,1737.01,11.105,ASK
1445043469,1737.0,0.035,ASK
1445043469,1737.0,0.21,ASK
1445043470,1737.0,0.021,ASK
1445043472,1737.0,0.02,ASK
1445043472,1737.0,0.036,ASK
1445043473,1737.0,0.199,ASK
1445043473,1737.0,0.01,ASK
1445043475,1737.0,0.141,ASK
1445043476,1737.0,0.018,ASK
1445043477,1737.04,0.03,BID
1445043477,1737.07,0.01,ASK
1445043477,1737.07,0.01,ASK
1445043479,1737.07,0.141,ASK
1445043479,1737.07,0.1,ASK
1445043479,1737.07,0.1,ASK
1445043479,1737.07,0.785,ASK
1445043479,1737.0,0.227,ASK
1445043481,1737.0,0.03,ASK
1445043482,1737.0,0.01,ASK
1445043482,1737.0,0.143,ASK
1445043483,1737.0,0.161,ASK
1445043485,1737.0,0.04,ASK
1445043485,1737.0,0.147,ASK
1445043485,1737.0,0.015,ASK
1445043486,1737.0,0.3622,ASK
1445043486,1737.0,0.3878,ASK
1445043488,1737.0,0.1,ASK
1445043488,1737.0,4.4472,ASK
1445043488,1737.0,0.5528,ASK
1445043488,1737.0,0.015,ASK
1445043491,1737.0,0.432,ASK
1445043491,1737.0,0.0002,ASK
1445043491,1736.9,0.0838,ASK
1445043491,1736.9,0.1,ASK
1445043493,1736.9,3.721,ASK
1445043495,1736.9,0.1,ASK
1445043496,1736.9,0.8952,ASK
1445043496,1736.89,0.001,ASK
1445043496,1736.89,0.001,ASK
1445043496,1736.87,3.8188,ASK
1445043496,1736.87,0.107,ASK
1445043498,1736.87,0.1,ASK
1445043499,1736.87,5.0,ASK
1445043501,1736.87,0.04,ASK
1445043502,1736.87,0.01,ASK
1445043502,1736.87,0.01,ASK
1445043503,1736.87,0.068,ASK
1445043505,1736.87,0.07,ASK
1445043505,1736.87,0.0253,ASK
1445043507,1736.77,0.0747,BID
1445043507,1737.09,0.01,BID
1445043507,1737.13,0.005,BID
1445043508,1737.13,0.06,ASK
1445043509,1737.13,0.08,ASK
1445043509,1737.13,0.095,ASK
1445043510,1737.13,0.069,ASK
1445043512,1737.13,0.01,ASK
1445043512,1737.13,0.02,ASK
1445043514,1737.13,0.505,ASK
1445043514,1737.13,0.01,ASK
1445043515,1737.13,0.38,ASK
1445043515,1737.13,0.108,ASK
1445043516,1737.13,0.2863,ASK
1445043516,1736.01,0.04,ASK
1445043519,1736.0,0.03,ASK
1445043522,1736.02,0.06,ASK
1445043522,1736.0,0.0417,ASK
1445043522,1736.0,0.04,ASK
1445043527,1736.01,0.1,ASK
1445043529,1736.06,0.4,ASK
1445043532,1736.06,0.01,ASK
1445043535,1736.09,0.01,ASK
1445043536,1736.09,0.1,ASK
1445043540,1736.05,0.08,ASK
1445043541,1736.13,0.0304,ASK
1445043543,1736.13,0.01,ASK
1445043543,1736.13,0.1,ASK
1445043545,1736.14,0.01,ASK
1445043546,1736.16,0.27,ASK
1445043547,1736.16,0.01,ASK
1445043547,1736.16,0.01,ASK
1445043548,1736.17,13.0,ASK
1445043548,1736.17,3.555,ASK
1445043548,1736.16,0.01,ASK
1445043550,1736.16,0.01,ASK
1445043552,1736.16,0.01,ASK
1445043553,1736.16,0.1,ASK
1445043559,1736.16,0.01,ASK
1445043559,1736.16,0.03,ASK
1445043561,1736.16,0.01,ASK
1445043563,1736.16,0.01,ASK
1445043565,1736.16,0.07,ASK
1445043568,1736.16,0.01,ASK
1445043569,1736.16,0.015,ASK
1445043569,1736.14,0.005,ASK
1445043572,1736.13,0.1,ASK
1445043573,1736.13,0.01,ASK
1445043575,1736.19,0.01,ASK
1445043589,1736.19,0.009,ASK
1445043589,1736.13,0.741,ASK
1445043591,1736.13,0.1,ASK
1445043593,1736.13,0.1,ASK
1445043596,1736.21,0.1,ASK
1445043600,1736.21,0.1,ASK
1445043601,1736.22,11.322,ASK
1445043604,1736.21,0.1,ASK
1445043605,1736.21,0.01,ASK
1445043605,1736.21,0.69,ASK
1445043605,1736.14,0.06,ASK
1445043608,1736.14,0.1,ASK
1445043611,1737.91,0.704,BID
1445043611,1737.92,0.01,BID
1445043611,1737.93,0.0205,BID
1445043611,1737.93,0.6,BID
1445043611,1737.93,2.3971,BID
1445043611,1737.94,0.41,BID
1445043611,1737.97,0.031,BID
1445043611,1737.98,0.5,BID
1445043611,1738.01,0.1052,BID
1445043611,1738.01,0.6163,BID
1445043613,1736.13,0.01,ASK
1445043613,1736.14,0.1,ASK
1445043616,1736.14,0.0053,ASK
1445043616,1736.14,0.0203,ASK
1445043616,1736.14,0.031,ASK
1445043616,1736.14,0.0034,ASK
1445043618,1736.14,0.01,ASK
1445043620,1736.14,0.1,ASK
1445043620,1736.14,0.01,ASK
1445043621,1737.87,0.0034,BID
1445043621,1737.87,0.0256,BID
1445043621,1737.88,0.025,BID
1445043621,1737.88,0.5129,BID
1445043621,1737.88,0.01,BID
1445043621,1737.89,0.5,BID
1445043622,1738.11,0.11,ASK
1445043623,1738.11,0.198,ASK
1445043623,1738.11,0.01,ASK
1445043623,1738.11,0.345,ASK
1445043623,1738.11,0.01,ASK
1445043624,1738.11,0.1,ASK
1445043624,1738.11,4.367,ASK
1445043624,1738.11,4.267,ASK
1445043625,1738.12,0.01,ASK
1445043626,1738.12,0.0204,ASK
1445043626,1738.11,0.1796,ASK
1445043626,1738.12,0.044,ASK
1445043627,1738.12,0.03,ASK
1445043627,1738.12,0.01,ASK
1445043627,1738.12,0.2,ASK
1445043628,1738.12,0.316,ASK
1445043628,1738.11,0.065,ASK
1445043628,1738.11,0.063,ASK
1445043628,1738.11,0.1,ASK
1445043630,1738.11,0.2,ASK
1445043630,1738.11,7.4085,ASK
1445043630,1736.17,0.5,ASK
1445043630,1736.16,0.0256,ASK
1445043630,1736.16,0.0249,ASK
1445043630,1736.15,2.4017,ASK
1445043630,1736.15,0.1101,ASK
1445043630,1736.15,0.6166,ASK
1445043630,1736.14,7.2646,ASK
1445043630,1736.14,0.5234,ASK
1445043630,1736.14,4.0,ASK
1445043630,1736.13,0.3421,ASK
1445043631,1736.13,0.1,ASK
1445043632,1736.13,0.01,ASK
1445043635,1737.1,0.0227,BID
1445043635,1737.11,0.455,BID
1445043635,1737.13,0.08,ASK
1445043638,1737.13,0.0493,ASK
1445043638,1736.13,0.02,ASK
1445043639,1736.13,0.025,ASK
1445043640,1737.02,0.029,BID
1445043642,1737.02,0.001,BID
1445043643,1736.14,0.01,ASK
1445043645,1736.14,0.0127,ASK
1445043645,1736.14,0.0291,ASK
1445043645,1736.13,0.7652,ASK
1445043648,1736.15,1.0,ASK
1445043649,1736.15,0.1,ASK
1445043652,1736.17,0.01,ASK
1445043653,1737.96,0.001,BID
1445043656,1736.16,0.05,ASK
1445043660,1736.16,0.01,ASK
1445043663,1736.16,0.01,ASK
1445043665,1736.16,0.01,BID
1445043666,1736.19,0.01,ASK
1445043668,1736.19,0.01,ASK
1445043670,1736.19,0.01,ASK
1445043670,1736.19,0.01,ASK
1445043673,1736.19,0.01,ASK
1445043675,1736.19,0.01,ASK
1445043677,1736.19,0.01,ASK
1445043684,1736.2,0.01,ASK
1445043689,1736.2,0.01,ASK
1445043689,1736.2,0.04,ASK
1445043691,1736.2,0.02,ASK
1445043691,1736.2,0.01,ASK
1445043693,1736.2,0.01,ASK
1445043693,1736.2,0.01,ASK
1445043695,1736.2,0.015,ASK
1445043697,1736.2,0.01,ASK
1445043697,1736.2,0.015,ASK
1445043700,1736.23,0.015,ASK
1445043700,1736.23,0.01,ASK
1445043704,1736.23,0.14,ASK
1445043704,1736.23,0.01,ASK
1445043707,1736.23,0.148,ASK
1445043708,1736.23,0.1,ASK
1445043712,1736.23,0.01,ASK
1445043713,1736.23,0.06,ASK
1445043714,1736.23,0.01,ASK
1445043716,1736.23,0.01,ASK
1445043718,1736.23,0.01,ASK
1445043723,1736.23,0.01,ASK
1445043725,1736.23,0.01,ASK
1445043728,1736.23,0.01,ASK
1445043728,1736.23,0.02,ASK
1445043730,1736.23,0.002,ASK
1445043730,1736.15,0.03,ASK
1445043732,1736.15,0.8671,ASK
1445043732,1736.13,0.0319,ASK
1445043732,1736.13,0.01,ASK
1445043736,1736.13,0.01,ASK
1445043736,1736.13,2.6684,ASK
1445043736,1736.0,1.0,ASK
1445043736,1736.0,3.0478,ASK
1445043737,1736.15,0.01,BID
1445043737,1736.17,1.0,ASK
1445043737,1736.17,18.0,ASK
1445043737,1736.17,6.976,ASK
1445043740,1736.0,0.04,ASK
1445043743,1736.0,0.01,ASK
1445043743,1736.0,0.01,ASK
1445043743,1736.0,0.49,ASK
1445043745,1736.01,0.01,ASK
1445043752,1736.04,0.01,ASK
1445043754,1736.04,0.01,ASK
1445043755,1736.04,0.01,ASK
1445043757,1736.04,0.01,ASK
1445043759,1736.04,0.01,ASK
1445043766,1736.01,0.01,ASK
1445043768,1736.01,0.01,ASK
1445043772,1736.01,0.1,ASK
1445043786,1737.5,0.001,BID
1445043790,1736.01,0.01,ASK
1445043801,1736.01,0.01,ASK
1445043803,1736.01,0.01,ASK
1445043816,1736.13,0.07,BID
1445043816,1736.14,0.001,BID
1445043818,1736.14,0.01,ASK
1445043819,1736.14,0.019,ASK
1445043819,1736.14,0.1,ASK
1445043819,1736.14,0.1,ASK
1445043819,1736.14,0.1,ASK
1445043819,1736.14,0.1,ASK
1445043819,1736.01,2.3985,ASK
1445043822,1736.17,0.429,ASK
1445043823,1736.17,0.01,ASK
1445043824,1736.15,0.01,ASK
1445043826,1736.15,0.04,ASK
1445043827,1736.01,0.04,ASK
1445043831,1736.01,0.01,ASK
1445043833,1736.03,0.01,ASK
1445043839,1737.32,0.0502,BID
1445043839,1737.32,0.1348,BID
1445043839,1737.33,0.06,BID
1445043839,1737.33,7.425,BID
1445043846,1736.14,0.6,BID
1445043846,1736.14,0.115,BID
1445043846,1736.15,0.01,ASK
1445043848,1736.16,0.06,ASK
1445043848,1736.16,0.01,ASK
1445043851,1736.17,0.0275,ASK
1445043851,1736.16,0.0643,ASK
1445043851,1736.16,0.0245,ASK
1445043851,1736.15,0.375,ASK
1445043851,1736.15,0.1087,ASK
1445043854,1736.14,0.01,BID
1445043854,1736.14,0.01,BID
1445043855,1736.14,0.0104,BID
1445043855,1736.17,0.027,ASK
1445043857,1736.17,0.01,ASK
1445043869,1736.2,0.02,ASK
1445043870,1736.2,0.04,ASK
1445043870,1736.19,0.0304,ASK
1445043870,1736.18,0.3126,ASK
1445043871,1736.18,0.01,ASK
1445043873,1736.18,0.01,ASK
1445043875,1736.18,0.01,ASK
1445043876,1736.18,0.01,ASK
1445043877,1736.18,0.2,ASK
1445043879,1736.18,0.01,ASK
1445043882,1736.19,0.01,ASK
1445043889,1736.15,0.01,ASK
1445043894,1737.13,0.06,BID
1445043894,1737.13,0.025,BID
1445043894,1737.13,0.0304,BID
1445043894,1737.13,0.3446,BID
1445043897,1736.19,0.01,ASK
1445043908,1736.2,0.035,ASK
1445043910,1736.21,0.0304,ASK
1445043910,1736.2,0.025,ASK
1445043910,1736.2,0.0046,ASK
