timestamp,price,amount,side
1444865777,1632.07,0.06,BID
1444865777,1632.08,0.0215,BID
1444865777,1632.09,0.0885,BID
1444865784,1632.08,0.0171,BID
1444865791,1631.61,0.001,ASK
1444865793,1632.07,0.01,BID
1444865834,1631.85,0.169,BID
1444865836,1631.89,0.047,ASK
1444865837,1631.39,16.094,ASK
1444865843,1631.88,0.01,BID
1444865855,1632.08,0.001,BID
1444865917,1632.03,0.035,BID
1444865917,1632.04,0.0007,BID
1444865918,1631.46,0.06,ASK
1444865918,1631.45,0.1083,ASK
1444865918,1631.37,0.002,ASK
1444865918,1631.37,0.5,ASK
1444865918,1631.36,4.2379,ASK
1444865918,1631.29,0.001,ASK
1444865918,1631.11,7.7477,ASK
1444865918,1631.1,1.0,ASK
1444865918,1631.06,0.1665,ASK
1444865918,1631.05,0.0195,ASK
1444865918,1631.03,0.002,ASK
1444865918,1631.0,0.3,ASK
1444865919,1631.0,0.3888,BID
1444865922,1630.99,0.06,BID
1444865922,1631.0,0.058,BID
1444865922,1631.0,0.4083,BID
1444865922,1632.01,10.0,BID
1444865922,1632.01,8.407,BID
1444865944,1631.96,0.035,BID
1444865944,1631.96,0.5,BID
1444865944,1631.97,0.7,BID
1444865944,1631.99,0.015,BID
1444865944,1632.0,0.3,BID
1444865944,1632.02,0.1574,BID
1444865944,1632.07,0.2921,BID
1444865944,1632.08,0.079,BID
1444865944,1632.08,1.4867,BID
1444865989,1631.94,0.0041,BID
1444865989,1631.95,0.0097,BID
1444865989,1632.07,0.0444,BID
1444865989,1632.08,0.8737,BID
1444865998,1631.96,0.01,ASK
1444865998,1631.73,0.06,ASK
1444865998,1631.72,0.0999,ASK
1444865998,1631.71,0.001,ASK
1444865998,1631.57,0.0167,ASK
1444865998,1631.12,3.0,ASK
1444865998,1631.1,1.0,ASK
1444865998,1631.03,0.0647,ASK
1444865998,1631.01,0.4663,ASK
1444865998,1631.0,0.3,ASK
1444865998,1630.91,0.001,ASK
1444865998,1630.85,0.217,ASK
1444865998,1630.78,0.5,ASK
1444865998,1630.64,0.001,ASK
1444865998,1630.54,0.001,ASK
1444865998,1630.47,0.0472,ASK
1444865998,1630.46,0.002,ASK
1444865998,1630.45,0.001,ASK
1444865998,1630.38,0.0544,ASK
1444865998,1630.37,0.2222,ASK
1444865998,1630.35,0.001,ASK
1444865998,1630.22,2.2616,ASK
1444866003,1632.05,0.0205,BID
1444866009,1631.99,0.015,BID
1444866009,1632.0,0.3,BID
1444866011,1631.65,0.001,BID
1444866013,1631.98,0.01,ASK
1444866014,1631.98,0.002,ASK
1444866014,1631.98,0.04,ASK
1444866015,1631.97,0.1265,BID
1444866018,1631.15,0.04,ASK
1444866018,1631.14,0.0257,ASK
1444866026,1631.97,0.0895,BID
1444866047,1631.93,0.01,BID
1444866063,1631.9,0.177,BID
1444866067,1631.89,0.01,BID
1444866075,1631.38,0.5,ASK
1444866075,1631.38,0.01,ASK
1444866075,1631.19,0.2723,ASK
1444866075,1631.14,0.0112,ASK
1444866075,1631.02,0.9325,ASK
1444866075,1631.0,0.3,ASK
1444866076,1631.0,0.1251,BID
1444866076,1631.0,0.339,BID
1444866077,1631.0,0.48,BID
1444866077,1631.0,0.5,BID
1444866077,1631.0,0.5,BID
1444866077,1631.0,0.028,BID
1444866077,1631.0,0.693,BID
1444866077,1631.0,0.01,BID
1444866077,1631.0,0.559,BID
1444866077,1631.0,0.291,BID
1444866078,1631.0,0.233,BID
1444866078,1631.0,0.406,BID
1444866078,1631.0,0.03,BID
1444866078,1631.0,3.0,BID
1444866078,1631.0,0.7799,BID
1444866082,1631.19,0.032,BID
1444866082,1631.88,0.03,BID
1444866082,1631.89,0.0062,BID
1444866082,1631.89,0.01,BID
1444866082,1631.89,0.191,BID
1444866082,1631.9,1.7308,BID
1444866097,1631.88,0.03,BID
1444866097,1631.89,0.116,BID
1444866098,1631.89,0.03,BID
1444866107,1631.9,0.146,BID
1444866114,1631.9,0.08,BID
1444866118,1631.9,0.0686,BID
1444866118,1631.91,0.0004,BID
1444866121,1631.91,0.069,BID
1444866123,1631.89,0.08,BID
1444866125,1631.89,0.08,BID
1444866127,1631.89,0.12,BID
1444866146,1631.37,0.0806,BID
1444866146,1631.38,0.0167,BID
1444866247,1631.32,0.01,ASK
1444866250,1631.32,0.034,BID
1444866254,1631.24,0.0109,ASK
1444866255,1631.24,0.02,BID
1444866256,1631.24,0.126,BID
1444866257,1631.24,0.613,BID
1444866258,1631.24,0.5,BID
1444866258,1631.24,0.613,BID
1444866260,1631.24,0.613,BID
1444866260,1631.24,0.39,BID
1444866261,1631.24,0.5008,BID
1444866262,1631.31,0.177,BID
1444866262,1631.31,0.0109,BID
1444866262,1631.32,0.3121,BID
1444866266,1631.32,0.5,BID
1444866269,1631.32,0.01,BID
1444866270,1631.32,0.5,BID
1444866271,1631.32,3.972,BID
1444866273,1631.32,0.5,BID
1444866274,1631.32,0.18,BID
1444866278,1631.32,0.5,BID
1444866279,1631.26,0.01,ASK
1444866279,1631.25,0.1122,ASK
1444866279,1631.24,0.0109,ASK
1444866279,1631.23,0.219,ASK
1444866279,1631.22,0.06,ASK
1444866279,1631.21,0.1181,ASK
1444866279,1631.16,0.1004,ASK
1444866279,1631.15,0.008,ASK
1444866279,1631.15,2.0,ASK
1444866281,1631.0,0.082,BID
1444866283,1631.0,0.05,BID
1444866283,1631.0,0.01,BID
1444866283,1631.0,0.5,BID
1444866286,1631.0,0.5,BID
1444866290,1630.99,0.06,BID
1444866290,1631.0,0.44,BID
1444866291,1631.0,0.725,BID
1444866291,1631.0,0.2356,BID
1444866292,1630.86,0.0128,ASK
1444866292,1630.85,0.3842,ASK
1444866293,1631.0,0.5,BID
1444866293,1631.0,0.06,BID
1444866297,1630.99,0.0109,BID
1444866297,1630.99,0.1004,BID
1444866297,1631.0,0.3887,BID
1444866298,1631.0,1.18,BID
1444866299,1631.0,0.05,BID
1444866299,1631.0,0.096,BID
1444866301,1631.0,0.5,BID
1444866305,1631.0,0.01,BID
1444866307,1631.0,0.5,BID
1444866310,1631.0,0.5,BID
1444866311,1630.99,0.055,ASK
1444866311,1630.9,0.06,ASK
1444866311,1630.86,0.0308,ASK
1444866311,1630.85,0.6158,ASK
1444866311,1630.85,0.0363,ASK
1444866311,1630.85,0.3821,ASK
1444866311,1631.0,0.03,BID
1444866312,1630.99,0.0167,ASK
1444866313,1630.98,0.0383,BID
1444866313,1630.99,0.0117,BID
1444866313,1630.99,0.0246,BID
1444866313,1631.0,0.4754,BID
1444866316,1631.0,0.5,BID
1444866317,1630.99,0.0264,BID
1444866317,1631.0,0.0287,BID
1444866317,1631.32,0.4449,BID
1444866361,1631.12,0.038,ASK
1444866361,1631.02,0.0223,ASK
1444866361,1631.01,0.0287,ASK
1444866361,1630.86,0.0809,ASK
1444866361,1630.85,1.6179,ASK
1444866361,1630.85,0.0363,ASK
1444866361,1630.84,0.725,ASK
1444866361,1630.82,0.002,ASK
1444866361,1630.74,0.001,ASK
1444866361,1630.66,0.001,ASK
1444866361,1630.65,0.001,ASK
1444866361,1630.46,0.025,ASK
1444866361,1630.45,0.5,ASK
1444866361,1630.27,0.7,ASK
1444866361,1630.26,1.7326,ASK
1444866361,1630.25,3.0,ASK
1444866361,1630.22,4.5497,ASK
1444866361,1630.17,0.004,ASK
1444866361,1630.16,0.001,ASK
1444866361,1630.0,0.3,ASK
1444866361,1630.0,1.6336,ASK
1444866370,1630.99,0.015,BID
1444866370,1631.0,0.005,BID
1444866371,1630.99,0.0134,ASK
1444866375,1631.0,0.295,BID
1444866381,1631.11,0.038,BID
1444866381,1631.11,0.06,BID
1444866381,1631.17,0.001,BID
1444866381,1631.25,0.401,BID
1444866394,1631.24,0.0149,BID
1444866394,1631.24,0.4851,BID
1444866398,1631.02,0.0263,ASK
1444866399,1631.24,0.0149,BID
1444866399,1631.29,0.0101,BID
1444866399,1631.02,0.0337,ASK
1444866399,1631.01,0.0263,ASK
1444866403,1631.01,0.06,BID
1444866406,1631.28,0.06,BID
1444866419,1631.25,0.0134,BID
1444866419,1631.25,0.0272,BID
1444866419,1631.25,0.4594,BID
1444866422,1631.24,0.0526,BID
1444866422,1631.25,0.4474,BID
1444866425,1631.25,0.299,BID
1444866425,1631.3,0.201,BID
1444866427,1631.3,0.01,BID
1444866427,1631.3,0.01,BID
1444866433,1630.17,0.0915,ASK
1444866433,1630.17,0.4909,ASK
1444866443,1631.0,0.294,BID
1444866443,1631.0,0.135,BID
1444866444,1631.0,0.5,BID
1444866445,1631.0,0.01,BID
1444866447,1630.99,0.0245,BID
1444866447,1630.99,0.0264,BID
1444866447,1631.0,0.4491,BID
1444866456,1630.98,0.0245,BID
1444866456,1630.99,0.4655,BID
1444866456,1630.99,0.001,BID
1444866463,1630.99,0.0244,BID
1444866463,1630.99,0.0161,BID
1444866463,1631.0,0.1595,BID
1444866464,1631.0,0.0405,BID
1444866492,1631.0,0.01,BID
1444866503,1631.0,0.011,BID
1444866506,1631.0,0.01,BID
1444866511,1631.0,0.5,BID
1444866512,1631.0,0.1175,BID
1444866515,1631.0,0.5,BID
1444866517,1631.0,0.5,BID
1444866521,1631.0,0.5,BID
1444866525,1631.0,0.5,BID
1444866528,1631.0,0.5,BID
1444866528,1631.0,0.2,BID
1444866529,1631.0,0.01,BID
1444866531,1631.0,0.0534,BID
1444866531,1631.0,0.4466,BID
1444866544,1631.0,0.2974,BID
1444866550,1630.98,0.024,ASK
1444866572,1630.97,0.024,BID
1444866575,1630.98,0.024,BID
1444866578,1630.98,1.0,BID
1444866579,1630.98,0.024,BID
1444866582,1630.98,0.01,BID
1444866585,1630.98,0.227,BID
1444866585,1630.98,0.09,BID
1444866585,1630.98,0.024,BID
1444866585,1630.98,0.01,BID
1444866585,1630.98,0.01,BID
1444866587,1630.98,0.01,BID
1444866588,1630.98,0.212,BID
1444866590,1630.98,0.204,BID
1444866590,1630.98,0.03,BID
1444866593,1630.97,0.024,ASK
1444866593,1630.88,0.06,ASK
1444866593,1630.2,0.0147,ASK
1444866593,1630.2,0.7,ASK
1444866593,1630.19,0.2947,ASK
1444866593,1630.16,0.0268,ASK
1444866593,1630.15,0.5,ASK
1444866593,1630.0,2.3164,ASK
1444866593,1630.0,0.0634,ASK
1444866606,1630.95,0.02,BID
1444866610,1630.9,0.001,BID
1444866610,1630.94,0.009,BID
1444866615,1630.93,0.01,BID
1444866624,1630.91,0.0097,BID
1444866624,1630.92,0.0028,BID
1444866646,1630.88,0.022,BID
1444866665,1630.85,0.01,BID
1444866670,1630.03,0.01,ASK
1444866670,1630.03,0.01,ASK
1444866670,1630.02,0.03,ASK
1444866670,1630.01,0.0118,ASK
1444866670,1630.0,0.2366,ASK
1444866670,1629.85,0.4304,ASK
1444866692,1630.79,0.226,BID
1444866703,1629.87,0.01,ASK
1444866703,1629.85,0.0006,ASK
1444866707,1630.76,0.208,BID
1444866716,1630.74,0.17,BID
1444866718,1630.0,0.604,BID
1444866718,1629.99,0.019,BID
1444866720,1629.99,0.051,BID
1444866720,1630.0,0.419,BID
1444866721,1629.98,0.01,BID
1444866724,1629.98,0.019,BID
1444866724,1629.99,0.019,BID
1444866727,1629.98,0.0196,BID
1444866727,1629.99,0.0184,BID
1444866731,1629.99,0.01,BID
1444866732,1629.99,0.185,BID
1444866737,1629.99,0.242,BID
1444866739,1629.98,0.019,ASK
1444866739,1629.82,0.3997,ASK
1444866739,1629.82,0.001,ASK
1444866739,1629.82,1.0,ASK
1444866739,1629.8,0.07,BID
1444866740,1629.99,0.157,BID
1444866741,1629.99,0.0686,BID
1444866741,1629.99,0.0314,BID
1444866742,1629.99,0.01,BID
1444866743,1629.98,0.0132,BID
1444866743,1629.98,0.0152,BID
1444866743,1629.99,0.0106,BID
1444866745,1629.99,0.22,BID
1444866747,1629.99,0.01,BID
1444866747,1629.98,0.028,ASK
1444866751,1629.8,0.196,BID
1444866751,1629.8,1.1916,BID
1444866753,1629.89,0.07,BID
1444866753,1629.98,0.001,BID
1444866753,1629.99,0.218,BID
1444866753,1630.0,0.111,BID
1444866755,1630.0,0.01,BID
1444866756,1629.8,0.002,ASK
1444866757,1629.98,0.01,BID
1444866758,1629.98,0.01,BID
1444866762,1629.98,0.089,BID
1444866764,1629.98,0.0009,BID
1444866764,1629.98,0.001,BID
1444866764,1629.99,0.0281,BID
1444866767,1629.99,0.154,BID
1444866767,1629.99,0.0009,BID
1444866770,1630.0,0.031,BID
1444866772,1630.0,0.01,BID
1444866773,1630.0,0.248,BID
1444866777,1630.0,0.08,BID
1444866780,1630.0,0.981,BID
1444866785,1629.99,0.001,ASK
1444866787,1630.0,0.01,BID
1444866790,1630.0,0.01,BID
1444866793,1630.0,0.01,BID
1444866796,1629.99,0.001,ASK
1444866798,1630.0,0.01,BID
1444866802,1630.0,0.02,BID
1444866804,1630.0,0.012,BID
1444866807,1630.0,0.01,BID
1444866808,1630.0,0.01,BID
1444866810,1630.0,0.01,BID
1444866814,1630.0,0.02,BID
1444866817,1630.0,0.01,BID
1444866821,1630.0,0.01,BID
1444866830,1630.0,0.01,BID
1444866831,1630.0,0.062,BID
1444866834,1630.0,0.01,BID
1444866837,1630.0,0.123,BID
1444866841,1630.0,4.8904,BID
1444866842,1629.99,0.1511,ASK
1444866842,1629.9,0.07,ASK
1444866842,1629.77,0.1438,ASK
1444866842,1629.77,0.0165,ASK
1444866842,1629.76,0.0512,ASK
1444866845,1629.98,0.1511,BID
1444866845,1629.99,0.0224,BID
1444866845,1630.0,0.5635,BID
1444866846,1630.0,0.01,BID
1444866847,1630.0,0.01,BID
1444866849,1630.0,0.01,BID
1444866849,1630.0,0.01,BID
1444866849,1630.0,0.03,BID
1444866854,1630.0,0.03,BID
1444866857,1630.0,0.13,BID
1444866860,1630.0,0.22,BID
1444866863,1630.0,0.01,BID
1444866863,1629.99,0.001,ASK
1444866867,1630.0,0.01,BID
1444866876,1630.0,0.01,BID
1444866877,1630.0,0.01,BID
1444866878,1630.0,0.01,BID
1444866892,1629.99,0.1501,ASK
1444866892,1630.0,1.2051,BID
1444866893,1630.0,0.1501,ASK
1444866906,1630.32,0.01,BID
1444866907,1630.0,0.001,ASK
1444866910,1630.01,0.0296,ASK
1444866910,1630.0,0.1104,ASK
1444866910,1629.77,0.014,ASK
1444866910,1629.76,0.249,ASK
1444866911,1630.32,0.019,BID
1444866913,1629.76,0.0303,ASK
1444866913,1629.75,0.002,ASK
1444866915,1629.65,0.05,ASK
1444866915,1629.64,0.5993,ASK
1444866915,1629.74,0.05,BID
1444866916,1629.64,0.05,ASK
1444866919,1629.64,0.3507,ASK
1444866919,1629.63,0.0493,ASK
1444866922,1630.24,0.01,BID
1444866995,1629.96,0.01,BID
1444866995,1629.98,0.064,BID
1444866995,1629.99,0.5425,BID
1444867004,1629.7,0.302,ASK
1444867004,1629.63,0.0543,ASK
1444867005,1629.63,0.0151,BID
1444867014,1629.63,0.325,BID
1444867015,1629.6,0.002,ASK
1444867016,1629.63,4.7756,BID
1444867016,1629.63,0.0012,BID
1444867019,1629.63,0.07,ASK
1444867023,1629.63,3.8626,ASK
1444867023,1629.51,0.5,ASK
1444867023,1629.51,0.5278,ASK
1444867031,1629.52,0.04,ASK
1444867031,1629.51,0.1722,ASK
1444867031,1629.5,14.7878,ASK
1444867043,1629.51,0.001,BID
1444867043,1629.94,0.009,BID
1444867060,1629.86,0.06,BID
1444867060,1629.87,0.002,BID
1444867060,1629.92,0.0151,BID
1444867060,1629.96,0.0152,BID
1444867068,1629.96,0.001,BID
1444867069,1629.96,0.01,BID
1444867081,1629.94,0.0923,BID
1444867084,1629.52,0.06,ASK
1444867084,1629.51,0.0106,ASK
1444867084,1629.5,0.2122,ASK
1444867103,1629.87,0.4,ASK
1444867107,1629.47,0.001,ASK
1444867107,1629.3,0.001,ASK
1444867107,1629.25,0.05,ASK
1444867107,1629.24,1.0,ASK
1444867107,1629.22,0.001,ASK
1444867107,1629.11,0.001,ASK
1444867107,1629.01,0.001,ASK
1444867107,1629.01,0.1153,ASK
1444867107,1629.0,0.006,ASK
1444867107,1629.0,0.3,ASK
1444867107,1629.0,2.0,ASK
1444867107,1629.0,0.0209,ASK
1444867117,1628.98,0.01,ASK
1444867118,1628.98,0.01,ASK
1444867120,1628.98,0.01,BID
1444867135,1628.89,0.001,ASK
1444867135,1628.89,0.001,ASK
1444867166,1628.89,0.01,BID
1444867169,1628.89,0.0465,BID
1444867169,1628.9,0.3677,BID
1444867169,1628.91,0.5278,BID
1444867169,1628.97,0.058,BID
1444867173,1628.97,0.002,BID
1444867173,1628.97,0.008,BID
1444867176,1628.96,0.01,BID
1444867177,1628.96,0.1622,BID
1444867177,1628.97,0.01,BID
1444867178,1628.97,0.0426,BID
1444867178,1628.97,0.0209,BID
1444867178,1628.97,0.0802,BID
1444867178,1628.97,0.0351,BID
1444867178,1628.98,0.1437,BID
1444867179,1628.98,0.01,BID
1444867179,1628.98,0.01,BID
1444867179,1628.98,0.1788,BID
1444867180,1628.98,0.9043,BID
1444867181,1628.98,0.8737,BID
1444867182,1628.98,0.192,BID
1444867183,1628.98,0.2981,BID
1444867185,1628.98,0.8,BID
1444867185,1628.98,0.49,BID
1444867186,1628.98,1.1294,BID
1444867186,1629.08,0.001,BID
1444867186,1629.09,0.001,BID
1444867186,1629.3,0.1,BID
1444867186,1629.32,0.0705,BID
1444867187,1629.32,0.01,BID
1444867187,1629.32,0.0195,BID
1444867187,1629.37,0.002,BID
1444867187,1629.52,0.4804,BID
1444867193,1628.91,0.06,ASK
1444867193,1628.9,0.0565,ASK
1444867193,1628.89,0.025,ASK
1444867193,1628.87,0.001,ASK
1444867193,1628.85,0.001,ASK
1444867193,1628.82,0.009,ASK
1444867193,1628.79,0.001,ASK
1444867193,1628.75,0.001,ASK
1444867193,1628.75,0.001,ASK
1444867193,1628.75,0.001,ASK
1444867193,1628.49,0.002,ASK
1444867193,1628.24,0.025,ASK
1444867193,1628.24,0.0454,ASK
1444867193,1628.24,0.7,ASK
1444867193,1628.23,0.5,ASK
1444867193,1628.23,0.9084,ASK
1444867193,1628.14,0.001,ASK
1444867193,1628.03,1.6644,ASK
1444867196,1628.87,0.5688,BID
1444867197,1628.86,0.0454,BID
1444867197,1628.86,0.025,BID
1444867197,1628.87,0.3191,BID
1444867198,1628.87,0.002,BID
1444867198,1628.87,0.237,BID
1444867200,1628.86,0.01,BID
1444867200,1628.86,0.015,BID
1444867200,1628.86,0.01,BID
1444867201,1628.86,0.025,BID
1444867202,1628.86,0.01,BID
1444867202,1628.85,5.0,BID
1444867202,1628.85,13.027,BID
1444867205,1628.86,0.2016,BID
1444867206,1628.81,0.01,ASK
1444867206,1628.86,0.4534,BID
1444867206,1628.86,0.065,BID
1444867207,1628.86,0.435,BID
1444867207,1628.87,0.0834,BID
1444867208,1628.87,0.435,BID
1444867209,1628.87,10.6487,BID
1444867209,1628.87,0.002,BID
1444867209,1628.9,0.06,BID
1444867209,1629.19,0.1,BID
1444867209,1629.21,0.001,BID
1444867209,1629.38,0.001,BID
1444867209,1629.52,0.273,BID
1444867211,1629.52,3.6831,BID
1444867211,1629.52,0.1,BID
1444867211,1629.85,6.8427,BID
1444867211,1629.85,0.0249,BID
1444867342,1629.15,0.01,BID
1444867342,1629.16,0.07,BID
1444867342,1629.21,0.001,BID
1444867343,1629.21,0.019,ASK
1444867343,1629.08,2.981,ASK
1444867350,1629.37,0.002,BID
1444867350,1629.5,0.008,BID
1444867351,1629.44,3.0,BID
1444867351,1629.5,1.1341,BID
1444867358,1629.08,3.0,BID
1444867360,1629.37,0.002,BID
1444867360,1629.49,0.008,BID
1444867361,1629.49,0.01,BID
1444867365,1629.49,0.01,BID
1444867366,1629.49,0.01,BID
1444867375,1629.48,0.05,BID
1444867381,1629.5,4.3918,BID
1444867382,1629.5,0.01,BID
1444867470,1629.48,2.0,BID
1444867470,1629.49,0.01,BID
1444867470,1629.5,2.2873,BID
1444867497,1629.5,0.005,BID
1444867509,1629.5,0.001,BID
1444867547,1629.5,0.01,BID
1444867583,1628.98,0.016,BID
1444867589,1628.98,0.0007,BID
1444867589,1629.3,0.0993,BID
1444867611,1629.3,0.0007,BID
1444867615,1629.31,0.1467,ASK
1444867615,1629.3,1.6303,ASK
1444867616,1629.3,0.65,ASK
1444867626,1629.3,0.9413,ASK
1444867626,1628.98,0.1,ASK
1444867628,1628.94,0.06,BID
1444867629,1628.94,0.6139,BID
1444867635,1628.94,0.01,BID
1444867636,1628.94,0.01,BID
1444867640,1628.94,0.294,BID
1444867641,1628.94,1.0696,BID
1444867643,1628.94,0.716,BID
1444867645,1628.94,1.65,BID
1444867646,1628.94,1.9361,BID
1444867652,1629.26,0.01,BID
1444867652,1629.26,0.0098,BID
1444867652,1629.27,0.3964,BID
1444867652,1629.27,0.06,BID
1444867652,1629.28,0.0325,BID
1444867652,1629.29,0.65,BID
1444867652,1629.49,0.0619,BID
1444867652,1629.5,0.0464,BID
1444867654,1629.5,0.456,BID
1444867658,1629.49,0.0325,BID
1444867658,1629.5,0.4235,BID
1444867661,1629.48,0.456,BID
1444867662,1629.48,0.0347,BID
1444867681,1629.49,0.456,ASK
1444867681,1629.31,0.069,ASK
1444867681,1629.3,1.3809,ASK
1444867681,1628.93,0.002,ASK
1444867681,1628.85,0.0251,ASK
1444867681,1628.84,0.002,ASK
1444867681,1628.84,0.065,ASK
1444867684,1629.29,0.06,BID
1444867704,1629.26,0.0021,BID
1444867704,1629.27,0.0599,BID
1444867708,1629.25,0.062,BID
1444867709,1629.25,0.1128,BID
1444867711,1629.27,0.0001,BID
1444867711,1629.28,0.0251,BID
1444867711,1629.29,0.0368,BID
1444867713,1629.27,6.0,BID
1444867713,1629.27,0.789,BID
1444867715,1629.28,0.0277,BID
1444867715,1629.29,0.1463,BID
1444867716,1629.29,0.1795,BID
1444867717,1629.29,0.1795,BID
1444867718,1629.29,0.0479,BID
1444867718,1629.37,0.002,BID
1444867719,1629.5,0.553,BID
1444867719,1629.49,0.004,ASK
1444867720,1629.31,4.0,BID
1444867720,1629.31,3.0,BID
1444867720,1629.31,7.371,BID
1444867723,1629.49,0.0373,BID
1444867723,1629.5,0.2357,BID
1444867727,1629.5,0.006,BID
1444867764,1629.43,0.002,ASK
1444867764,1629.35,0.0167,ASK
1444867764,1629.31,0.06,ASK
1444867771,1629.31,0.296,BID
1444867779,1629.31,0.0003,BID
1444867779,1629.37,0.002,BID
1444867779,1629.4,0.0077,BID
1444867789,1629.48,0.01,BID
1444867796,1629.31,0.01,ASK
1444867796,1629.3,0.1316,ASK
1444867796,1629.26,0.062,ASK
1444867796,1629.11,0.1,ASK
1444867796,1629.1,2.0,ASK
1444867796,1629.0,5.7078,ASK
1444867803,1629.47,0.046,BID
1444867807,1629.01,0.0426,ASK
1444867807,1629.01,0.0542,ASK
1444867807,1629.0,0.1732,ASK
1444867810,1629.46,0.06,BID
1444867810,1629.47,0.0003,BID
1444867810,1629.48,0.0357,BID
1444867811,1629.48,0.01,BID
1444867815,1629.48,0.001,BID
1444867855,1629.43,0.0968,BID
1444867855,1629.43,0.0842,BID
1444867858,1629.43,0.0007,BID
1444867858,1629.44,0.135,BID
1444867858,1629.44,0.0453,BID
1444867860,1629.43,8.0,BID
1444867860,1629.43,2.0,BID
1444867860,1629.43,1.105,BID
1444867883,1629.42,0.322,BID
1444867887,1629.42,0.0004,BID
1444867887,1629.43,0.0032,BID
1444867887,1629.44,0.3184,BID
1444867894,1629.44,0.01,BID
1444867901,1629.44,0.01,BID
1444867912,1629.09,0.06,ASK
1444867914,1629.09,4.874,BID
1444867914,1629.44,1.936,BID
1444867943,1629.14,0.01,BID
1444867957,1629.14,0.0067,BID
1444867957,1629.19,0.06,BID
1444867957,1629.41,0.0151,BID
1444867957,1629.42,0.4069,BID
1444867957,1629.44,1.4057,BID
1444867957,1629.45,0.0088,BID
1444867957,1629.47,0.3017,BID
1444867957,1629.47,0.1,BID
1444867957,1629.48,0.0737,BID
1444867957,1629.49,0.1662,BID
1444867957,1629.5,3.3952,BID
1444868004,1629.18,0.0044,ASK
1444868004,1629.17,0.0136,ASK
1444868004,1629.16,0.271,ASK
1444868004,1629.15,0.06,ASK
1444868004,1629.14,0.1588,ASK
1444868004,1629.13,0.0157,ASK
1444868004,1629.12,0.2535,ASK
1444868004,1629.11,0.0716,ASK
1444868004,1629.09,0.1416,ASK
1444868007,1629.09,0.01,BID
1444868008,1629.09,1.2129,BID
1444868009,1629.09,0.1322,BID
1444868023,1629.09,0.111,BID
1444868025,1629.08,0.002,ASK
1444868029,1629.08,0.0621,BID
1444868038,1629.08,0.01,BID
1444868052,1629.08,1.351,BID
1444868058,1629.08,2.0563,BID
1444868064,1629.08,0.01,BID
1444868064,1629.08,0.01,BID
1444868065,1629.07,7.0,BID
1444868065,1629.07,5.43,BID
1444868076,1629.08,0.01,BID
1444868078,1629.08,0.05,BID
1444868097,1629.08,0.01,BID
1444868098,1629.08,0.01,BID
1444868100,1629.08,0.049,BID
1444868103,1629.08,4.2609,BID
1444868104,1629.08,0.0408,BID
1444868104,1629.08,0.0193,BID
1444868104,1629.09,0.5029,BID
1444868104,1629.24,0.003,BID
1444868104,1629.37,0.002,BID
1444868104,1629.42,0.1,BID
1444868104,1629.49,0.01,BID
1444868104,1629.5,3.643,BID
1444868116,1629.49,0.06,BID
1444868122,1629.5,0.05,BID
1444868127,1629.49,0.05,BID
1444868133,1629.49,0.195,BID
1444868134,1629.49,0.0007,BID
1444868134,1629.5,0.2013,BID
1444868138,1629.49,0.196,BID
1444868138,1629.49,0.365,BID
1444868139,1629.49,2.6272,BID
1444868139,1629.5,9.646,BID
1444868141,1629.5,0.972,BID
1444868144,1629.5,2.042,BID
1444868148,1629.5,0.297,BID
1444868149,1629.5,1.1516,BID
1444868151,1629.57,0.002,BID
1444868151,1629.71,0.001,BID
1444868151,1629.75,0.015,BID
1444868162,1629.75,0.085,BID
1444868175,1629.74,0.01,BID
1444868184,1629.63,0.002,ASK
1444868184,1629.55,0.0141,ASK
1444868184,1629.55,0.0155,ASK
1444868184,1629.55,0.06,ASK
1444868184,1629.54,0.054,ASK
1444868184,1629.54,0.5,ASK
1444868184,1629.54,0.035,ASK
1444868184,1629.53,0.7,ASK
1444868184,1629.52,0.2825,ASK
1444868187,1629.5,0.224,BID
1444868188,1629.5,0.146,BID
1444868192,1629.49,0.013,BID
1444868201,1629.49,0.047,BID
1444868204,1629.48,0.05,BID
1444868204,1629.49,2.914,BID
1444868208,1629.49,0.06,BID
1444868209,1629.48,0.24,BID
1444868211,1629.48,0.2572,BID
1444868211,1629.49,0.5038,BID
1444868215,1629.49,0.125,BID
1444868242,1629.48,2.0987,BID
1444868248,1629.48,2.0333,BID
1444868248,1629.49,1.5152,BID
1444868248,1629.49,0.5,BID
1444868248,1629.49,0.001,BID
1444868272,1629.48,4.9584,BID
1444868272,1629.49,0.0286,BID
1444868272,1629.49,0.0155,BID
1444868272,1629.49,0.0195,BID
1444868272,1629.49,1.1516,BID
1444868280,1629.5,1.18,BID
1444868288,1629.49,1.0844,ASK
1444868290,1629.48,0.65,BID
1444868292,1629.48,0.001,ASK
1444868292,1629.49,0.486,BID
1444868292,1629.49,0.486,BID
1444868293,1629.49,0.486,BID
1444868294,1629.49,0.6137,BID
1444868296,1629.49,0.8,BID
1444868297,1629.49,0.0363,BID
1444868300,1629.49,0.6354,BID
1444868300,1629.5,0.0356,BID
1444868302,1629.5,3.4144,BID
1444868304,1629.54,0.0141,BID
1444868304,1629.74,0.0343,BID
1444868304,1629.74,0.5866,BID
1444868304,1629.74,0.1134,BID
1444868304,1629.82,0.014,BID
1444868304,1629.82,0.1,BID
1444868304,1629.82,0.1,BID
1444868304,1629.87,0.002,BID
1444868304,1629.99,0.14,BID
1444868304,1630.0,0.3,BID
1444868304,1630.0,1.2306,BID
1444868321,1629.52,0.06,ASK
1444868321,1629.51,0.0162,ASK
1444868321,1629.51,0.0127,ASK
1444868321,1629.51,0.1679,ASK
1444868321,1629.5,4.0353,ASK
1444868343,1629.96,0.06,BID
1444868343,1629.97,0.0352,BID
1444868343,1629.98,0.0127,BID
1444868343,1629.98,0.1608,BID
1444868343,1629.99,0.9313,BID
1444868357,1629.98,0.0233,BID
1444868357,1629.99,0.0867,BID
1444868359,1629.59,0.06,ASK
1444868359,1629.58,0.002,ASK
1444868367,1629.58,0.038,BID
1444868370,1629.61,0.03,BID
1444868374,1629.99,0.026,BID
1444868381,1629.98,0.03,BID
1444868382,1629.98,0.0472,ASK
1444868383,1629.98,2.58,ASK
1444868384,1629.98,0.7929,ASK
1444868384,1629.67,0.002,ASK
1444868384,1629.6,0.06,ASK
1444868384,1629.59,0.0141,ASK
1444868384,1629.51,0.1608,ASK
1444868384,1629.51,0.0127,ASK
1444868384,1629.5,0.9575,ASK
1444868397,1629.73,0.002,ASK
1444868397,1629.65,0.036,ASK
1444868400,1629.95,0.06,BID
1444868400,1629.96,0.0075,BID
1444868426,1629.75,0.06,ASK
1444868426,1629.74,0.002,ASK
1444868426,1629.66,0.2435,ASK
1444868426,1629.65,0.064,ASK
1444868426,1629.65,0.1,ASK
1444868426,1629.51,0.0233,ASK
1444868426,1629.5,3.3528,ASK
1444868426,1629.49,0.626,ASK
1444868460,1629.72,0.06,BID
1444868460,1629.73,0.0628,BID
1444868464,1629.73,0.1036,BID
1444868464,1629.93,0.036,BID
1444868464,1629.93,0.0448,BID
1444868464,1629.93,0.1085,BID
1444868464,1629.94,3.8042,BID
1444868464,1629.96,2.5361,BID
1444868464,1629.97,0.65,BID
1444868464,1629.97,0.65,BID
1444868464,1629.99,2.0668,BID
1444868477,1629.92,0.01,BID
1444868524,1629.61,0.0398,ASK
1444868525,1629.61,0.0202,ASK
1444868525,1629.6,0.01,ASK
1444868525,1629.58,0.002,ASK
1444868525,1629.5,0.0937,ASK
1444868528,1629.5,2.0,BID
1444868529,1629.5,0.6137,BID
1444868530,1629.5,0.6137,BID
1444868531,1629.5,2.58,BID
1444868538,1629.5,3.0667,BID
1444868579,1629.78,0.0078,BID
1444868579,1629.79,0.0112,BID
1444868584,1629.79,0.01,BID
1444868587,1629.8,0.01,BID
1444868589,1629.8,0.0048,BID
1444868589,1629.81,0.0152,BID
1444868612,1629.78,0.03,BID
1444868617,1629.8,0.022,BID
1444868618,1629.8,0.0002,BID
1444868618,1629.81,0.0098,BID
1444868621,1629.8,0.018,BID
1444868621,1629.81,0.415,BID
1444868624,1629.81,0.018,BID
1444868627,1629.81,0.0008,BID
1444868627,1629.87,0.002,BID
1444868627,1629.9,0.0152,BID
1444868628,1629.9,0.0271,BID
1444868628,1629.9,0.018,BID
1444868628,1629.91,0.0179,BID
1444868632,1629.91,0.05,BID
1444868635,1629.9,0.0171,BID
1444868635,1629.91,0.2009,BID
1444868636,1629.9,2.0,BID
1444868636,1629.9,16.564,BID
1444868636,1629.91,0.017,BID
1444868642,1629.82,0.031,BID
1444868647,1629.82,0.136,BID
1444868651,1629.82,0.02,BID
1444868651,1629.82,0.023,BID
1444868651,1629.91,0.02,BID
1444868656,1629.87,0.002,BID
1444868656,1629.91,0.008,BID
1444868660,1629.91,0.01,BID
1444868662,1629.9,6.0,BID
1444868662,1629.9,4.374,BID
1444868664,1629.9,0.0083,BID
1444868664,1629.91,0.0017,BID
1444868669,1629.91,0.01,BID
1444868684,1629.91,0.01,BID
1444868688,1629.91,0.014,BID
1444868689,1629.91,0.0006,BID
1444868689,1629.92,0.0134,BID
1444868691,1629.92,0.014,BID
1444868691,1629.66,1.0,BID
1444868691,1629.66,3.0,BID
1444868691,1629.66,6.742,BID
1444868696,1629.92,0.0626,BID
1444868696,1629.99,1.2188,BID
1444868696,1630.0,8.7186,BID
1444868699,1629.88,0.02,BID
1444868704,1629.88,0.01,BID
1444868712,1629.88,0.01,BID
1444868718,1629.76,0.06,ASK
1444868718,1629.75,0.1417,ASK
1444868718,1629.74,0.002,ASK
1444868718,1629.67,0.0224,ASK
1444868718,1629.64,0.1507,ASK
1444868718,1629.63,0.043,ASK
1444868718,1629.61,0.0167,ASK
1444868718,1629.6,0.1671,ASK
1444868718,1629.56,0.1603,ASK
1444868718,1629.53,0.0131,ASK
1444868720,1629.52,0.01,BID
1444868720,1629.52,0.33,BID
1444868721,1629.52,0.01,BID
1444868722,1629.52,0.01,BID
1444868723,1629.52,6.5992,BID
1444868723,1629.74,0.1417,BID
1444868723,1629.88,0.0251,BID
1444868723,1630.0,3.234,BID
1444868726,1630.0,0.51,BID
1444868732,1629.99,0.06,BID
1444868735,1630.0,0.06,BID
1444868740,1630.0,0.04,BID
1444868741,1630.0,1.536,BID
1444868745,1630.0,0.993,BID
1444868747,1630.0,0.01,BID
1444868757,1630.0,0.01,BID
1444868759,1629.61,0.06,ASK
1444868759,1629.6,0.0951,ASK
1444868759,1629.59,0.002,ASK
1444868759,1629.59,1.9,ASK
1444868759,1629.52,0.0637,ASK
1444868759,1629.51,0.073,ASK
1444868759,1629.51,0.5,ASK
1444868759,1629.51,0.7,ASK
1444868759,1629.51,0.0344,ASK
1444868760,1629.51,0.01,BID
1444868763,1629.51,0.01,BID
1444868764,1629.51,0.5518,BID
1444868764,1629.6,0.06,BID
1444868764,1629.99,0.0344,BID
1444868764,1629.99,0.0987,BID
1444868764,1629.99,0.0637,BID
1444868764,1630.0,7.664,BID
1444868766,1629.99,0.01,BID
1444868767,1629.99,0.06,BID
1444868771,1629.99,0.119,BID
1444868773,1629.99,0.02,BID
1444868777,1629.99,0.02,BID
1444868781,1630.0,0.02,BID
1444868785,1630.0,0.01,BID
1444868787,1630.0,6.4328,BID
1444868788,1630.0,0.01,BID
1444868792,1630.0,0.01,BID
1444868794,1629.7,7.0,BID
1444868794,1629.7,0.913,BID
1444868800,1630.0,0.125,BID
1444868817,1629.71,0.06,ASK
1444868817,1629.7,0.0139,ASK
1444868817,1629.69,0.0448,ASK
1444868817,1629.68,1.0441,ASK
1444868817,1629.6,0.152,ASK
1444868817,1629.59,0.002,ASK
1444868817,1629.52,0.025,ASK
1444868817,1629.52,0.035,ASK
1444868817,1629.51,0.5,ASK
1444868817,1629.51,0.7,ASK
1444868817,1629.5,6.7655,ASK
1444868820,1629.69,14.331,ASK
1444868822,1629.7,0.06,BID
1444868822,1629.89,0.035,BID
1444868822,1629.89,0.0448,BID
1444868822,1629.89,0.025,BID
1444868822,1629.9,1.0352,BID
1444868826,1629.9,0.06,BID
1444868827,1629.9,0.0817,BID
1444868830,1629.89,0.06,BID
1444868830,1629.9,0.159,BID
1444868842,1629.8,0.06,ASK
1444868842,1629.79,0.002,ASK
1444868853,1629.72,0.0533,ASK
1444868853,1629.71,0.06,ASK
1444868867,1629.7,0.01,BID
1444868867,1629.7,0.01,BID
1444868880,1629.7,0.04,BID
1444868881,1629.71,0.04,BID
1444868885,1629.71,0.011,BID
1444868888,1629.71,0.0023,BID
1444868888,1629.89,0.0077,BID
1444868893,1629.89,0.01,BID
1444868896,1629.89,0.01,BID
1444868901,1629.54,0.06,ASK
1444868901,1629.53,0.0204,ASK
1444868901,1629.51,0.0921,ASK
1444868901,1629.51,0.025,ASK
1444868901,1629.51,0.0349,ASK
1444868904,1629.51,0.01,BID
1444868905,1629.51,0.092,BID
1444868906,1629.51,0.0733,BID
1444868907,1629.51,0.01,BID
1444868912,1629.5,1.18,ASK
1444868913,1629.5,0.65,ASK
1444868914,1629.5,0.65,ASK
1444868914,1629.51,0.0277,BID
1444868915,1629.5,1.18,ASK
1444868916,1629.5,0.65,ASK
1444868916,1629.5,0.65,ASK
1444868917,1629.5,0.5723,ASK
1444868917,1629.5,0.0777,ASK
1444868918,1629.5,0.65,ASK
1444868919,1629.5,1.18,ASK
1444868919,1629.5,0.65,ASK
1444868920,1629.5,0.65,ASK
1444868921,1629.5,0.65,ASK
1444868922,1629.5,0.65,ASK
1444868922,1629.5,2.0,ASK
1444868923,1629.5,0.65,ASK
1444868924,1629.5,0.65,ASK
1444868925,1629.5,0.65,ASK
1444868926,1629.5,0.65,ASK
1444868927,1629.5,0.65,ASK
1444868928,1629.5,0.65,ASK
1444868929,1629.5,0.65,ASK
1444868930,1629.5,0.65,ASK
1444868931,1629.5,0.65,ASK
1444868932,1629.5,0.4274,ASK
1444868932,1629.49,0.0449,ASK
1444868935,1629.49,0.01,BID
1444868951,1629.48,2.1813,ASK
1444868952,1629.48,0.65,ASK
1444868953,1629.48,0.65,ASK
1444868954,1629.48,0.65,ASK
1444868955,1629.48,3.2177,ASK
1444868959,1629.39,0.051,BID
1444868960,1629.39,0.6137,BID
1444868961,1629.39,0.6137,BID
1444868962,1629.39,0.5039,BID
1444868980,1629.4,0.001,ASK
1444868982,1629.4,0.001,ASK
1444869027,1629.4,0.1078,ASK
1444869027,1629.4,0.0262,ASK
1444869027,1629.4,0.134,ASK
1444869027,1629.4,0.134,ASK
1444869028,1629.4,0.3195,ASK
1444869029,1629.38,0.1,ASK
1444869035,1629.38,0.1,BID
1444869036,1629.38,0.231,BID
1444869036,1629.39,0.1,BID
1444869037,1629.33,0.2541,ASK
1444869037,1629.3,0.0499,ASK
1444869037,1629.38,0.331,BID
1444869044,1629.32,0.075,BID
1444869044,1629.32,0.2541,BID
1444869044,1629.38,0.329,BID
1444869044,1629.38,0.044,BID
1444869044,1629.38,0.2979,BID
1444869061,1629.33,0.3291,ASK
1444869061,1629.3,0.2744,ASK
1444869061,1629.27,0.002,ASK
1444869061,1629.24,0.001,ASK
1444869061,1629.07,0.4973,ASK
1444869061,1629.05,0.1,ASK
1444869061,1629.04,0.2262,ASK
1444869061,1629.02,0.4253,ASK
1444869061,1629.0,0.1447,ASK
1444869061,1629.0,0.1553,ASK
1444869061,1628.98,0.018,ASK
1444869061,1628.91,0.002,ASK
1444869061,1628.83,0.1,ASK
1444869061,1628.75,0.1,ASK
1444869061,1628.72,0.1,ASK
1444869061,1628.42,0.1,ASK
1444869061,1628.39,0.1,ASK
1444869061,1628.26,0.004,ASK
1444869061,1628.03,0.5,ASK
1444869061,1628.02,1.4007,ASK
1444869063,1628.02,2.0,ASK
1444869079,1629.29,0.0278,BID
1444869079,1629.3,0.0722,BID
1444869079,1629.3,0.1,BID
1444869079,1629.3,0.3278,BID
1444869079,1629.3,3.4007,BID
1444869084,1629.31,0.0357,BID
1444869084,1629.31,0.0983,BID
1444869085,1629.31,0.6017,BID
1444869085,1629.31,0.0121,BID
1444869086,1629.31,0.0044,BID
1444869086,1629.32,0.3291,BID
1444869086,1629.35,0.1773,BID
1444869086,1629.37,0.002,BID
1444869086,1629.38,0.012,BID
1444869086,1629.38,0.032,BID
1444869086,1629.39,0.2305,BID
1444869086,1629.39,0.65,BID
1444869086,1629.39,0.0646,BID
1444869086,1629.39,0.2021,BID
1444869086,1629.4,2.8695,BID
1444869155,1629.39,0.6369,BID
1444869156,1629.39,0.0726,BID
1444869156,1629.4,0.5411,BID
1444869157,1629.4,0.6137,BID
1444869180,1629.4,1.0,BID
1444869181,1629.4,0.6137,BID
1444869182,1629.4,0.6137,BID
1444869183,1629.4,0.0464,BID
1444869189,1629.41,0.5673,ASK
1444869189,1629.41,0.6137,ASK
1444869189,1629.33,0.12,ASK
1444869189,1629.18,0.0532,ASK
1444869189,1629.01,0.1242,ASK
1444869192,1629.0,0.304,BID
1444869193,1629.0,0.294,BID
1444869193,1629.0,0.6139,BID
1444869194,1629.0,0.01,BID
1444869194,1629.0,0.6139,BID
1444869195,1629.0,0.6139,BID
1444869196,1629.0,0.6139,BID
1444869197,1629.0,0.02,BID
1444869197,1629.0,0.6139,BID
1444869198,1629.0,0.01,BID
1444869198,1629.0,0.6139,BID
1444869199,1629.0,1.0,BID
1444869199,1629.0,0.6139,BID
1444869200,1629.0,0.02,BID
1444869200,1629.0,0.6139,BID
1444869201,1629.0,0.19,BID
1444869202,1629.0,0.6139,BID
1444869202,1629.0,0.6139,BID
1444869203,1629.0,0.6139,BID
1444869204,1628.99,0.06,BID
1444869204,1629.0,0.5539,BID
1444869205,1629.0,0.6139,BID
1444869205,1629.0,0.01,BID
1444869206,1629.0,0.282,BID
1444869207,1629.0,0.4609,BID
1444869209,1629.33,0.1,BID
1444869209,1629.4,0.344,BID
1444869214,1629.01,0.1515,ASK
1444869214,1629.01,0.0295,ASK
1444869214,1629.0,0.5896,ASK
1444869215,1629.0,0.06,BID
1444869221,1629.0,0.059,BID
1444869222,1629.0,0.3441,BID
1444869223,1628.9,9.0,BID
1444869223,1628.9,3.38,BID
1444869225,1629.0,0.011,BID
1444869230,1629.0,0.4,BID
1444869234,1628.99,0.012,BID
1444869238,1628.98,0.05,BID
1444869246,1628.99,0.0022,BID
1444869246,1628.99,0.0078,BID
1444869250,1628.98,0.01,BID
1444869250,1628.99,0.007,BID
1444869274,1628.99,0.0005,BID
1444869274,1629.0,9.3553,BID
1444869274,1629.37,0.002,BID
1444869274,1629.39,0.887,BID
1444869274,1629.4,0.306,BID
1444869274,1629.5,0.396,BID
1444869274,1629.61,0.001,BID
1444869274,1629.67,0.17,BID
1444869274,1629.87,0.002,BID
1444869274,1629.89,0.0693,BID
1444869274,1629.89,2.0605,BID
1444869274,1629.89,0.8835,BID
1444869274,1629.9,2.2096,BID
1444869274,1629.94,0.002,BID
1444869274,1629.96,0.088,BID
1444869274,1629.99,2.0033,BID
1444869274,1630.0,7.1253,BID
1444869274,1630.0,10.0,BID
1444869274,1630.0,0.3,BID
1444869274,1630.12,0.1,BID
1444869274,1630.13,0.02,BID
1444869274,1630.14,0.001,BID
1444869274,1630.15,0.1,BID
1444869274,1630.25,0.001,BID
1444869274,1630.31,0.001,BID
1444869274,1630.32,0.1,BID
1444869274,1630.33,0.1,BID
1444869274,1630.37,0.002,BID
1444869274,1630.41,0.001,BID
1444869274,1630.59,0.004,BID
1444869274,1630.8,0.001,BID
1444869274,1630.87,0.002,BID
1444869274,1630.88,0.1157,BID
1444869274,1631.0,0.3,BID
1444869274,1631.29,5.3888,BID
1444869274,1631.3,0.0479,BID
1444869274,1631.37,0.002,BID
1444869274,1631.38,0.126,BID
1444869274,1631.48,0.014,BID
1444869274,1631.51,4.0314,BID
1444869274,1631.8,0.129,BID
1444869274,1631.8,0.129,BID
1444869274,1631.87,0.002,BID
1444869274,1631.9,0.008,BID
1444869274,1631.96,0.001,BID
1444869274,1631.96,0.129,BID
1444869274,1631.97,0.001,BID
1444869274,1631.97,0.001,BID
1444869274,1631.97,2.0,BID
1444869274,1631.98,18.737,BID
1444869278,1631.51,1.0,BID
1444869278,1631.51,6.0,BID
1444869278,1631.51,5.981,BID
1444869338,1630.19,0.06,ASK
1444869338,1630.19,0.34,ASK
1444869340,1630.2,0.1322,ASK
1444869340,1630.2,0.0365,ASK
1444869340,1630.19,0.4313,ASK
1444869340,1630.19,0.6,ASK
1444869340,1630.19,0.6,ASK
1444869341,1630.19,0.4,ASK
1444869346,1630.21,0.7,ASK
1444869346,1630.2,0.5,ASK
1444869346,1630.2,0.028,ASK
1444869350,1630.19,0.0196,BID
1444869350,1630.19,0.01,BID
1444869350,1630.2,0.0604,BID
1444869350,1630.2,0.0196,BID
1444869352,1630.2,0.0296,BID
1444869354,1630.2,1.6624,BID
1444869354,1630.2,1.228,BID
1444869354,1630.2,0.08,BID
1444869354,1630.2,0.029,BID
1444869354,1631.25,0.035,BID
1444869354,1631.25,0.0296,BID
1444869357,1630.28,0.06,BID
1444869357,1631.22,0.1775,BID
1444869357,1631.25,0.13,BID
1444869359,1630.64,0.4,ASK
1444869360,1630.18,0.002,ASK
1444869360,1630.01,0.015,ASK
1444869360,1630.0,0.3,ASK
1444869360,1629.94,0.014,ASK
1444869360,1629.86,0.069,ASK
1444869361,1630.63,0.1759,BID
1444869367,1630.62,0.02,BID
1444869369,1630.61,0.0295,BID
1444869369,1630.61,0.01,BID
1444869373,1630.61,0.011,BID
1444869376,1630.61,0.019,BID
1444869377,1630.61,0.05,BID
1444869381,1630.6,0.04,BID
1444869395,1630.56,0.01,BID
1444869428,1629.85,0.0296,ASK
1444869428,1629.84,0.0004,ASK
1444869431,1629.84,0.0596,ASK
1444869465,1630.45,0.0296,BID
1444869465,1630.45,0.0176,BID
1444869465,1630.45,0.0108,BID
1444869465,1630.45,0.01,BID
1444869465,1630.46,0.655,BID
1444869470,1629.94,0.0296,ASK
1444869470,1629.93,0.0004,ASK
1444869521,1629.93,0.0016,ASK
1444869529,1629.92,0.002,BID
1444869557,1629.92,0.62,BID
1444869557,1629.93,1.2999,BID
1444869559,1629.93,0.3059,BID
1444869559,1629.92,0.3364,ASK
1444869584,1629.92,0.25,ASK
1444869584,1629.92,0.25,ASK
1444869585,1629.92,0.25,ASK
1444869585,1629.92,0.25,ASK
1444869585,1629.92,0.65,ASK
1444869586,1629.92,0.25,ASK
1444869586,1629.92,0.65,ASK
1444869587,1629.92,0.65,ASK
1444869588,1629.92,0.65,ASK
1444869589,1629.92,0.65,ASK
1444869590,1629.92,0.65,ASK
1444869591,1629.92,0.65,ASK
1444869592,1629.92,0.0055,ASK
1444869593,1629.91,0.6445,BID
1444869593,1629.93,0.4707,BID
1444869594,1629.93,0.6135,BID
1444869595,1629.93,0.3194,BID
1444869631,1629.94,0.2941,ASK
1444869631,1629.94,0.6135,ASK
1444869631,1629.85,0.002,ASK
1444869632,1629.78,5.53,ASK
1444869660,1629.85,0.8959,BID
1444869661,1629.85,0.6136,BID
1444869662,1629.85,0.5597,BID
1444869665,1629.87,0.001,BID
1444869729,1629.86,0.04,ASK
1444869730,1629.86,0.0139,ASK
1444869730,1629.86,0.6136,ASK
1444869760,1629.77,0.002,ASK
1444869760,1629.44,0.1,ASK
1444869760,1629.18,0.5,ASK
1444869760,1629.1,0.1,ASK
1444869762,1629.01,0.219,BID
1444869762,1629.01,0.106,BID
1444869764,1629.01,0.4,BID
1444869774,1629.51,0.01,ASK
1444869774,1629.03,0.7,ASK
1444869774,1629.02,0.28,ASK
1444869774,1629.02,0.6139,ASK
1444869774,1629.02,5.3821,ASK
1444869774,1629.0,0.014,ASK
1444869779,1629.85,0.01,BID
1444869789,1629.83,0.0188,BID
1444869789,1629.83,0.7,BID
1444869789,1629.84,0.3681,BID
1444869789,1629.85,0.5,BID
1444869789,1629.86,0.2867,BID
1444869789,1629.86,0.2,BID
1444869789,1629.87,0.001,BID
1444869789,1630.0,0.099,BID
1444869789,1630.18,0.1,BID
1444869789,1630.2,0.1,BID
1444869789,1630.34,0.1386,BID
1444869789,1630.36,0.3098,BID
1444869789,1630.37,0.002,BID
1444869789,1630.37,0.1,BID
1444869789,1630.42,0.1674,BID
1444869789,1630.43,0.01,BID
1444869789,1630.44,0.1862,BID
1444869789,1630.5,0.1,BID
1444869789,1630.53,0.1,BID
1444869789,1630.64,0.4994,BID
1444869790,1629.14,7.0,BID
1444869790,1629.14,1.396,BID
1444869825,1630.57,0.0296,BID
1444869825,1630.58,3.0,BID
1444869825,1630.59,3.3432,BID
1444869859,1629.91,0.02,ASK
1444869919,1630.42,0.02,BID
1444869919,1630.51,0.2728,BID
1444869919,1630.53,0.0275,BID
1444869919,1630.6,0.1173,BID
1444869919,1630.62,0.0882,BID
1444869919,1630.64,0.2966,BID
1444869919,1630.87,0.002,BID
1444869919,1630.92,0.001,BID
1444869919,1631.0,0.3,BID
1444869921,1631.48,0.085,ASK
1444869922,1630.68,0.085,BID
1444869922,1630.72,0.015,BID
1444869922,1630.03,7.0,BID
1444869922,1630.03,1.355,BID
1444869923,1630.71,16.553,BID
1444869923,1630.72,0.07,BID
1444869925,1630.82,0.03,ASK
1444869926,1630.73,0.03,ASK
1444869926,1630.73,0.055,ASK
1444869927,1630.49,0.085,ASK
1444869949,1630.49,0.015,ASK
1444869970,1630.13,0.0296,ASK
1444869970,1630.12,0.035,ASK
1444869970,1630.12,0.0424,ASK
1444870015,1630.31,0.021,BID
1444870015,1630.33,0.06,BID
1444870015,1630.49,0.081,BID
1444870015,1630.49,0.162,BID
1444870023,1630.22,0.06,ASK
1444870023,1630.21,0.002,ASK
1444870027,1630.13,0.278,BID
1444870029,1630.13,0.002,BID
1444870054,1630.13,0.002,BID
1444870063,1630.06,0.0208,ASK
1444870063,1630.05,0.4152,ASK
1444870063,1630.04,0.0215,ASK
1444870063,1630.03,0.429,ASK
1444870063,1630.01,0.065,ASK
1444870063,1630.0,1.0,ASK
1444870063,1630.0,0.3,ASK
1444870067,1630.0,0.339,BID
1444870067,1630.0,0.6,BID
1444870067,1630.0,0.6,BID
1444870067,1630.0,0.6,BID
1444870067,1630.0,0.6095,BID
1444870067,1630.05,0.0208,BID
1444870067,1630.1,0.0208,BID
1444870067,1630.1,0.0215,BID
1444870067,1630.11,1.3274,BID
1444870072,1630.09,0.06,BID
1444870072,1630.1,0.1,BID
1444870072,1630.11,3.0823,BID
1444870072,1630.13,0.026,BID
1444870083,1630.33,0.1,BID
1444870086,1630.32,0.0296,BID
1444870086,1630.37,0.002,BID
1444870086,1630.49,0.1924,BID
1444870106,1630.35,0.0052,ASK
1444870106,1630.34,0.06,ASK
1444870106,1630.33,0.0296,ASK
1444870106,1630.15,0.0108,ASK
1444870106,1630.15,0.0459,ASK
1444870106,1630.15,0.0208,ASK
1444870106,1630.15,0.0362,ASK
1444870106,1630.14,0.0215,ASK
1444870106,1630.14,0.1349,ASK
1444870106,1630.14,0.0951,ASK
1444870106,1630.14,0.23,ASK
1444870107,1630.14,0.1749,ASK
1444870107,1630.14,0.0551,ASK
1444870107,1630.14,0.23,ASK
1444870107,1630.14,0.23,ASK
1444870116,1630.36,0.185,ASK
1444870117,1630.36,0.0004,ASK
1444870127,1630.16,0.0296,ASK
1444870127,1630.15,0.0774,ASK
1444870127,1630.15,0.0297,ASK
1444870127,1630.14,0.0883,ASK
1444870128,1630.14,0.0966,ASK
1444870128,1630.14,0.0105,ASK
1444870190,1630.31,0.06,BID
1444870190,1630.35,0.185,BID
1444870192,1630.36,0.231,ASK
1444870192,1630.36,0.107,ASK
1444870192,1630.36,0.0095,ASK
1444870195,1630.36,0.0296,ASK
1444870196,1630.36,0.2059,ASK
1444870196,1630.36,0.236,ASK
1444870197,1630.35,0.1501,BID
1444870197,1630.35,0.0559,BID
1444870200,1630.35,0.15,BID
1444870200,1630.35,0.15,BID
1444870201,1630.35,0.1156,BID
1444870201,1630.36,0.07,ASK
1444870205,1630.37,0.002,BID
1444870205,1630.48,0.008,BID
1444870232,1630.47,0.0677,BID
1444870232,1630.48,0.0131,BID
1444870232,1630.48,0.0316,BID
1444870232,1630.48,0.0151,BID
1444870232,1630.49,0.0255,BID
1444870234,1630.48,0.0105,ASK
1444870272,1630.49,1.0,BID
1444870273,1630.49,0.6133,BID
1444870290,1630.49,10.0855,BID
1444870292,1630.49,1.7023,ASK
1444870292,1630.48,0.0572,ASK
1444870292,1630.37,0.0231,ASK
1444870292,1630.37,0.0191,ASK
1444870292,1630.36,0.4278,ASK
1444870292,1630.36,0.4156,ASK
1444870293,1630.36,0.06,BID
1444870296,1630.36,0.16,BID
1444870306,1630.36,0.002,BID
1444870333,1630.36,0.002,BID
1444870351,1630.36,0.001,BID
1444870375,1630.32,0.001,BID
1444870386,1630.27,0.002,ASK
1444870389,1630.27,0.0647,BID
1444870389,1630.29,0.06,BID
1444870389,1630.32,0.009,BID
1444870389,1630.35,0.0148,BID
1444870389,1630.36,0.8515,BID
1444870394,1630.27,8.006,BID
1444870394,1630.35,0.015,BID
1444870394,1630.36,0.233,BID
1444870402,1630.35,0.002,BID
1444870405,1630.32,3.9737,ASK
1444870406,1630.32,2.0,ASK
1444870407,1630.32,0.65,ASK
1444870408,1630.32,0.65,ASK
1444870410,1630.33,0.0125,ASK
1444870410,1630.33,0.1432,ASK
1444870410,1630.32,0.4943,ASK
1444870411,1630.33,0.0307,ASK
1444870411,1630.32,0.6193,ASK
1444870412,1630.32,0.65,ASK
1444870413,1630.32,0.65,ASK
1444870414,1630.32,0.65,ASK
1444870415,1630.32,0.65,ASK
1444870416,1630.32,0.65,ASK
1444870417,1630.32,0.65,ASK
1444870418,1630.32,0.65,ASK
1444870419,1630.32,0.65,ASK
1444870420,1630.32,0.65,ASK
1444870421,1630.32,0.65,ASK
1444870422,1630.32,0.65,ASK
1444870423,1630.32,0.65,ASK
1444870424,1630.32,0.65,ASK
1444870425,1630.32,0.1375,ASK
1444870455,1630.31,0.5125,BID
1444870455,1630.31,0.65,BID
1444870455,1630.35,0.0104,BID
1444870455,1630.35,0.0125,BID
1444870455,1630.35,0.1432,BID
1444870455,1630.36,6.614,BID
1444870472,1630.33,0.0104,ASK
1444870472,1630.33,0.0125,ASK
1444870472,1630.32,0.2151,ASK
1444870473,1630.32,0.311,ASK
1444870473,1630.32,0.0873,ASK
1444870474,1630.31,0.0127,BID
1444870474,1630.31,0.1,BID
1444870474,1630.31,0.1,BID
1444870474,1630.32,0.6363,BID
1444870474,1630.35,0.0183,BID
1444870474,1630.35,0.0124,BID
1444870474,1630.35,0.0104,BID
1444870474,1630.36,0.2899,BID
1444870474,1630.28,0.08,ASK
1444870476,1630.29,0.0306,ASK
1444870476,1630.28,0.5334,ASK
1444870479,1630.26,0.0026,BID
1444870480,1630.26,0.02,BID
1444870480,1630.25,0.06,ASK
1444870483,1630.19,0.0201,ASK
1444870483,1630.18,0.086,ASK
1444870483,1630.17,0.0177,ASK
1444870483,1630.16,0.1237,ASK
1444870483,1630.15,0.0202,ASK
1444870490,1630.15,0.124,BID
1444870490,1630.18,0.0201,BID
1444870490,1630.24,0.06,BID
1444870490,1630.24,0.06,BID
1444870490,1630.26,0.015,BID
1444870490,1630.26,0.0117,BID
1444870490,1630.27,0.5334,BID
1444870490,1630.29,0.06,BID
1444870492,1630.32,16.524,BID
1444870492,1630.31,0.6,ASK
1444870492,1630.31,0.5358,ASK
1444870498,1630.25,0.06,ASK
1444870502,1630.17,0.036,ASK
1444870506,1630.24,0.06,BID
1444870506,1630.24,0.06,BID
1444870506,1630.25,0.06,ASK
1444870506,1630.17,0.0357,ASK
1444870506,1630.16,0.0283,ASK
1444870506,1630.16,0.0957,ASK
1444870506,1630.01,0.1538,ASK
1444870506,1630.01,0.015,ASK
1444870506,1630.01,0.0116,ASK
1444870506,1630.0,0.3239,ASK
1444870509,1630.25,0.18,ASK
1444870510,1630.25,0.09,ASK
1444870512,1630.01,0.0049,ASK
1444870512,1630.0,4.5761,ASK
1444870512,1630.0,14.389,ASK
1444870522,1630.22,0.06,BID
1444870522,1630.23,0.021,BID
1444870522,1630.24,0.18,BID
1444870522,1630.24,0.18,BID
1444870527,1630.34,0.0266,BID
1444870527,1630.34,0.0328,BID
1444870527,1630.35,0.7,BID
1444870527,1630.35,0.1164,BID
1444870527,1630.36,2.3286,BID
1444870527,1630.37,0.002,BID
1444870527,1630.42,0.1,BID
1444870527,1630.51,0.188,BID
1444870527,1630.6,0.1,BID
1444870527,1630.66,0.0951,BID
1444870527,1630.69,0.1472,BID
1444870527,1630.69,0.1,BID
1444870527,1630.69,0.1,BID
1444870527,1630.71,0.1456,BID
1444870527,1630.76,0.014,BID
1444870527,1630.87,0.002,BID
1444870527,1630.93,0.1,BID
1444870527,1631.0,0.3,BID
1444870527,1631.02,0.1,BID
1444870527,1631.02,0.1,BID
1444870527,1631.26,0.1,BID
1444870527,1631.35,0.1,BID
1444870527,1631.35,0.1,BID
1444870527,1631.42,0.05,BID
1444870527,1631.43,0.05,BID
1444870527,1631.5,0.29,BID
1444870527,1631.5,4.4102,BID
1444870527,1631.51,4.5268,BID
1444870527,1631.57,0.004,BID
1444870527,1631.7,6.7036,BID
1444870527,1631.87,0.002,BID
1444870527,1631.88,0.284,BID
1444870527,1631.88,0.284,BID
1444870527,1631.9,6.7036,BID
1444870527,1631.98,14.1322,BID
1444870545,1630.99,0.001,BID
1444870549,1630.99,0.05,BID
1444870558,1630.43,0.06,ASK
1444870558,1630.43,0.035,ASK
1444870558,1630.42,0.01,ASK
1444870558,1630.42,0.02,ASK
1444870558,1630.42,0.125,ASK
1444870558,1630.42,0.125,ASK
1444870560,1630.98,0.01,BID
1444870560,1630.99,0.035,BID
1444870562,1631.07,0.005,ASK
1444870562,1630.43,0.005,ASK
1444870563,1630.43,0.0165,ASK
1444870563,1630.42,0.4065,ASK
1444870563,1630.42,0.0235,ASK
1444870563,1630.42,0.01,ASK
1444870563,1630.41,0.2005,ASK
1444870564,1630.39,0.01,ASK
1444870564,1630.41,0.0296,BID
1444870564,1630.41,0.1594,BID
1444870574,1630.51,0.002,ASK
1444870574,1630.43,0.0619,ASK
1444870574,1630.39,0.0225,ASK
1444870574,1630.38,0.0368,ASK
1444870578,1631.27,0.001,BID
1444870592,1630.52,0.0472,ASK
1444870592,1630.39,0.0206,ASK
1444870592,1630.38,0.1782,ASK
1444870600,1631.16,0.01,BID
1444870601,1631.17,0.0296,ASK
1444870604,1631.17,8.5126,ASK
1444870605,1630.47,0.002,ASK
1444870605,1630.39,0.0117,ASK
1444870605,1630.38,0.2346,ASK
1444870605,1630.35,0.0594,ASK
1444870605,1630.28,0.0565,ASK
1444870605,1630.27,1.58,ASK
1444870605,1630.24,0.01,ASK
1444870606,1630.26,0.0296,BID
1444870610,1630.26,2.58,BID
1444870611,1630.26,0.6134,BID
1444870612,1630.25,0.31,BID
1444870612,1630.26,0.3034,BID
1444870613,1630.23,0.06,ASK
1444870613,1630.26,0.31,BID
1444870614,1630.22,0.0491,ASK
1444870614,1630.12,0.0109,ASK
1444870615,1630.22,0.06,BID
1444870615,1630.26,2.732,BID
1444870615,1630.33,0.06,BID
1444870616,1630.39,0.0715,ASK
1444870617,1630.4,10.0,ASK
1444870617,1630.4,6.0,ASK
1444870617,1630.4,0.979,ASK
1444870617,1630.39,10.4953,ASK
1444870617,1630.27,0.0715,ASK
1444870618,1630.27,0.5419,ASK
1444870618,1630.12,0.0051,ASK
1444870618,1630.09,0.1,ASK
1444870618,1630.05,0.1,ASK
1444870618,1630.02,0.2357,ASK
1444870618,1630.0,2.2981,ASK
1444870618,1630.0,0.3,ASK
1444870618,1629.99,0.002,ASK
1444870618,1629.92,0.0362,ASK
1444870618,1629.84,0.005,ASK
1444870618,1629.76,0.1,ASK
1444870618,1629.72,0.1,ASK
1444870618,1629.51,0.002,ASK
1444870618,1629.43,0.1,ASK
1444870618,1629.39,0.1,ASK
1444870618,1629.38,0.3437,ASK
1444870618,1629.25,0.24,ASK
1444870618,1629.25,3.2521,ASK
1444870619,1630.28,0.0307,ASK
1444870619,1630.03,0.0118,ASK
1444870619,1630.01,0.0291,ASK
1444870619,1629.25,0.4703,ASK
1444870619,1630.38,0.05,BID
1444870642,1630.18,0.01,ASK
1444870643,1630.18,0.0834,ASK
1444870643,1630.18,0.0266,ASK
1444870643,1629.36,0.002,ASK
1444870643,1629.29,0.108,ASK
1444870646,1629.3,0.001,ASK
1444870653,1629.31,0.108,ASK
1444870653,1629.31,0.392,ASK
1444870655,1629.32,0.01,ASK
1444870657,1629.32,0.688,ASK
1444870657,1629.31,0.01,ASK
1444870661,1629.39,0.002,ASK
1444870661,1629.33,0.06,ASK
1444870661,1629.33,0.06,ASK
1444870662,1629.33,0.01,ASK
1444870662,1629.33,0.43,ASK
1444870662,1629.31,0.1221,ASK
1444870662,1629.28,0.0797,ASK
1444870662,1629.27,0.059,BID
1444870664,1629.27,0.5,BID
1444870665,1629.27,0.5,BID
1444870666,1629.27,0.6138,BID
1444870666,1629.27,2.0,BID
1444870667,1629.27,0.5,BID
1444870667,1629.24,0.2443,ASK
1444870667,1629.27,0.0059,BID
1444870668,1629.28,0.2443,ASK
1444870668,1629.28,0.155,ASK
1444870669,1629.28,0.2086,ASK
1444870669,1629.18,0.088,ASK
1444870669,1629.0,0.286,ASK
1444870669,1629.0,0.0253,ASK
1444870669,1629.31,0.022,BID
1444870669,1629.32,0.44,BID
1444870669,1629.34,0.06,BID
1444870669,1630.16,0.0189,BID
1444870669,1630.17,0.12,BID
1444870669,1630.17,1.8011,BID
1444870669,1629.32,0.038,ASK
1444870669,1629.28,0.1706,ASK
1444870671,1629.28,0.3353,ASK
1444870671,1629.0,0.073,ASK
1444870672,1629.27,0.0168,BID
1444870672,1629.27,0.2558,BID
1444870672,1629.27,0.2086,BID
1444870672,1629.27,0.209,BID
1444870672,1629.9,0.3353,ASK
1444870673,1629.91,5.0,BID
1444870673,1629.91,4.504,BID
1444870673,1629.9,0.335,ASK
1444870674,1629.9,16.2037,ASK
1444870674,1629.9,0.5,ASK
1444870674,1629.9,0.6,ASK
1444870674,1629.9,0.5,ASK
1444870674,1629.9,0.01,ASK
1444870674,1629.9,1.179,ASK
1444870674,1629.9,0.652,ASK
1444870674,1629.9,0.4,ASK
1444870675,1629.9,0.8498,ASK
1444870675,1629.9,1.127,ASK
1444870675,1629.9,0.309,ASK
1444870675,1629.9,0.01,ASK
1444870676,1629.9,1.943,ASK
1444870676,1629.9,0.01,ASK
1444870676,1629.9,0.5897,ASK
1444870676,1629.9,0.01,ASK
1444870676,1629.9,0.4,ASK
1444870676,1629.9,0.65,ASK
1444870677,1629.9,0.3694,ASK
1444870677,1629.9,0.65,ASK
1444870678,1629.9,0.5,ASK
1444870678,1629.9,1.9956,ASK
1444870678,1629.9,0.1,ASK
1444870678,1629.9,0.6,ASK
1444870678,1629.9,0.3,ASK
1444870678,1629.9,0.329,ASK
1444870678,1629.9,0.65,ASK
1444870679,1629.9,0.01,ASK
1444870679,1629.9,0.5272,ASK
1444870679,1629.9,0.65,ASK
1444870680,1629.9,2.0,ASK
1444870680,1629.9,1.061,ASK
1444870680,1629.9,1.2694,ASK
1444870680,1629.9,0.409,ASK
1444870680,1629.9,0.65,ASK
1444870681,1629.9,0.01,ASK
1444870681,1629.9,0.5,ASK
1444870681,1629.9,0.65,ASK
1444870681,1629.9,0.2304,ASK
1444870682,1629.9,0.061,ASK
1444870682,1629.9,0.01,ASK
1444870682,1629.9,0.65,ASK
1444870683,1629.9,0.722,ASK
1444870683,1629.9,0.65,ASK
1444870684,1629.9,0.7986,ASK
1444870684,1629.9,0.01,ASK
1444870684,1629.9,0.65,ASK
1444870685,1629.9,0.1717,ASK
1444870685,1629.9,2.0,ASK
1444870686,1629.9,0.01,ASK
1444870686,1629.9,0.65,ASK
1444870686,1629.9,0.8617,ASK
1444870686,1629.9,0.65,ASK
1444870687,1629.9,0.65,ASK
1444870688,1629.9,0.01,ASK
1444870688,1629.9,0.65,ASK
1444870689,1629.9,0.65,ASK
1444870689,1629.9,0.01,ASK
1444870689,1629.9,0.3694,ASK
1444870690,1629.9,0.3195,ASK
1444870690,1629.9,0.01,ASK
1444870691,1629.9,0.65,ASK
1444870692,1629.9,0.3,ASK
1444870693,1629.9,0.3195,ASK
1444870693,1629.9,0.65,ASK
1444870693,1629.9,0.01,ASK
1444870693,1629.9,0.01,ASK
1444870693,1629.9,0.65,ASK
1444870693,1629.9,0.65,ASK
1444870694,1629.9,0.3958,ASK
1444870694,1629.9,0.65,ASK
1444870695,1629.9,0.01,ASK
1444870695,1629.9,2.0272,ASK
1444870695,1629.9,0.65,ASK
1444870696,1629.9,1.1092,ASK
1444870696,1629.9,0.65,ASK
1444870697,1629.9,1.4,ASK
1444870697,1629.9,0.65,ASK
1444870697,1629.9,0.5,ASK
1444870697,1629.9,0.01,ASK
1444870698,1629.9,3.8348,ASK
1444870698,1629.9,0.65,ASK
1444870699,1629.9,3.284,ASK
1444870699,1629.9,0.65,ASK
1444870700,1629.9,0.01,ASK
1444870700,1629.9,0.65,ASK
1444870700,1629.9,3.284,ASK
1444870700,1629.91,0.01,BID
1444870701,1629.99,0.015,BID
1444870701,1630.0,0.085,BID
1444870701,1630.0,0.01,BID
1444870702,1629.9,0.07,ASK
1444870702,1629.9,0.0406,ASK
1444870704,1629.9,0.1213,ASK
1444870705,1629.91,0.01,ASK
1444870706,1629.91,0.01,ASK
1444870707,1629.91,0.019,ASK
1444870707,1629.9,0.01,ASK
1444870710,1629.9,0.0822,ASK
1444870713,1629.9,0.033,ASK
1444870715,1629.9,0.01,ASK
1444870718,1629.9,0.033,ASK
1444870721,1629.9,0.422,ASK
1444870723,1629.9,0.033,ASK
1444870727,1629.9,0.033,ASK
1444870730,1629.91,9.8609,ASK
1444870730,1629.9,16.1466,ASK
1444870732,1629.89,0.033,ASK
1444870733,1629.89,0.027,ASK
1444870733,1629.08,0.006,ASK
1444870735,1629.88,0.06,BID
1444870735,1629.9,0.15,BID
1444870739,1629.88,0.01,BID
1444870741,1629.88,0.0002,BID
1444870741,1629.88,0.0098,BID
1444870743,1629.88,0.01,BID
1444870745,1629.87,0.061,BID
1444870749,1629.86,0.0185,BID
1444870750,1629.87,0.369,BID
1444870750,1629.88,0.023,BID
1444870750,1629.89,0.1253,BID
1444870750,1629.9,10.3425,BID
1444870750,1629.91,0.4596,ASK
1444870751,1629.91,0.06,ASK
1444870804,1629.99,0.01,BID
1444870813,1629.99,0.01,BID
1444870819,1629.99,0.25,BID
1444870840,1629.99,0.001,BID
1444870844,1629.99,0.2807,BID
1444870844,1630.0,0.205,BID
1444870850,1630.11,0.6,BID
1444870851,1630.11,0.099,BID
1444870851,1630.12,0.5,BID
1444870860,1630.27,0.0307,BID
1444870860,1630.32,0.1,BID
1444870860,1630.32,0.1,BID
1444870860,1630.37,0.002,BID
1444870860,1630.38,0.3673,BID
1444870865,1630.38,0.001,BID
1444870871,1630.38,0.001,BID
1444870883,1630.38,0.004,BID
1444870893,1630.38,0.2767,BID
1444870893,1630.38,0.22,BID
1444870898,1630.39,0.5007,ASK
1444870898,1630.38,3.8414,ASK
1444870899,1630.38,0.65,ASK
1444870907,1630.44,0.001,BID
1444870910,1630.44,0.009,BID
1444870910,1630.52,0.1189,BID
1444870910,1630.65,0.1,BID
1444870910,1630.87,0.002,BID
1444870910,1630.98,0.1,BID
1444870910,1631.0,0.3,BID
1444870910,1631.13,0.004,BID
1444870910,1631.16,0.65,BID
1444870910,1631.25,0.1296,BID
1444870910,1631.51,1.038,BID
1444870913,1630.42,5.966,BID
1444870933,1630.68,0.0014,ASK
1444870933,1630.45,0.0086,ASK
1444870934,1630.46,0.01,ASK
1444870946,1631.49,0.0296,BID
1444870946,1631.5,0.01,BID
1444870946,1631.51,1.0627,BID
1444870958,1631.15,0.0014,ASK
1444870958,1630.7,0.0086,ASK
1444870959,1631.16,0.01,ASK
1444870960,1631.16,0.0196,ASK
1444870960,1630.7,0.01,ASK
1444870960,1630.71,17.689,ASK
1444870961,1630.7,0.0196,ASK
1444870961,1631.51,0.098,BID
1444870962,1630.7,0.0218,ASK
1444870962,1630.52,0.0196,ASK
1444870974,1630.97,0.0014,BID
1444870975,1630.97,0.0014,BID
1444870975,1630.97,0.0245,BID
1444870984,1630.71,0.002,ASK
1444870984,1630.63,0.008,ASK
1444870989,1630.65,0.0165,ASK
1444870989,1630.65,0.0177,ASK
1444870989,1630.96,0.001,BID
1444871019,1630.75,0.01,ASK
1444871020,1630.75,0.1118,ASK
1444871020,1630.75,0.01,ASK
1444871027,1631.2,0.06,BID
1444871027,1631.21,0.002,BID
1444871027,1631.5,0.0166,BID
1444871027,1631.5,0.0177,BID
1444871027,1631.5,0.0137,BID
1444871028,1631.49,5.0,BID
1444871028,1631.49,1.0,BID
1444871028,1631.49,4.885,BID
1444871028,1631.19,0.0296,BID
1444871028,1631.5,0.0028,BID
1444871028,1631.5,0.001,BID
1444871028,1631.51,1.6812,BID
1444871029,1631.51,0.5,ASK
1444871029,1631.51,0.0636,ASK
1444871030,1631.51,0.6,ASK
1444871032,1631.51,0.9,ASK
1444871033,1631.51,0.65,ASK
1444871033,1631.51,1.06,ASK
1444871034,1631.51,0.6318,ASK
1444871034,1631.42,0.06,ASK
1444871034,1630.76,0.0082,ASK
1444871035,1630.77,0.024,ASK
1444871035,1630.76,0.0255,ASK
1444871035,1630.76,0.48,ASK
1444871035,1630.75,0.1023,ASK
1444871067,1630.86,0.01,ASK
1444871067,1630.86,0.0516,BID
1444871068,1630.86,0.0296,BID
1444871068,1630.86,7.0,BID
1444871069,1630.86,0.447,BID
1444871069,1630.86,3.6416,BID
1444871069,1631.51,0.06,BID
1444871069,1631.52,0.1,BID
1444871069,1631.62,0.1219,BID
1444871069,1631.66,0.49,BID
1444871069,1631.67,0.0669,BID
1444871069,1631.67,0.0245,BID
1444871069,1631.68,1.1367,BID
1444871075,1631.19,0.1,BID
1444871077,1631.2,0.1,ASK
1444871077,1631.2,0.004,ASK
1444871079,1631.2,0.0701,ASK
1444871079,1631.21,0.01,ASK
1444871079,1631.2,0.0259,ASK
1444871079,1630.91,0.033,ASK
1444871079,1630.9,0.0271,ASK
1444871081,1631.46,0.0014,ASK
1444871081,1630.91,0.0086,ASK
1444871083,1631.51,0.0014,BID
1444871084,1631.51,0.0282,BID
1444871084,1631.52,0.1,BID
1444871085,1631.67,0.0014,BID
1444871086,1631.52,0.555,ASK
1444871086,1631.52,0.2607,ASK
1444871086,1631.52,0.0296,ASK
1444871087,1630.92,0.0262,ASK
1444871087,1630.92,0.06,ASK
1444871087,1630.92,0.3788,ASK
1444871088,1631.51,0.2,BID
1444871094,1631.51,0.0301,BID
1444871094,1631.66,0.0699,BID
1444871094,1631.66,0.336,BID
1444871094,1631.67,0.0778,BID
1444871094,1631.67,0.0222,BID
1444871096,1631.68,0.436,BID
1444871099,1631.67,0.06,BID
1444871099,1631.68,1.0593,BID
1444871100,1631.68,0.325,BID
1444871103,1631.68,0.412,BID
1444871104,1631.68,0.521,BID
1444871105,1631.69,0.079,ASK
1444871105,1631.68,0.4,BID
1444871110,1631.68,0.4,BID
1444871110,1631.68,0.41,BID
1444871111,1630.99,8.0,BID
1444871111,1630.99,0.573,BID
1444871112,1631.68,0.281,BID
1444871112,1631.68,0.6,BID
1444871114,1631.68,0.6,BID
1444871117,1631.68,0.3,BID
1444871119,1631.68,0.82,BID
1444871121,1631.69,0.225,ASK
1444871121,1631.69,0.853,ASK
1444871121,1631.69,1.12,ASK
1444871121,1631.69,1.12,ASK
1444871121,1631.69,0.572,ASK
1444871122,1631.7,5.0,ASK
1444871122,1631.7,4.309,ASK
1444871125,1631.85,0.025,BID
1444871126,1631.85,0.075,BID
1444871128,1631.97,0.19,BID
1444871129,1631.86,0.025,ASK
1444871129,1631.86,0.1,ASK
1444871129,1631.03,0.025,ASK
1444871129,1631.02,0.5,ASK
1444871129,1631.02,0.0297,ASK
1444871129,1631.02,0.7468,ASK
1444871129,1631.97,0.6128,BID
1444871133,1631.84,0.0297,BID
1444871133,1631.85,0.125,BID
1444871136,1631.95,0.064,BID
1444871138,1631.95,0.436,BID
1444871140,1631.96,0.0218,ASK
1444871141,1631.97,0.146,BID
1444871141,1631.96,0.0422,ASK
1444871141,1631.96,0.0218,ASK
1444871142,1631.97,0.6128,BID
1444871143,1631.97,0.6128,BID
1444871144,1631.97,1.18,BID
1444871144,1631.97,0.6128,BID
1444871145,1631.97,0.6128,BID
1444871146,1631.97,0.6128,BID
1444871146,1631.97,0.4,BID
1444871147,1631.96,0.4782,ASK
1444871147,1631.96,0.6128,BID
1444871149,1631.95,0.442,BID
1444871149,1631.95,0.208,BID
1444871149,1631.96,12.3278,BID
1444871149,1631.97,6.7335,BID
1444871150,1631.97,0.6128,BID
1444871151,1631.97,0.6128,BID
1444871152,1631.97,0.6128,BID
1444871153,1631.97,0.6128,BID
1444871154,1631.97,0.6128,BID
1444871155,1631.97,0.001,BID
1444871155,1631.97,0.6128,BID
1444871156,1631.97,0.6128,BID
1444871157,1631.97,0.6128,BID
1444871158,1631.97,0.6128,BID
1444871159,1631.97,1.22,BID
1444871159,1631.97,0.6128,BID
1444871160,1631.97,0.6128,BID
1444871161,1631.97,0.6128,BID
1444871162,1631.97,0.6128,BID
1444871163,1631.97,0.6128,BID
1444871164,1631.97,0.6128,BID
1444871165,1631.97,0.6128,BID
1444871166,1631.97,0.6128,BID
1444871168,1631.97,0.6128,BID
1444871169,1631.97,0.147,BID
1444871169,1631.97,0.6128,BID
1444871170,1631.97,0.6128,BID
1444871170,1631.97,3.0,BID
1444871171,1631.97,0.6128,BID
1444871172,1631.97,3.0,BID
1444871172,1631.97,0.903,BID
1444871173,1631.97,0.6128,BID
1444871173,1631.97,0.6128,BID
1444871174,1631.97,0.6128,BID
1444871175,1631.97,0.6128,BID
1444871176,1631.97,0.6128,BID
1444871177,1631.97,0.6128,BID
1444871177,1631.97,3.0,BID
1444871178,1631.97,0.6128,BID
1444871179,1631.97,0.6128,BID
1444871180,1631.97,0.6128,BID
1444871180,1631.97,0.5,BID
1444871181,1631.97,0.307,BID
1444871181,1631.97,0.4,BID
1444871181,1631.97,0.6128,BID
1444871182,1631.97,0.6128,BID
1444871183,1631.97,0.6128,BID
1444871184,1631.95,0.003,ASK
1444871184,1631.94,0.002,ASK
1444871184,1631.87,0.06,ASK
1444871184,1631.85,0.0297,ASK
1444871184,1631.68,0.6128,BID
1444871185,1631.68,3.1825,BID
1444871185,1631.69,12.0175,BID
1444871187,1631.69,0.5,BID
1444871187,1631.69,0.42,BID
1444871187,1631.69,0.032,BID
1444871188,1631.69,0.4405,BID
1444871190,1631.98,0.001,BID
1444871190,1632.0,0.3,BID
1444871190,1632.0,0.001,BID
1444871190,1632.0,0.001,BID
1444871190,1632.0,0.197,BID
1444871191,1632.0,1.18,BID
1444871192,1632.0,0.44,BID
1444871195,1631.99,0.06,BID
1444871195,1632.0,0.069,BID
1444871196,1632.0,0.02,BID
1444871197,1632.0,0.245,BID
1444871200,1632.0,13.4186,BID
1444871204,1632.0,0.205,BID
1444871206,1632.0,6.516,BID
1444871209,1632.0,0.239,BID
1444871221,1631.99,0.0516,BID
1444871221,1632.0,0.5594,BID
1444871222,1632.0,0.05,BID
1444871222,1632.0,0.0516,BID
1444871223,1631.99,6.0,BID
1444871223,1631.99,0.444,BID
1444871224,1632.0,0.01,BID
1444871224,1632.0,0.0516,BID
1444871225,1632.0,0.01,BID
1444871225,1632.0,0.0657,BID
1444871225,1632.0,0.9343,BID
1444871226,1632.0,0.13,BID
1444871231,1632.0,3.407,BID
1444871233,1631.98,0.001,ASK
1444871233,1631.81,0.06,ASK
1444871233,1631.79,0.002,ASK
1444871235,1631.79,0.18,BID
1444871235,1631.79,0.18,BID
1444871237,1631.79,1.9823,BID
1444871241,1631.79,0.195,BID
1444871245,1631.79,3.5402,BID
1444871245,1631.83,0.06,BID
1444871245,1632.0,1.3998,BID
1444871248,1631.74,0.0297,ASK
1444871248,1631.73,0.01,ASK
1444871248,1631.7,0.0513,ASK
1444871251,1631.96,0.2028,BID
1444871252,1631.82,0.002,ASK
1444871252,1631.7,0.002,ASK
1444871253,1631.7,0.1191,ASK
1444871253,1631.7,0.6129,ASK
1444871253,1631.68,0.0014,BID
1444871254,1631.68,0.06,BID
1444871256,1631.68,0.0014,BID
1444871257,1631.68,0.01,BID
1444871260,1631.68,0.01,BID
1444871271,1631.67,0.0699,ASK
1444871271,1631.06,0.1121,ASK
1444871285,1631.65,0.06,BID
1444871285,1631.66,0.0699,BID
1444871285,1631.68,3.0752,BID
1444871285,1631.69,0.3596,BID
1444871295,1631.69,0.5,BID
1444871297,1631.69,0.5,BID
1444871299,1631.69,0.5,BID
1444871300,1631.69,0.5,BID
1444871302,1631.69,0.5,BID
1444871304,1631.69,0.5,BID
1444871305,1631.69,0.5,BID
1444871307,1631.68,0.5,BID
1444871309,1631.68,0.5,BID
1444871325,1631.85,0.001,BID
1444871325,1631.86,0.001,BID
1444871325,1631.87,0.001,BID
1444871325,1632.0,0.026,BID
1444871327,1631.7,0.06,ASK
1444871328,1631.69,0.015,ASK
1444871329,1631.66,0.01,ASK
1444871329,1631.69,0.023,BID
1444871329,1631.69,0.01,BID
1444871333,1631.69,0.012,BID
1444871336,1631.76,0.012,BID
1444871340,1631.76,0.048,BID
1444871341,1631.75,0.0297,BID
1444871341,1631.77,0.0183,ASK
1444871341,1631.66,0.0347,ASK
1444871353,1631.99,0.0141,BID
1444871353,1631.99,0.0347,BID
1444871353,1632.0,3.9987,BID
1444871353,1632.0,0.1,BID
1444871353,1632.0,0.1,BID
1444871353,1632.04,0.0806,BID
1444871353,1632.07,0.4104,BID
1444871353,1632.08,0.0138,BID
1444871353,1632.17,0.001,BID
1444871353,1632.3,0.1,BID
1444871353,1632.33,0.1,BID
1444871353,1632.34,0.1,BID
1444871353,1632.35,0.006,BID
1444871353,1632.37,0.002,BID
1444871353,1632.44,0.008,BID
1444871353,1632.5,0.291,BID
1444871353,1632.63,0.1,BID
1444871353,1633.0,0.3,BID
1444871353,1633.35,0.0014,BID
1444871353,1633.79,0.4083,BID
1444871365,1632.05,0.0248,ASK
1444871365,1632.05,0.0282,ASK
1444871430,1633.41,0.01,BID
1444871430,1633.42,0.001,BID
1444871431,1633.42,0.01,ASK
1444871432,1633.42,0.0609,ASK
1444871432,1633.42,1.714,ASK
1444871432,1633.42,2.0,ASK
1444871432,1633.42,0.0609,ASK
1444871433,1633.42,0.01,ASK
1444871433,1633.42,0.003,ASK
1444871433,1633.42,0.65,ASK
1444871433,1633.42,0.3,ASK
1444871433,1633.42,0.6,ASK
1444871433,1633.42,0.6,ASK
1444871433,1633.42,0.2802,ASK
1444871434,1632.59,0.06,ASK
1444871434,1632.58,0.002,ASK
1444871434,1632.47,0.0227,ASK
1444871434,1632.45,0.0808,ASK
1444871434,1632.42,0.001,ASK
1444871434,1632.26,0.0349,ASK
1444871434,1632.25,0.5507,ASK
1444871434,1632.25,0.01,ASK
1444871434,1633.1,4.0,ASK
1444871434,1633.1,1.0,ASK
1444871434,1633.1,6.391,ASK
1444871435,1633.1,11.0,ASK
1444871435,1633.1,9.243,ASK
1444871435,1633.09,0.1,ASK
1444871435,1632.42,0.0014,BID
1444871436,1632.42,0.0546,BID
1444871439,1633.2,0.0014,ASK
1444871439,1632.77,0.0296,ASK
1444871439,1632.76,0.014,ASK
1444871440,1632.76,0.0314,ASK
1444871440,1632.43,0.001,ASK
1444871441,1632.75,0.0014,BID
1444871442,1632.75,0.0122,BID
1444871442,1632.75,0.0167,BID
1444871445,1632.74,0.06,BID
1444871445,1632.75,0.0283,BID
1444871445,1633.01,3.0,BID
1444871445,1633.01,2.0,BID
1444871445,1633.01,4.561,BID
1444871447,1633.0,0.004,ASK
1444871447,1633.0,2.214,ASK
1444871448,1633.0,0.4437,ASK
1444871449,1632.99,0.0014,BID
1444871451,1632.97,0.0014,BID
1444871451,1632.97,0.0168,BID
1444871451,1632.98,0.0014,BID
1444871456,1632.51,0.002,ASK
1444871456,1632.44,0.008,ASK
1444871456,1633.02,4.0,ASK
1444871456,1633.02,3.203,ASK
1444871457,1632.44,0.01,ASK
1444871460,1632.52,0.0116,ASK
1444871463,1633.01,0.0296,BID
1444871464,1633.02,0.0504,ASK
1444871464,1632.43,0.0486,ASK
1444871465,1632.44,0.06,ASK
1444871465,1632.43,0.0504,ASK
1444871465,1632.32,0.001,ASK
1444871465,1632.2,0.001,ASK
1444871465,1632.11,0.0188,ASK
1444871465,1632.11,0.1,ASK
1444871465,1632.11,0.1191,ASK
1444871465,1632.1,0.5,ASK
1444871465,1632.1,0.1605,ASK
1444871466,1632.1,0.0504,ASK
1444871466,1632.42,0.01,BID
1444871468,1632.42,0.08,BID
1444871474,1633.02,0.01,BID
1444871474,1633.03,0.001,BID
1444871474,1633.04,0.004,BID
1444871474,1633.18,3.0,BID
1444871474,1633.19,0.001,BID
1444871474,1633.19,2.249,BID
1444871478,1632.98,0.0116,BID
1444871481,1632.98,0.0091,BID
1444871481,1632.98,0.0609,BID
1444871482,1632.28,0.0292,ASK
1444871482,1632.27,0.002,ASK
1444871482,1632.19,0.001,ASK
1444871482,1632.09,0.0188,ASK
1444871482,1632.09,0.149,ASK
1444871482,1632.09,0.4,ASK
1444871488,1632.1,0.5,ASK
1444871488,1632.09,0.151,ASK
1444871488,1632.07,0.1144,ASK
1444871488,1632.07,0.2454,ASK
1444871493,1632.18,0.0297,ASK
1444871493,1632.17,0.002,ASK
1444871493,1632.13,0.001,ASK
1444871493,1632.06,0.0806,ASK
1444871493,1632.03,0.001,ASK
1444871493,1632.03,0.001,ASK
1444871493,1632.01,0.0174,ASK
1444871493,1632.0,0.0488,ASK
1444871493,1632.0,0.2515,ASK
1444871494,1632.0,0.0485,ASK
1444871494,1631.86,0.03,ASK
1444871494,1631.85,0.002,ASK
1444871494,1631.78,0.1,ASK
1444871495,1631.76,0.0297,ASK
1444871496,1631.74,0.1803,BID
1444871496,1631.77,0.2252,BID
1444871497,1631.45,0.03,ASK
1444871497,1631.77,0.1803,BID
1444871498,1631.78,0.029,ASK
1444871498,1631.78,0.1962,ASK
1444871499,1631.45,0.02,ASK
1444871499,1631.45,0.003,ASK
1444871500,1631.75,0.07,BID
1444871500,1631.76,2.7338,BID
1444871501,1631.72,0.0014,ASK
1444871501,1631.45,0.047,ASK
1444871501,1631.45,0.2516,ASK
1444871507,1632.09,0.1,BID
1444871507,1632.41,0.0177,BID
1444871514,1631.71,0.029,ASK
1444871528,1631.71,0.05,ASK
1444871528,1631.7,0.002,ASK
1444871528,1631.48,0.001,ASK
1444871528,1631.39,0.001,ASK
1444871528,1631.36,0.046,ASK
1444871544,1631.98,0.05,BID
1444871544,1631.99,1.0,BID
1444871544,1632.07,0.2,BID
1444871545,1632.07,0.1355,ASK
1444871546,1631.69,0.0014,ASK
1444871546,1631.45,0.002,ASK
1444871546,1631.36,0.0481,ASK
1444871547,1631.37,0.01,ASK
1444871560,1631.37,0.0014,BID
1444871560,1631.28,0.6,ASK
1444871561,1631.28,0.65,ASK
1444871562,1631.28,0.65,ASK
1444871563,1631.28,0.4745,ASK
1444871565,1631.24,0.004,ASK
1444871565,1631.27,0.1755,BID
1444871565,1631.27,0.65,BID
1444871565,1631.37,0.0006,BID
1444871565,1631.41,0.07,BID
1444871565,1631.91,0.025,BID
1444871565,1631.92,0.5607,BID
1444871565,1631.93,0.135,BID
1444871565,1631.93,0.0182,BID
1444871565,1632.16,0.001,BID
1444871565,1632.29,0.1,BID
1444871565,1632.39,0.001,BID
1444871565,1632.39,0.01,BID
1444871565,1632.48,0.001,BID
1444871565,1632.62,0.1,BID
1444871565,1632.74,0.4,BID
1444871565,1632.79,2.1273,BID
1444871565,1632.8,0.6,BID
1444871565,1632.85,0.25,BID
1444871565,1632.95,0.1,BID
1444871565,1633.0,0.3,BID
1444871565,1633.03,0.001,BID
1444871565,1633.13,0.001,BID
1444871565,1633.2,0.001,BID
1444871565,1633.32,0.001,BID
1444871565,1633.5,15.0001,BID
1444871565,1633.5,0.0706,BID
1444871566,1631.24,0.496,ASK
1444871566,1631.17,0.001,ASK
1444871566,1631.16,0.001,ASK
1444871566,1631.04,0.1,ASK
1444871566,1631.0,0.3,ASK
1444871566,1630.93,0.002,ASK
1444871566,1630.87,0.002,ASK
1444871566,1630.87,0.001,ASK
1444871566,1630.86,0.001,ASK
1444871566,1630.85,0.002,ASK
1444871566,1630.85,0.001,ASK
1444871566,1630.73,0.002,ASK
1444871566,1630.7,0.006,ASK
1444871566,1630.7,0.1,ASK
1444871566,1630.5,0.3,ASK
1444871566,1630.44,0.2206,ASK
1444871566,1630.38,0.1,ASK
1444871566,1630.37,0.07,ASK
1444871566,1630.28,0.4152,ASK
1444871567,1631.28,0.613,ASK
1444871567,1631.25,0.0248,ASK
1444871567,1631.01,0.015,ASK
1444871567,1630.28,0.5272,ASK
1444871567,1630.74,0.0014,BID
1444871568,1630.29,13.0,BID
1444871568,1630.29,4.0,BID
1444871568,1630.29,0.729,BID
1444871568,1630.74,0.0106,BID
1444871570,1631.29,0.496,ASK
1444871571,1631.88,4.0,ASK
1444871571,1631.88,7.115,ASK
1444871571,1631.88,16.0,ASK
1444871571,1631.88,8.462,ASK
1444871571,1631.89,0.3,BID
1444871573,1630.85,0.0014,ASK
1444871573,1630.73,0.0186,BID
1444871576,1631.27,0.003,ASK
1444871577,1631.27,0.459,ASK
1444871577,1631.28,0.0297,ASK
1444871577,1631.27,0.1324,ASK
1444871577,1630.87,0.002,ASK
1444871577,1630.66,0.017,ASK
1444871577,1630.66,0.0124,ASK
1444871577,1630.65,0.2065,ASK
1444871578,1630.65,0.3805,ASK
1444871578,1630.29,0.04,ASK
1444871578,1630.29,0.1396,ASK
1444871580,1631.29,0.0014,ASK
1444871580,1630.77,0.001,ASK
1444871580,1630.22,0.0076,ASK
1444871581,1630.22,0.01,ASK
1444871595,1631.54,0.0023,BID
1444871595,1631.54,0.0014,BID
1444871601,1631.49,0.507,BID
1444871601,1631.5,0.001,BID
1444871601,1631.5,0.0306,BID
1444871601,1631.51,0.0744,BID
1444871606,1631.5,0.0014,BID
1444871610,1631.48,0.2,BID
1444871618,1630.73,0.01,ASK
1444871618,1630.72,0.01,ASK
1444871626,1630.73,0.01,ASK
1444871627,1631.45,0.0153,BID
1444871627,1631.46,0.05,BID
1444871627,1631.46,0.2397,BID
1444871628,1631.43,2.0,BID
1444871628,1631.43,6.06,BID
1444871633,1631.43,0.0169,BID
1444871634,1631.45,0.01,ASK
1444871635,1631.45,0.3291,ASK
1444871678,1631.35,0.01,BID
1444871683,1630.89,0.01,ASK
1444871683,1630.88,0.06,ASK
1444871684,1630.88,0.0824,BID
1444871685,1630.88,0.266,BID
1444871685,1630.88,2.0892,BID
1444871685,1630.88,0.236,BID
1444871686,1630.88,0.111,BID
1444871686,1630.88,0.111,BID
1444871686,1630.88,1.4145,BID
1444871688,1630.89,0.501,ASK
1444871692,1631.35,0.1265,BID
1444871692,1631.37,0.002,BID
1444871692,1631.39,0.0675,BID
1444871692,1630.89,0.3705,ASK
1444871698,1631.34,0.057,BID
1444871703,1630.9,0.0122,ASK
1444871703,1630.9,0.001,ASK
1444871703,1630.89,0.2427,ASK
1444871703,1630.89,0.6132,ASK
1444871705,1630.89,0.106,BID
1444871705,1630.89,0.06,BID
1444871706,1630.89,0.0079,BID
1444871706,1630.9,0.1661,ASK
1444871706,1630.88,0.6744,ASK
1444871706,1630.87,0.002,ASK
1444871706,1630.86,0.001,ASK
1444871706,1630.8,0.0706,ASK
1444871706,1630.8,0.521,ASK
1444871706,1630.78,0.001,ASK
1444871706,1630.5,0.001,ASK
1444871706,1630.5,0.2029,ASK
1444871708,1630.9,0.1739,ASK
1444871710,1630.87,0.424,BID
1444871711,1630.87,0.0521,BID
1444871711,1630.89,0.0238,ASK
1444871727,1630.9,0.002,BID
1444871733,1630.99,0.06,BID
1444871734,1631.3,0.1563,BID
1444871734,1631.33,0.01,BID
1444871734,1631.37,0.002,BID
1444871734,1631.39,0.1008,BID
1444871734,1631.43,0.017,BID
1444871734,1631.44,0.3391,BID
1444871734,1631.46,0.0155,BID
1444871734,1631.49,0.1159,BID
1444871734,1631.69,0.001,BID
1444871734,1631.76,0.1664,BID
1444871734,1631.77,0.001,BID
1444871734,1631.78,0.001,BID
1444871734,1631.8,0.006,BID
1444871734,1631.86,0.001,BID
1444871734,1631.87,0.136,BID
1444871734,1631.87,0.002,BID
1444871734,1631.9,0.001,BID
1444871734,1631.99,0.015,BID
1444871734,1631.99,0.1396,BID
1444871734,1632.0,0.3,BID
1444871734,1632.64,0.035,BID
1444871734,1632.64,0.5,BID
1444871734,1632.65,0.7,BID
1444871734,1632.65,0.0505,BID
1444871734,1632.77,0.5,BID
1444871734,1633.0,0.3,BID
1444871734,1633.3,0.685,BID
1444871734,1633.31,0.9424,BID
1444871734,1633.36,0.16,BID
1444871734,1633.47,0.239,BID
1444871734,1633.47,0.4,BID
1444871734,1633.47,0.4,BID
1444871734,1633.49,3.5615,BID
1444871735,1631.01,2.0,BID
1444871735,1631.01,4.609,BID
1444871739,1631.8,17.32,BID
1444871739,1631.81,0.18,BID
1444871740,1631.8,0.285,BID
1444871740,1631.81,0.3278,BID
1444871744,1631.81,0.4,BID
1444871745,1631.81,0.6128,BID
1444871745,1631.81,0.475,BID
1444871746,1631.81,0.3,BID
1444871746,1631.81,0.0789,BID
1444871757,1631.87,0.001,BID
1444871758,1631.83,0.001,ASK
1444871778,1631.87,0.001,BID
1444871778,1631.99,0.3647,BID
1444871778,1632.12,0.18,BID
1444871778,1633.0,0.0543,BID
1444871780,1631.85,0.4,ASK
1444871780,1631.85,0.0001,ASK
1444871780,1631.83,0.3044,ASK
1444871780,1631.82,0.2495,ASK
1444871780,1631.82,0.2844,ASK
1444871780,1631.82,0.2696,ASK
1444871781,1631.84,0.02,BID
1444871785,1631.84,0.05,BID
1444871786,1631.84,0.3501,BID
1444871787,1631.85,0.004,ASK
1444871788,1632.97,14.0,ASK
1444871788,1632.97,4.12,ASK
1444871798,1631.88,0.3406,ASK
1444871798,1631.87,0.2594,ASK
1444871799,1631.87,0.4,ASK
1444871801,1632.06,0.0014,ASK
1444871801,1631.88,0.06,ASK
1444871801,1631.87,0.0406,ASK
1444871803,1631.87,0.0014,BID
1444871805,1631.86,0.003,ASK
1444871807,1631.87,0.0014,BID
1444871808,1631.87,0.002,BID
1444871810,1631.87,0.0014,BID
1444871810,1631.86,0.0496,ASK
1444871810,1631.86,0.0329,ASK
1444871810,1631.85,0.2587,ASK
1444871810,1631.85,0.0588,ASK
1444871810,1631.85,0.3413,ASK
1444871812,1631.84,0.001,BID
1444871813,1631.83,0.0172,ASK
1444871813,1631.82,0.3428,ASK
1444871813,1631.84,0.0014,BID
1444871821,1631.85,0.0855,BID
1444871821,1631.86,0.0172,BID
1444871821,1631.86,0.0073,BID
1444871824,1631.86,0.002,BID
1444871844,1631.88,0.002,BID
1444871846,1631.88,0.0365,BID
1444871846,1631.88,0.003,ASK
1444871848,1631.92,0.02,BID
1444871853,1631.92,0.04,BID
1444871857,1632.02,0.04,ASK
1444871857,1631.93,0.04,ASK
1444871857,1631.89,0.0385,ASK
1444871857,1631.82,0.0004,ASK
1444871857,1631.67,0.003,ASK
1444871857,1631.67,0.001,ASK
1444871857,1631.61,0.001,ASK
1444871857,1631.39,0.7,ASK
1444871857,1631.36,2.5481,ASK
1444871859,1632.01,0.04,BID
1444871859,1632.13,0.18,BID
1444871880,1632.08,0.0726,BID
1444871880,1632.08,0.0297,BID
1444871880,1632.09,0.0144,BID
1444871880,1632.1,0.4541,BID
1444871880,1632.12,0.0058,BID
1444871880,1632.13,0.0234,BID
1444871899,1632.12,0.2512,BID
1444871905,1632.13,0.1259,BID
1444871905,1632.15,0.19,BID
1444871934,1632.34,0.0018,BID
1444871934,1632.35,0.0131,BID
1444871934,1632.36,0.2615,BID
1444871934,1632.37,0.006,BID
1444871934,1632.61,0.001,BID
1444871934,1632.67,0.001,BID
1444871934,1632.69,0.001,BID
1444871934,1632.76,0.001,BID
1444871934,1632.87,0.002,BID
1444871934,1632.89,0.001,BID
1444871936,1632.98,20.0,ASK
1444871936,1632.98,2.0,ASK
1444871937,1632.98,0.4,ASK
1444871937,1632.98,20.0,ASK
1444871937,1632.98,0.473,ASK
1444871937,1632.98,0.01,ASK
1444871937,1632.98,0.004,ASK
1444871938,1632.98,0.4015,ASK
1444871939,1632.98,0.65,ASK
1444871939,1632.98,2.0,ASK
1444871940,1632.98,0.65,ASK
1444871940,1632.98,0.65,ASK
1444871940,1632.99,0.0014,BID
1444871941,1632.98,5.4839,ASK
1444871941,1632.98,0.6,ASK
1444871941,1632.98,0.65,ASK
1444871942,1632.98,0.65,ASK
1444871942,1632.98,2.0,ASK
1444871943,1632.98,0.65,ASK
1444871943,1632.99,0.0014,BID
1444871944,1632.98,0.65,ASK
1444871945,1632.99,0.0133,BID
1444871945,1633.0,0.0017,BID
1444871945,1632.98,0.65,ASK
1444871945,1632.98,0.003,ASK
1444871946,1632.98,0.65,ASK
1444871947,1632.98,0.65,ASK
1444871947,1633.0,0.0014,BID
1444871947,1633.0,0.013,BID
1444871948,1633.0,0.013,BID
1444871948,1632.98,0.65,ASK
1444871949,1632.98,0.65,ASK
1444871950,1632.98,0.65,ASK
1444871950,1633.0,0.0014,BID
1444871951,1632.98,0.65,ASK
1444871952,1632.98,0.65,ASK
1444871953,1633.0,0.0014,BID
1444871953,1632.98,0.65,ASK
1444871954,1632.98,0.65,ASK
1444871954,1633.0,0.2138,BID
1444871954,1633.0,0.0332,BID
1444871955,1632.98,0.65,ASK
1444871956,1632.98,0.65,ASK
1444871956,1633.0,0.187,BID
1444871957,1632.98,0.65,ASK
1444871958,1632.98,0.65,ASK
1444871959,1632.98,0.65,ASK
1444871960,1633.0,0.5144,BID
1444871960,1633.01,0.004,BID
1444871960,1633.09,0.001,BID
1444871960,1633.48,0.0806,BID
1444871960,1633.73,0.001,BID
1444871960,1633.78,0.313,BID
1444871960,1633.78,0.002,BID
1444871960,1633.87,0.0016,BID
1444871960,1634.0,0.3,BID
1444871960,1634.28,0.5,BID
1444871960,1634.29,0.0013,BID
1444871960,1634.32,0.008,BID
1444871960,1634.42,0.0012,BID
1444871960,1634.49,1.019,BID
1444871960,1632.98,0.65,ASK
1444871963,1633.07,0.01,ASK
1444871964,1633.07,0.0196,ASK
1444871965,1633.06,0.002,ASK
1444871965,1633.02,0.0176,ASK
1444871966,1633.07,0.01,ASK
1444871967,1633.07,0.013,ASK
1444871968,1633.25,0.001,ASK
1444871968,1633.07,0.003,ASK
1444871969,1633.08,0.01,ASK
1444871971,1633.6,0.0014,ASK
1444871971,1633.08,0.0086,ASK
1444871973,1633.08,0.01,ASK
1444871981,1633.79,0.0014,BID
1444871986,1633.78,0.001,BID
1444871991,1633.78,0.01,BID
1444872000,1633.78,0.0196,BID
1444872007,1633.18,0.003,ASK
1444872009,1633.18,0.047,ASK
1444872009,1633.16,0.002,ASK
1444872009,1633.12,0.0243,ASK
1444872009,1633.11,0.0206,ASK
1444872009,1633.1,0.0896,ASK
1444872009,1633.76,0.001,BID
1444872013,1633.76,0.009,BID
1444872015,1633.76,0.011,ASK
1444872019,1633.74,0.01,BID
1444872021,1633.71,0.0026,BID
1444872021,1633.74,0.0374,BID
1444872022,1633.74,0.0014,BID
1444872024,1633.74,0.0012,BID
1444872024,1633.88,0.0002,BID
1444872029,1633.77,0.0206,BID
1444872029,1633.77,0.0243,BID
1444872029,1633.77,0.0086,BID
1444872029,1633.77,0.6594,BID
1444872029,1633.78,0.1991,BID
1444872032,1633.78,1.611,BID
1444872032,1633.78,1.075,BID
1444872033,1633.78,0.6121,BID
1444872034,1633.77,0.6121,BID
1444872035,1633.77,0.0879,BID
1444872035,1633.78,0.1001,BID
1444872036,1633.78,0.6121,BID
1444872037,1633.78,0.0014,BID
1444872038,1633.78,0.173,BID
1444872041,1633.78,0.628,BID
1444872042,1633.78,0.5072,BID
1444872042,1633.78,0.1049,BID
1444872042,1633.78,0.0032,BID
1444872049,1633.8,0.004,ASK
1444872051,1633.88,0.0008,BID
1444872051,1633.98,0.0006,BID
1444872053,1633.98,0.0004,BID
1444872053,1633.98,0.0212,BID
1444872055,1633.98,0.198,BID
1444872056,1633.98,0.4318,BID
1444872058,1634.25,0.001,BID
1444872060,1634.44,0.0004,ASK
1444872060,1633.99,0.0096,ASK
1444872060,1633.99,0.0896,ASK
1444872061,1633.99,0.01,ASK
1444872061,1634.24,0.0216,BID
1444872063,1634.45,0.008,ASK
1444872063,1634.0,0.002,ASK
1444872064,1634.0,0.01,ASK
1444872066,1634.0,0.0276,ASK
1444872066,1634.0,0.79,ASK
1444872066,1633.99,0.071,ASK
1444872066,1633.99,0.612,ASK
1444872066,1633.89,0.7,ASK
1444872066,1633.88,0.002,ASK
1444872066,1633.86,0.001,ASK
1444872066,1633.83,0.0246,ASK
1444872066,1633.82,0.4568,ASK
1444872066,1633.82,7.7498,ASK
1444872066,1633.79,0.6121,ASK
1444872066,1633.78,0.1605,ASK
1444872070,1634.76,0.0296,BID
1444872070,1634.77,0.0,BID
1444872081,1633.9,0.003,ASK
1444872090,1634.7,0.0014,BID
1444872090,1633.88,0.001,ASK
1444872090,1633.82,0.4568,ASK
1444872090,1633.79,0.0228,ASK
1444872090,1633.79,0.0926,ASK
1444872090,1633.79,0.0171,ASK
1444872090,1633.78,7.0832,ASK
1444872090,1633.78,0.0881,ASK
1444872090,1633.78,0.001,ASK
1444872090,1633.53,0.44,ASK
1444872090,1633.26,0.173,ASK
1444872090,1633.23,0.002,ASK
1444872090,1633.07,0.0546,ASK
1444872090,1633.07,15.4303,ASK
1444872097,1634.56,0.0296,ASK
1444872098,1634.55,0.002,BID
1444872098,1634.55,0.0014,BID
1444872106,1634.61,0.0014,BID
1444872109,1634.62,0.0026,BID
1444872110,1634.63,0.0074,ASK
1444872114,1634.38,0.0208,BID
1444872115,1634.41,2.0,BID
1444872115,1634.41,12.629,BID
1444872119,1634.41,0.0216,ASK
1444872122,1634.73,0.0216,BID
1444872122,1634.74,0.0221,BID
1444872122,1634.75,0.0663,BID
1444872123,1634.0,11.0,BID
1444872123,1634.0,0.956,BID
1444872125,1634.41,0.004,ASK
1444872131,1634.58,0.0014,ASK
1444872132,1634.58,0.0014,BID
1444872134,1634.42,0.003,ASK
1444872137,1634.57,0.004,BID
1444872139,1634.7,0.016,ASK
1444872139,1634.56,0.0014,ASK
1444872140,1634.01,0.02,ASK
1444872140,1634.56,0.0014,BID
1444872141,1634.56,0.04,BID
1444872148,1634.69,0.035,BID
1444872148,1634.7,0.0178,BID
1444872148,1634.7,0.7,BID
1444872148,1634.78,0.029,BID
1444872148,1634.8,0.03,BID
1444872148,1634.83,0.001,BID
1444872148,1634.83,0.001,BID
1444872148,1634.86,0.3418,BID
1444872148,1634.86,0.001,BID
1444872148,1634.86,0.001,BID
1444872148,1634.86,0.001,BID
1444872148,1634.88,0.001,BID
1444872148,1634.93,0.8584,BID
1444872150,1634.69,0.0014,BID
1444872160,1634.68,0.04,BID
1444872162,1634.89,0.01,ASK
1444872163,1634.03,0.01,ASK
1444872168,1634.77,0.004,ASK
1444872170,1634.77,0.056,ASK
1444872171,1634.75,0.0014,BID
1444872171,1634.75,0.002,BID
1444872178,1634.76,0.0014,BID
1444872184,1634.72,0.01,BID
1444872184,1634.73,0.06,BID
1444872184,1634.75,1.7132,BID
1444872197,1634.72,0.0172,BID
1444872197,1634.73,0.0868,BID
1444872206,1634.48,0.001,BID
1444872210,1634.72,0.0128,BID
1444872210,1634.72,10.5672,ASK
1444872224,1634.5,0.01,ASK
1444872225,1634.5,0.05,ASK
1444872225,1634.49,0.009,ASK
1444872225,1634.03,0.001,ASK
1444872226,1634.51,0.0296,ASK
1444872226,1634.03,0.0134,ASK
1444872226,1634.02,0.007,ASK
1444872227,1634.02,0.0296,ASK
1444872232,1634.03,0.003,ASK
1444872234,1634.39,0.001,BID
1444872238,1634.44,0.0004,ASK
1444872238,1634.03,0.0096,ASK
1444872239,1634.02,0.01,ASK
1444872241,1634.02,0.165,ASK
1444872241,1634.02,0.0764,ASK
1444872241,1633.99,0.002,ASK
1444872241,1633.92,0.001,ASK
1444872241,1633.92,0.001,ASK
1444872241,1633.92,0.021,ASK
1444872241,1633.91,0.42,ASK
1444872241,1633.86,0.001,ASK
1444872241,1633.86,0.001,ASK
1444872241,1633.83,0.001,ASK
1444872241,1633.83,0.001,ASK
1444872241,1633.83,0.0784,BID
1444872242,1633.83,0.0121,BID
1444872242,1633.83,0.021,BID
1444872243,1633.82,2.0,ASK
1444872243,1633.82,12.0,ASK
1444872243,1633.82,4.405,ASK
1444872246,1634.33,0.01,ASK
1444872246,1633.9,0.0014,ASK
1444872247,1633.82,0.0014,BID
1444872248,1633.82,0.0472,BID
1444872248,1633.82,0.01,BID
1444872249,1634.49,0.057,BID
1444872249,1634.49,0.003,BID
1444872249,1634.5,0.0366,BID
1444872250,1634.51,0.0296,ASK
1444872251,1634.51,0.1138,ASK
1444872251,1634.51,0.183,ASK
1444872251,1634.41,0.002,ASK
1444872251,1634.0,0.0276,ASK
1444872251,1634.0,0.2968,ASK
1444872252,1634.0,0.2968,ASK
1444872252,1634.41,0.183,BID
1444872257,1634.37,0.001,BID
1444872257,1634.49,0.0163,BID
1444872257,1634.5,0.3264,BID
1444872257,1634.64,0.025,BID
1444872257,1634.65,0.5,BID
1444872257,1634.66,0.1694,BID
1444872257,1634.69,0.1018,BID
1444872257,1634.7,2.8514,BID
1444872257,1634.75,2.125,BID
1444872265,1634.03,0.0296,ASK
1444872265,1634.02,0.0304,ASK
1444872266,1634.4,0.228,BID
1444872272,1634.39,0.03,BID
1444872272,1634.4,0.0234,BID
1444872291,1634.42,0.029,BID
1444872298,1634.41,0.0199,ASK
1444872298,1634.41,0.015,ASK
1444872298,1634.41,0.1121,ASK
1444872299,1634.4,0.147,ASK
1444872302,1634.41,0.017,BID
1444872304,1634.41,0.046,BID
1444872304,1634.43,0.001,BID
1444872304,1634.71,0.025,BID
1444872304,1634.72,0.135,BID
1444872304,1634.72,0.207,BID
1444872304,1634.72,0.158,BID
1444872304,1634.73,0.049,BID
1444872304,1634.73,0.1204,BID
1444872310,1634.74,0.01,BID
1444872312,1634.74,0.001,BID
1444872313,1634.73,5.217,BID
1444872323,1634.7,0.173,BID
1444872323,1634.7,0.01,BID
1444872327,1634.7,0.117,BID
1444872327,1634.73,0.0245,BID
1444872327,1634.73,0.105,BID
1444872327,1634.74,0.3535,BID
1444872329,1634.47,0.06,ASK
1444872329,1634.44,0.029,ASK
1444872329,1634.42,0.063,ASK
1444872329,1634.41,0.021,ASK
1444872351,1634.71,0.0296,BID
1444872351,1634.72,0.06,BID
1444872351,1634.74,0.0434,BID
1444872351,1634.74,0.045,BID
1444872351,1634.74,0.0337,BID
1444872351,1634.74,0.0543,BID
1444872351,1634.74,0.0333,BID
1444872351,1634.74,0.015,BID
1444872351,1634.74,0.0697,BID
1444872356,1634.74,0.0353,BID
1444872356,1634.74,0.021,BID
1444872356,1634.75,0.4157,BID
1444872378,1634.75,0.961,BID
1444872382,1634.75,0.01,BID
1444872386,1634.75,0.01,BID
1444872402,1634.75,0.01,BID
1444872405,1634.48,0.06,ASK
1444872405,1634.41,0.1673,ASK
1444872405,1634.41,0.0295,ASK
1444872405,1634.4,0.0692,ASK
1444872414,1634.43,0.01,BID
1444872416,1634.4,4.4369,ASK
1444872418,1634.4,0.65,ASK
1444872419,1634.4,0.1895,ASK
1444872421,1634.39,0.186,BID
1444872437,1634.1,0.002,ASK
1444872437,1634.08,0.001,ASK
1444872437,1634.08,0.001,ASK
1444872437,1634.08,0.001,ASK
1444872437,1634.07,0.001,ASK
1444872437,1634.0,0.023,ASK
1444872440,1634.11,0.0297,ASK
1444872440,1634.0,0.1153,ASK
1444872444,1634.0,0.004,ASK
1444872446,1634.38,0.0014,BID
1444872454,1634.37,0.0014,BID
1444872455,1634.0,0.078,ASK
1444872457,1634.0,0.01,ASK
1444872460,1634.36,0.01,BID
1444872465,1634.0,0.001,ASK
1444872468,1634.37,0.002,BID
1444872468,1634.37,0.008,BID
1444872472,1634.01,0.02,ASK
1444872472,1634.0,0.11,ASK
1444872484,1634.01,0.01,BID
1444872485,1634.01,0.0883,BID
1444872485,1634.34,0.05,BID
1444872487,1634.36,0.848,ASK
1444872487,1634.38,0.01,BID
1444872488,1634.36,0.65,ASK
1444872489,1634.36,0.65,ASK
1444872490,1634.36,0.65,ASK
1444872491,1634.36,0.65,ASK
1444872492,1634.36,0.0848,ASK
1444872495,1634.34,0.0203,BID
1444872495,1634.35,0.5652,BID
1444872495,1634.35,0.1405,BID
1444872496,1634.35,0.5095,BID
1444872497,1634.38,0.01,BID
1444872498,1634.37,0.002,ASK
1444872500,1634.37,0.024,ASK
1444872500,1634.38,0.0095,BID
1444872500,1634.38,0.0005,BID
1444872504,1634.38,0.01,BID
1444872505,1634.38,0.0062,BID
1444872505,1634.38,0.0038,BID
1444872506,1634.38,0.01,BID
1444872514,1634.38,0.0172,BID
1444872514,1634.38,0.03,BID
1444872514,1634.39,0.2745,BID
1444872514,1634.39,0.3783,BID
1444872514,1634.39,0.001,BID
1444872514,1634.39,0.05,BID
1444872515,1634.39,0.0272,BID
1444872519,1634.39,0.06,BID
1444872520,1634.39,0.1335,BID
1444872520,1634.39,0.0197,BID
1444872520,1634.4,0.06,BID
1444872520,1634.4,0.3347,BID
1444872521,1634.47,0.01,BID
1444872521,1634.4,0.06,ASK
1444872521,1634.38,0.0821,ASK
1444872521,1634.38,0.0151,ASK
1444872521,1634.38,0.01,ASK
1444872521,1634.37,0.236,ASK
1444872521,1634.37,2.1768,ASK
1444872522,1634.4,0.0972,ASK
1444872523,1634.4,0.06,ASK
1444872524,1634.47,0.0599,BID
1444872524,1634.47,0.02,BID
1444872524,1634.47,0.01,BID
1444872524,1634.47,0.0001,BID
1444872524,1634.47,0.01,BID
1444872524,1634.4,0.056,ASK
1444872525,1634.39,0.105,BID
1444872526,1634.39,0.0522,BID
1444872527,1634.47,0.005,BID
1444872527,1634.47,0.005,BID
1444872529,1634.47,0.0771,BID
1444872529,1634.48,0.0029,BID
1444872530,1634.48,0.0871,BID
1444872531,1634.48,0.01,BID
1444872534,1634.48,0.01,BID
1444872535,1634.48,0.112,BID
1444872536,1634.48,3.0,BID
1444872536,1634.48,0.6118,BID
1444872537,1634.48,0.5606,BID
1444872538,1634.52,0.001,BID
1444872538,1634.62,0.009,BID
1444872542,1634.62,0.1,BID
1444872543,1634.62,0.081,BID
1444872554,1634.7,0.01,BID
1444872556,1634.7,0.09,BID
1444872556,1634.7,0.001,BID
1444872556,1634.72,0.089,BID
1444872558,1634.72,0.01,BID
1444872563,1634.72,0.001,BID
1444872563,1634.74,0.001,BID
1444872563,1634.75,0.098,BID
1444872572,1634.75,0.01,BID
1444872578,1634.75,0.01,BID
1444872581,1634.75,0.01,BID
1444872582,1634.75,0.01,BID
1444872585,1634.75,0.002,BID
1444872586,1634.75,0.01,BID
1444872586,1634.75,0.035,BID
1444872587,1634.75,0.6117,BID
1444872588,1634.75,0.6117,BID
1444872589,1634.75,0.6117,BID
1444872590,1634.75,0.01,BID
1444872590,1634.75,0.6117,BID
1444872591,1634.75,0.6117,BID
1444872592,1634.75,0.4905,BID
1444872592,1634.75,0.1212,BID
1444872593,1634.75,0.6117,BID
1444872593,1634.75,0.01,BID
1444872594,1634.75,0.6117,BID
1444872595,1634.75,0.6117,BID
1444872596,1634.75,0.6117,BID
1444872596,1634.75,0.02,BID
1444872597,1634.75,0.6117,BID
1444872597,1634.75,0.7903,BID
1444872598,1634.76,0.0586,BID
1444872599,1634.87,0.002,BID
1444872599,1634.92,0.001,BID
1444872599,1634.92,0.001,BID
1444872599,1634.93,0.001,BID
1444872599,1634.95,0.1,BID
1444872599,1635.0,0.3,BID
1444872599,1635.0,0.1566,BID
1444872599,1635.0,0.12,BID
1444872599,1635.0,0.1146,BID
1444872599,1635.0,0.1738,BID
1444872608,1634.84,0.002,ASK
1444872608,1634.79,0.105,ASK
1444872608,1634.78,0.043,ASK
1444872612,1634.92,0.01,BID
1444872614,1634.92,0.002,BID
1444872614,1635.0,0.242,BID
1444872615,1635.0,0.01,BID
1444872618,1635.0,5.5413,BID
1444872618,1635.0,5.1786,BID
1444872619,1635.05,0.01,BID
1444872622,1635.05,0.019,BID
1444872623,1635.01,0.3951,ASK
1444872624,1635.05,0.002,BID
1444872624,1635.01,0.2165,ASK
1444872624,1635.0,0.3951,ASK
1444872625,1635.0,0.6116,ASK
1444872632,1635.05,0.01,BID
1444872636,1635.05,0.01,BID
1444872642,1635.05,0.002,BID
1444872642,1635.01,0.1497,ASK
1444872642,1635.01,0.0353,ASK
1444872642,1635.01,0.0118,ASK
1444872642,1635.0,0.3032,ASK
1444872643,1635.0,0.1968,ASK
1444872651,1635.0,0.187,ASK
1444872651,1635.04,0.01,BID
1444872655,1635.04,0.0018,BID
1444872655,1635.04,0.0082,BID
1444872659,1635.04,0.0021,BID
1444872659,1635.04,0.01,BID
1444872659,1635.04,0.01,BID
1444872660,1635.05,0.002,BID
1444872660,1635.01,0.01,ASK
1444872660,1635.01,0.01,ASK
1444872660,1635.01,0.0121,ASK
1444872660,1635.0,1.0028,ASK
1444872660,1635.0,3.3141,ASK
1444872663,1635.04,0.01,BID
1444872668,1635.04,0.0021,BID
1444872668,1635.04,0.0079,BID
1444872672,1635.04,0.0021,BID
1444872672,1635.04,0.0079,BID
1444872677,1635.04,0.002,BID
1444872677,1635.04,0.0077,BID
1444872677,1635.04,0.0023,BID
1444872679,1635.03,0.0066,ASK
1444872684,1635.04,0.0077,BID
1444872684,1635.04,0.0023,BID
1444872690,1635.04,0.0097,BID
1444872690,1635.04,0.0003,BID
1444872694,1635.04,0.002,BID
1444872694,1635.04,0.0077,BID
1444872694,1635.04,0.0023,BID
1444872701,1635.04,0.0077,BID
1444872701,1635.04,0.0023,BID
1444872704,1635.02,0.01,ASK
1444872704,1635.02,0.01,ASK
1444872704,1635.02,0.01,ASK
1444872712,1635.04,0.002,BID
1444872716,1635.02,0.064,ASK
1444872716,1635.04,0.0077,BID
1444872716,1635.04,0.0023,BID
1444872717,1635.01,0.064,ASK
1444872718,1635.04,0.0077,BID
1444872718,1635.04,0.0023,BID
1444872728,1635.04,0.002,BID
1444872734,1635.01,0.012,ASK
1444872734,1635.01,0.01,ASK
1444872734,1635.0,0.134,ASK
1444872736,1635.0,0.01,ASK
1444872746,1635.04,0.002,BID
1444872747,1635.04,0.0057,BID
1444872747,1635.04,0.01,BID
1444872755,1635.07,0.001,BID
1444872755,1635.08,0.001,BID
1444872755,1635.08,0.001,BID
1444872755,1635.08,0.001,BID
1444872755,1635.12,0.001,BID
1444872755,1635.12,0.001,BID
1444872755,1635.2,0.01,BID
1444872755,1635.3,0.004,BID
1444872757,1635.06,19.746,BID
1444872757,1635.3,0.1331,BID
1444872757,1635.3,0.0369,BID
1444872771,1635.17,0.1535,ASK
1444872771,1635.16,0.002,ASK
1444872771,1635.07,0.0853,ASK
1444872771,1635.06,0.0237,ASK
1444872771,1635.06,0.0113,ASK
1444872771,1635.06,0.0311,ASK
1444872771,1635.05,0.7,ASK
1444872771,1635.05,0.5,ASK
1444872771,1635.04,12.8885,ASK
1444872772,1635.29,0.04,BID
1444872773,1635.3,0.0031,BID
1444872773,1635.3,0.0113,ASK
1444872773,1635.3,0.0256,ASK
1444872780,1635.21,0.002,BID
1444872782,1635.21,0.0177,BID
1444872783,1635.22,0.3932,BID
1444872783,1635.31,2.6659,BID
1444872785,1635.19,0.189,ASK
1444872786,1635.2,0.06,ASK
1444872786,1635.2,0.0104,ASK
1444872786,1635.19,0.0193,ASK
1444872786,1635.18,0.1186,BID
1444872787,1635.3,0.0199,ASK
1444872798,1635.31,0.002,BID
1444872813,1635.31,0.01,BID
1444872815,1635.31,0.002,BID
1444872828,1635.31,0.01,BID
1444872832,1635.31,2.4101,BID
1444872832,1635.38,0.1,BID
1444872832,1635.38,0.001,BID
1444872832,1635.4,0.0689,BID
1444872832,1635.4,0.0511,BID
1444872832,1635.5,1.9489,BID
1444872833,1635.37,0.002,ASK
1444872833,1635.3,0.3676,ASK
1444872833,1635.3,0.7828,ASK
1444872833,1635.4,0.06,BID
1444872833,1635.5,1.12,BID
1444872834,1635.32,0.6115,ASK
1444872834,1635.32,0.0385,ASK
1444872853,1635.35,0.069,ASK
1444872859,1635.5,0.001,BID
1444872860,1635.5,0.6115,BID
1444872861,1635.5,0.6114,BID
1444872862,1635.49,0.0877,BID
1444872862,1635.5,0.5237,BID
1444872863,1635.5,0.6114,BID
1444872865,1635.45,0.002,ASK
1444872865,1635.38,0.0124,ASK
1444872865,1635.37,0.2485,ASK
1444872865,1635.35,0.0317,ASK
1444872865,1635.34,0.0668,ASK
1444872865,1635.31,0.0534,ASK
1444872865,1635.3,0.2322,ASK
1444872869,1635.32,0.02,ASK
1444872873,1635.32,0.1001,ASK
1444872873,1635.31,0.06,ASK
1444872873,1635.31,0.0289,ASK
1444872874,1635.31,0.0203,ASK
1444872874,1635.3,0.0889,ASK
1444872879,1635.33,0.002,BID
1444872888,1635.32,0.02,BID
1444872888,1635.33,0.0717,BID
1444872888,1635.33,0.0124,BID
1444872888,1635.33,0.0289,BID
1444872888,1635.34,2.467,BID
1444872889,1635.34,0.113,BID
1444872890,1635.31,0.0245,ASK
1444872890,1635.31,0.0203,ASK
1444872890,1635.3,0.3352,ASK
1444872890,1635.34,2.0,BID
1444872891,1635.3,0.0448,ASK
1444872897,1635.33,0.002,BID
1444872900,1635.33,0.0183,BID
1444872900,1635.33,0.0245,BID
1444872900,1635.34,0.0212,BID
1444872901,1635.34,0.0448,BID
1444872902,1635.31,0.0245,ASK
1444872902,1635.3,0.1294,ASK
1444872903,1635.34,0.01,BID
1444872904,1635.3,0.0245,BID
1444872904,1635.31,0.0013,BID
1444872906,1635.31,0.01,BID
1444872909,1635.31,0.01,BID
1444872912,1635.08,0.0143,ASK
1444872912,1635.07,0.2558,ASK
1444872912,1635.07,0.0296,ASK
1444872912,1635.07,0.01,ASK
1444872912,1635.06,0.01,ASK
1444872912,1635.04,4.0973,ASK
1444872913,1635.29,5.0,ASK
1444872913,1635.29,8.0,ASK
1444872913,1635.29,0.319,ASK
1444872916,1635.06,0.01,BID
1444872918,1635.06,0.2754,BID
1444872918,1635.14,0.06,BID
1444872918,1635.29,0.0258,BID
1444872918,1635.29,0.0114,BID
1444872918,1635.3,0.0583,BID
1444872918,1635.3,0.7,BID
1444872918,1635.3,0.5,BID
1444872918,1635.31,0.1691,BID
1444872921,1635.3,0.0143,BID
1444872921,1635.3,0.0131,BID
1444872921,1635.31,0.2476,BID
1444872923,1635.31,0.01,BID
1444872926,1635.34,0.01,BID
1444872932,1635.09,0.06,ASK
1444872932,1635.08,0.0143,ASK
1444872932,1635.07,0.2854,ASK
1444872932,1635.06,0.025,ASK
1444872932,1635.06,0.0429,ASK
1444872932,1635.05,0.5,ASK
1444872932,1635.05,0.7,ASK
1444872932,1635.04,43.9756,ASK
1444872935,1635.04,0.01,BID
1444872939,1635.01,1.18,ASK
1444872941,1635.04,0.01,BID
1444872942,1635.01,6.84,ASK
1444872942,1635.0,3.5419,ASK
1444872955,1634.99,0.2446,BID
1444872956,1634.99,0.4554,BID
1444872956,1634.99,0.1562,BID
1444872958,1634.99,0.3438,BID
1444872958,1635.0,0.2678,BID
1444872959,1635.0,0.6116,BID
1444872969,1634.9,0.001,ASK
1444872969,1634.82,0.001,ASK
1444872969,1634.8,0.051,ASK
1444872970,1635.0,2.1551,BID
1444872970,1635.0,0.65,BID
1444872970,1635.0,0.093,BID
1444872970,1635.0,0.001,BID
1444872970,1635.0,0.06,BID
1444872971,1635.01,0.01,ASK
1444872972,1635.03,0.025,BID
1444872972,1635.03,0.0429,BID
1444872972,1635.03,0.0143,BID
1444872972,1635.04,0.0338,BID
1444872976,1635.05,0.001,BID
1444872976,1635.33,0.0297,BID
1444872976,1635.34,0.0753,BID
1444872977,1635.01,5.0509,ASK
1444872977,1635.01,0.6116,ASK
1444872977,1635.0,0.066,BID
1444872981,1634.94,0.06,ASK
1444872981,1634.8,0.0279,ASK
1444872981,1634.78,0.0104,ASK
1444872981,1634.77,0.2079,ASK
1444872982,1634.77,0.01,BID
1444872984,1634.77,0.133,BID
1444872985,1634.77,0.6117,BID
1444872986,1634.77,0.6117,BID
1444872987,1634.77,0.01,BID
1444872987,1634.77,0.6117,BID
1444872988,1634.73,3.0,BID
1444872988,1634.73,4.714,BID
1444872988,1634.77,0.6117,BID
1444872989,1634.77,0.6117,BID
1444872990,1634.77,0.6117,BID
1444872990,1634.77,0.153,BID
1444872991,1634.77,0.6117,BID
1444872992,1634.77,0.6117,BID
1444872993,1634.77,0.6117,BID
1444872993,1634.77,0.017,BID
1444872994,1634.77,0.407,BID
1444872996,1634.77,0.113,BID
1444872996,1634.77,0.001,BID
1444872997,1634.77,0.5678,BID
1444872998,1634.77,0.042,BID
1444873001,1634.77,3.9286,BID
1444873001,1634.77,0.042,BID
1444873003,1634.77,0.02,BID
1444873003,1634.77,0.524,BID
1444873005,1634.77,0.128,BID
1444873006,1634.77,0.19,BID
1444873009,1634.77,0.01,BID
1444873010,1634.77,2.0,BID
1444873011,1634.77,0.01,BID
1444873012,1634.77,0.102,BID
1444873015,1634.77,0.128,BID
1444873017,1634.77,0.171,BID
1444873019,1634.77,0.171,BID
1444873022,1634.77,0.043,BID
1444873027,1634.77,0.8881,BID
1444873027,1634.83,0.0429,BID
1444873029,1634.83,0.0171,BID
1444873029,1634.87,0.002,BID
1444873029,1634.89,0.0104,BID
1444873029,1634.9,0.1478,BID
1444873030,1634.9,0.613,BID
1444873031,1634.9,8.02,BID
1444873096,1634.87,0.7906,BID
1444873096,1634.87,0.002,BID
1444873096,1634.89,0.2518,BID
1444873096,1634.9,6.9756,BID
1444873101,1634.9,0.131,BID
1444873107,1634.89,0.034,BID
1444873111,1634.89,0.0008,BID
1444873111,1634.9,0.1272,BID
1444873115,1634.9,0.013,BID
1444873115,1634.81,0.0138,ASK
1444873115,1634.8,0.0593,ASK
1444873115,1634.8,0.0104,ASK
1444873119,1634.8,0.177,BID
1444873121,1634.8,0.01,BID
1444873126,1634.8,0.185,BID
1444873128,1634.8,0.02,BID
1444873131,1634.8,0.132,BID
1444873135,1634.8,1.18,BID
1444873149,1634.79,0.147,ASK
1444873150,1634.79,0.0005,ASK
1444873152,1634.77,0.041,ASK
1444873155,1634.78,0.147,BID
1444873155,1634.8,0.6027,BID
1444873155,1634.8,0.17,BID
1444873155,1634.87,0.002,BID
1444873155,1634.89,0.0104,BID
1444873155,1634.9,7.0879,BID
1444873167,1634.8,0.016,ASK
1444873184,1634.89,0.0463,BID
1444873184,1634.89,0.02,BID
1444873185,1634.9,2.9248,BID
1444873185,1634.9,1.05,BID
1444873189,1634.89,0.066,ASK
1444873189,1634.89,0.5834,ASK
1444873189,1634.8,0.0566,ASK
1444873191,1634.8,0.0279,ASK
1444873191,1634.8,0.06,ASK
1444873191,1634.79,0.007,ASK
1444873192,1634.81,0.0272,ASK
1444873192,1634.79,0.0007,ASK
1444873198,1634.79,0.1393,ASK
1444873199,1634.78,0.0591,ASK
1444873200,1634.78,0.0591,BID
1444873207,1634.78,0.0218,BID
1444873207,1634.79,0.1922,BID
1444873208,1634.79,0.0218,BID
1444873208,1634.77,0.19,ASK
1444873217,1634.77,0.991,ASK
1444873240,1634.76,0.65,BID
1444873241,1634.77,0.2415,BID
1444873242,1634.77,0.2415,BID
1444873250,1634.76,0.14,ASK
1444873251,1634.77,1.0,BID
1444873251,1634.76,0.65,ASK
1444873252,1634.77,0.167,BID
1444873253,1634.77,0.167,BID
1444873254,1634.77,0.6117,BID
1444873260,1634.77,2.0,BID
1444873263,1634.77,2.0,BID
1444873264,1634.77,0.001,BID
1444873268,1634.77,0.35,BID
1444873269,1634.77,0.1128,BID
1444873269,1634.76,0.0806,ASK
1444873272,1634.76,6.4316,ASK
1444873272,1634.76,5.2799,ASK
1444873273,1634.76,0.65,ASK
1444873274,1634.76,0.5801,ASK
1444873282,1634.74,0.0343,ASK
1444873282,1634.72,0.3057,ASK
1444873285,1634.72,0.0008,ASK
1444873285,1634.7,0.001,ASK
1444873285,1634.69,0.001,ASK
1444873285,1634.68,0.001,ASK
1444873285,1634.68,0.001,ASK
1444873285,1634.68,0.001,ASK
1444873285,1634.68,0.001,ASK
1444873285,1634.66,0.001,ASK
1444873285,1634.66,0.001,ASK
1444873285,1634.53,0.001,ASK
1444873285,1634.38,0.0002,ASK
1444873287,1634.72,3.543,ASK
1444873320,1634.69,0.0947,BID
1444873320,1634.69,0.06,BID
1444873320,1634.7,0.0135,BID
1444873320,1634.71,0.2702,BID
1444873320,1634.73,0.0343,BID
1444873320,1634.74,0.036,BID
1444873320,1634.75,0.0699,BID
1444873320,1634.75,0.65,BID
1444873320,1634.76,0.0687,BID
1444873320,1634.77,1.297,BID
1444873320,1634.77,3.522,BID
1444873326,1634.75,0.03,ASK
1444873326,1634.4,0.1278,ASK
1444873332,1634.68,0.06,ASK
1444873338,1634.4,0.03,ASK
1444873339,1634.39,0.0123,ASK
1444873339,1634.39,0.0127,ASK
1444873339,1634.38,0.005,ASK
1444873343,1634.38,0.2488,ASK
1444873343,1634.38,0.001,ASK
1444873347,1634.76,0.0127,BID
1444873347,1634.77,0.2243,BID
1444873347,1634.78,6.3,BID
1444873351,1634.78,2.0,ASK
1444873356,1634.78,0.43,ASK
1444873357,1634.78,0.65,ASK
1444873358,1634.78,0.65,ASK
1444873359,1634.78,0.65,ASK
1444873360,1634.78,0.65,ASK
1444873361,1634.78,0.65,ASK
1444873362,1634.78,0.017,ASK
1444873372,1634.76,0.053,ASK
1444873373,1634.76,0.0986,ASK
1444873373,1634.76,0.035,ASK
1444873373,1634.76,0.053,ASK
1444873374,1634.76,0.647,ASK
1444873374,1634.76,0.003,ASK
1444873375,1634.76,0.0072,ASK
1444873375,1634.76,0.5,ASK
1444873375,1634.75,0.1428,ASK
1444873376,1634.77,0.633,BID
1444873376,1634.77,0.65,ASK
1444873377,1634.77,0.0545,ASK
1444873377,1634.78,0.6117,BID
1444873386,1634.77,0.558,ASK
1444873387,1634.77,5.76,ASK
1444873387,1634.77,0.2817,ASK
1444873387,1634.76,0.0545,ASK
1444873387,1634.76,0.3138,BID
1444873388,1634.76,0.65,ASK
1444873390,1634.76,0.169,ASK
1444873391,1634.76,0.65,ASK
1444873392,1634.76,0.65,ASK
1444873393,1634.76,0.65,ASK
1444873394,1634.76,0.65,ASK
1444873395,1634.76,0.65,ASK
1444873396,1634.76,0.65,ASK
1444873397,1634.76,0.65,ASK
1444873398,1634.76,0.65,ASK
1444873399,1634.77,0.01,BID
1444873399,1634.76,0.1772,ASK
1444873399,1634.75,0.4728,ASK
1444873400,1634.75,19.0234,ASK
1444873400,1634.38,0.01,BID
1444873401,1634.35,0.17,ASK
1444873401,1634.38,0.01,BID
1444873402,1634.38,0.558,BID
1444873403,1634.38,0.6119,BID
1444873404,1634.38,1.8506,BID
1444873404,1634.38,0.6119,BID
1444873404,1634.38,0.01,BID
1444873405,1634.38,0.6119,BID
1444873406,1634.38,0.6119,BID
1444873406,1634.38,0.018,BID
1444873407,1634.37,0.5,BID
1444873407,1634.38,0.1119,BID
1444873408,1634.38,0.6119,BID
1444873409,1634.38,0.01,BID
1444873415,1634.35,0.03,ASK
1444873416,1634.35,0.0033,ASK
1444873416,1634.34,0.001,ASK
1444873416,1634.34,0.001,ASK
1444873416,1634.34,0.001,ASK
1444873416,1634.34,0.001,ASK
1444873423,1634.33,0.05,BID
1444873424,1634.32,0.06,BID
1444873444,1634.32,0.04,BID
1444873446,1634.32,0.182,BID
1444873447,1634.33,0.01,ASK
1444873447,1634.34,0.026,BID
1444873447,1634.36,0.035,BID
1444873447,1634.37,0.7,BID
1444873447,1634.37,0.039,BID
1444873449,1634.37,0.03,BID
1444873460,1634.37,0.0283,BID
1444873460,1634.37,0.0645,BID
1444873460,1634.37,0.002,BID
