timestamp,price,amount,side
1444431947,1574.08,0.0785,ASK
1444431947,1574.08,0.498,ASK
1444431947,1574.07,0.1577,ASK
1444431947,1574.05,0.1252,ASK
1444431947,1574.05,0.0249,BID
1444431951,1574.03,0.0161,BID
1444431952,1574.06,0.1,BID
1444431952,1574.07,0.0785,BID
1444431956,1574.09,0.7877,ASK
1444431957,1574.09,0.4455,ASK
1444431974,1574.03,0.01,ASK
1444431976,1574.03,0.0094,ASK
1444431976,1574.03,0.0006,ASK
1444431977,1574.07,0.01,BID
1444431980,1574.03,0.01,ASK
1444431984,1574.07,0.01,BID
1444432001,1574.03,0.001,ASK
1444432011,1574.07,0.0228,BID
1444432011,1574.07,0.02,BID
1444432012,1574.07,0.0199,BID
1444432012,1574.08,0.0229,BID
1444432014,1574.03,0.01,ASK
1444432016,1574.03,0.0034,ASK
1444432016,1574.03,0.0066,ASK
1444432020,1574.03,0.0055,ASK
1444432020,1574.03,0.0045,ASK
1444432021,1574.07,0.0127,BID
1444432021,1574.07,0.0289,BID
1444432022,1574.08,0.0416,BID
1444432023,1574.03,0.0099,ASK
1444432023,1574.03,0.0001,ASK
1444432026,1574.03,0.001,ASK
1444432027,1574.03,0.01,ASK
1444432029,1574.03,0.001,ASK
1444432029,1574.03,0.009,ASK
1444432044,1574.03,0.0055,ASK
1444432044,1574.03,0.021,ASK
1444432044,1574.02,0.5,ASK
1444432044,1574.02,0.0304,ASK
1444432044,1574.01,0.6081,ASK
1444432044,1573.89,0.015,ASK
1444432067,1574.0,0.0613,BID
1444432067,1574.01,0.0553,BID
1444432067,1574.02,0.0265,BID
1444432067,1574.02,0.001,BID
1444432067,1574.07,0.0127,BID
1444432067,1574.07,0.0212,BID
1444432067,1574.08,0.14,BID
1444432067,1574.08,0.65,BID
1444432067,1574.15,0.0355,BID
1444432067,1574.16,0.001,BID
1444432067,1574.17,0.001,BID
1444432067,1574.19,0.001,BID
1444432067,1574.19,0.001,BID
1444432067,1574.19,0.001,BID
1444432067,1574.19,0.001,BID
1444432067,1574.19,0.001,BID
1444432067,1574.19,0.001,BID
1444432067,1574.2,0.01,BID
1444432067,1574.21,0.1585,BID
1444432091,1574.21,0.01,BID
1444432092,1574.05,0.0614,ASK
1444432092,1574.04,0.007,ASK
1444432123,1574.13,0.001,ASK
1444432143,1574.21,0.03,BID
1444432144,1574.21,0.0546,BID
1444432147,1574.22,0.01,ASK
1444432148,1574.24,0.001,BID
1444432148,1574.25,0.009,ASK
1444432148,1574.22,0.001,ASK
1444432150,1574.22,0.01,ASK
1444432150,1574.22,0.001,ASK
1444432154,1574.27,0.001,BID
1444432155,1574.41,3.342,BID
1444432166,1574.29,0.1671,ASK
1444432166,1574.27,0.001,ASK
1444432166,1574.24,0.0124,ASK
1444432166,1574.24,0.0299,ASK
1444432166,1574.24,0.0141,ASK
1444432166,1574.23,1.26,ASK
1444432166,1574.22,0.008,ASK
1444432166,1574.22,0.0846,ASK
1444432166,1574.22,1.0029,ASK
1444432174,1574.3,0.0115,ASK
1444432182,1574.23,0.15,ASK
1444432183,1574.23,0.65,ASK
1444432184,1574.23,0.65,ASK
1444432185,1574.23,0.283,ASK
1444432185,1574.22,0.367,ASK
1444432186,1574.22,0.65,ASK
1444432191,1574.27,0.0053,BID
1444432191,1574.41,0.0115,BID
1444432193,1574.41,0.0865,ASK
1444432195,1574.23,0.0089,ASK
1444432196,1574.23,0.428,ASK
1444432196,1574.24,11.0,ASK
1444432196,1574.24,7.336,ASK
1444432208,1574.23,0.001,BID
1444432208,1574.25,0.0158,BID
1444432211,1574.22,0.269,ASK
1444432211,1574.22,0.1594,ASK
1444432232,1574.16,0.001,ASK
1444432233,1574.16,0.001,BID
1444432240,1574.16,0.0078,BID
1444432240,1574.21,0.0022,BID
1444432242,1574.09,0.0074,ASK
1444432242,1574.01,0.0613,ASK
1444432243,1574.01,0.926,BID
1444432244,1574.01,0.6353,BID
1444432245,1574.01,0.6353,BID
1444432245,1574.01,0.183,BID
1444432249,1574.2,0.0195,BID
1444432262,1574.18,0.001,ASK
1444432269,1574.2,0.0849,BID
1444432270,1574.2,0.0894,BID
1444432270,1574.2,0.0213,BID
1444432270,1574.21,0.0849,BID
1444432271,1574.21,0.1956,BID
1444432275,1574.19,0.0058,BID
1444432275,1574.21,0.0042,BID
1444432276,1574.21,0.01,BID
1444432279,1574.21,0.024,BID
1444432280,1574.21,0.1075,BID
1444432284,1574.25,0.421,BID
1444432285,1574.24,0.0211,BID
1444432285,1574.26,0.001,BID
1444432286,1574.26,0.0186,ASK
1444432287,1574.31,0.01,BID
1444432288,1574.31,0.01,BID
1444432310,1574.29,0.003,ASK
1444432319,1574.32,0.142,ASK
1444432319,1574.3,0.3233,ASK
1444432319,1574.3,0.2085,ASK
1444432319,1574.29,0.422,ASK
1444432319,1574.28,0.2709,ASK
1444432319,1574.28,0.04,ASK
1444432319,1574.28,0.0816,ASK
1444432319,1574.26,0.3804,ASK
1444432319,1574.22,0.034,ASK
1444432319,1574.22,0.0973,ASK
1444432320,1574.33,0.142,ASK
1444432323,1574.22,0.0442,ASK
1444432323,1574.12,0.1478,ASK
1444432323,1574.12,0.001,ASK
1444432323,1574.12,0.0187,ASK
1444432323,1574.12,0.0237,ASK
1444432323,1574.11,0.9446,ASK
1444432330,1574.43,0.01,BID
1444432332,1574.43,0.01,BID
1444432338,1574.29,0.0013,BID
1444432338,1574.43,0.1224,BID
1444432338,1574.43,0.0084,BID
1444432339,1574.41,0.2897,BID
1444432339,1574.42,0.0773,BID
1444432340,1574.42,0.0548,BID
1444432340,1574.43,0.0099,BID
1444432340,1574.44,0.3023,BID
1444432340,1574.44,0.0646,BID
1444432340,1574.45,0.1392,BID
1444432340,1574.45,0.0145,ASK
1444432341,1574.45,0.0247,ASK
1444432345,1574.46,0.041,BID
1444432346,1574.46,0.4537,BID
1444432352,1574.48,0.001,BID
1444432352,1574.48,0.001,BID
1444432352,1574.48,0.506,BID
1444432352,1574.48,0.2107,BID
1444432352,1574.47,0.111,ASK
1444432352,1574.47,0.4947,ASK
1444432352,1574.45,0.5743,ASK
1444432353,1574.48,0.3844,BID
1444432353,1574.49,0.001,BID
1444432354,1574.49,0.2497,ASK
1444432354,1574.49,0.157,ASK
1444432354,1574.49,0.6351,ASK
1444432354,1574.45,0.1382,ASK
1444432355,1574.45,1.7351,ASK
1444432355,1574.29,0.0152,ASK
1444432355,1574.28,0.2497,ASK
1444432356,1574.46,0.0787,ASK
1444432356,1574.44,0.242,BID
1444432368,1574.43,0.01,BID
1444432381,1574.42,0.01,BID
1444432397,1574.34,0.0026,ASK
1444432406,1574.34,0.0195,ASK
1444432406,1574.33,0.2805,ASK
1444432410,1574.33,0.007,ASK
1444432411,1574.33,0.1543,ASK
1444432411,1574.32,0.0118,ASK
1444432411,1574.32,0.1751,ASK
1444432411,1574.31,0.0928,ASK
1444432412,1574.32,0.0187,BID
1444432413,1574.32,0.0141,BID
1444432416,1574.31,0.01,ASK
1444432426,1574.31,0.145,ASK
1444432427,1574.31,0.1264,ASK
1444432427,1574.3,0.0157,ASK
1444432428,1574.29,0.142,ASK
1444432432,1574.29,0.171,ASK
1444432432,1574.29,0.0003,ASK
1444432432,1574.28,0.0542,ASK
1444432435,1574.26,0.001,ASK
1444432452,1574.25,0.0026,BID
1444432459,1574.12,0.1324,ASK
1444432459,1574.11,0.0187,ASK
1444432459,1574.1,0.0027,ASK
1444432459,1574.1,0.0031,ASK
1444432459,1574.1,0.1479,ASK
1444432459,1574.1,0.2197,ASK
1444432459,1574.09,0.07,ASK
1444432483,1574.08,0.0013,BID
1444432505,1574.09,0.1538,BID
1444432506,1574.11,0.1324,BID
1444432506,1574.11,0.0016,BID
1444432506,1574.19,0.07,BID
1444432510,1574.23,0.01,BID
1444432511,1574.23,0.01,BID
1444432513,1574.23,0.0047,BID
1444432513,1574.23,0.0053,BID
1444432521,1574.23,0.007,BID
1444432521,1574.21,0.153,ASK
1444432526,1574.2,0.153,BID
1444432528,1574.23,0.01,BID
1444432528,1574.22,0.01,ASK
1444432534,1574.23,0.0783,BID
1444432537,1574.22,2.0,ASK
1444432548,1574.22,0.0013,ASK
1444432548,1574.23,0.003,BID
1444432557,1574.22,0.2687,ASK
1444432558,1574.21,0.153,ASK
1444432565,1574.13,0.02,BID
1444432565,1574.2,0.2647,BID
1444432565,1574.2,0.0405,BID
1444432565,1574.21,0.1157,BID
1444432565,1574.23,0.0542,BID
1444432565,1574.23,0.0223,BID
1444432565,1574.24,0.4941,BID
1444432565,1574.24,0.0456,BID
1444432565,1574.25,0.4429,BID
1444432565,1574.25,0.4689,BID
1444432601,1574.15,0.014,ASK
1444432606,1574.16,0.0102,ASK
1444432606,1574.15,0.0226,ASK
1444432629,1574.18,0.001,ASK
1444432635,1574.25,0.0011,BID
1444432635,1574.28,0.0706,BID
1444432635,1574.29,1.4117,BID
1444432635,1574.29,0.0205,BID
1444432635,1574.3,0.1393,BID
1444432635,1574.3,0.2714,BID
1444432635,1574.32,0.1285,BID
1444432635,1574.33,0.001,BID
1444432635,1574.34,0.001,BID
1444432635,1574.35,0.04,BID
1444432635,1574.38,0.01,BID
1444432635,1574.42,0.1651,BID
1444432635,1574.42,0.0113,BID
1444432635,1574.43,0.3033,BID
1444432635,1574.44,0.0052,BID
1444432635,1574.44,0.3241,BID
1444432635,1574.49,0.001,BID
1444432635,1574.51,0.001,BID
1444432635,1574.59,0.001,BID
1444432635,1574.6,0.001,BID
1444432635,1574.61,0.003,BID
1444432635,1574.62,0.001,BID
1444432635,1574.62,0.001,BID
1444432635,1574.62,0.001,BID
1444432635,1574.62,0.001,BID
1444432635,1574.62,0.001,BID
1444432635,1574.62,0.001,BID
1444432635,1574.62,0.001,BID
1444432635,1574.62,0.001,BID
1444432635,1574.62,0.001,BID
1444432635,1574.62,0.001,BID
1444432635,1574.62,0.001,BID
1444432635,1574.62,0.001,BID
1444432635,1574.63,0.001,BID
1444432635,1574.63,0.001,BID
1444432635,1574.63,0.001,BID
1444432635,1574.63,0.001,BID
1444432635,1574.65,0.001,BID
1444432635,1574.65,0.001,BID
1444432635,1574.65,0.001,BID
1444432635,1574.65,0.001,BID
1444432635,1574.66,0.001,BID
1444432635,1574.67,0.499,BID
1444432635,1574.68,1.1489,BID
1444432636,1574.67,17.184,BID
1444432637,1574.41,6.0,BID
1444432637,1574.41,7.218,BID
1444432648,1574.25,0.01,ASK
1444432659,1574.3,0.01,ASK
1444432661,1574.29,0.01,ASK
1444432663,1574.31,0.01,ASK
1444432665,1574.32,0.01,ASK
1444432668,1574.33,0.01,ASK
1444432669,1574.34,11.0,ASK
1444432669,1574.34,2.0,ASK
1444432669,1574.34,0.554,ASK
1444432670,1574.33,0.01,ASK
1444432671,1574.33,0.01,ASK
1444432674,1574.33,0.01,ASK
1444432675,1574.33,0.01,ASK
1444432676,1574.33,0.01,ASK
1444432676,1574.34,1.0,ASK
1444432676,1574.34,7.65,ASK
1444432677,1574.33,0.01,ASK
1444432679,1574.34,0.01,ASK
1444432681,1574.34,0.001,ASK
1444432681,1574.34,0.01,ASK
1444432682,1574.35,0.01,ASK
1444432685,1574.35,0.01,ASK
1444432687,1574.35,0.01,ASK
1444432689,1574.35,0.01,ASK
1444432697,1574.36,0.01,ASK
1444432699,1574.36,0.01,ASK
1444432701,1574.36,0.01,ASK
1444432703,1574.36,0.01,ASK
1444432705,1574.36,0.003,ASK
1444432723,1574.38,0.01,ASK
1444432730,1574.39,0.0393,ASK
1444432730,1574.39,0.0013,ASK
1444432759,1574.4,0.0168,ASK
1444432760,1574.4,0.019,ASK
1444432760,1574.39,0.0723,ASK
1444432760,1574.38,0.234,ASK
1444432760,1574.37,0.0393,ASK
1444432760,1574.36,0.1354,ASK
1444432760,1574.36,0.0358,ASK
1444432760,1574.36,0.0901,ASK
1444432761,1574.29,0.0131,ASK
1444432761,1574.28,0.2615,ASK
1444432761,1574.28,0.05,ASK
1444432763,1574.23,0.002,ASK
1444432763,1574.21,0.008,ASK
1444432766,1574.21,0.4069,ASK
1444432767,1574.21,0.001,ASK
1444432772,1574.19,0.406,BID
1444432772,1574.2,0.4079,BID
1444432772,1574.28,0.0273,BID
1444432772,1574.28,0.016,BID
1444432772,1574.28,0.01,BID
1444432772,1574.28,1.611,BID
1444432772,1574.29,2.4476,BID
1444432772,1574.41,0.06,BID
1444432772,1574.49,0.0358,BID
1444432772,1574.5,0.1129,BID
1444432772,1574.5,0.021,BID
1444432772,1574.5,0.0358,ASK
1444432773,1574.5,0.5,ASK
1444432773,1574.5,0.035,ASK
1444432774,1574.5,0.1732,ASK
1444432774,1574.5,0.8,ASK
1444432774,1574.5,0.4,ASK
1444432774,1574.5,0.4,ASK
1444432774,1574.5,0.5,ASK
1444432774,1574.5,0.267,ASK
1444432775,1574.5,3.1314,ASK
1444432776,1574.21,0.0203,ASK
1444432776,1574.2,0.406,ASK
1444432776,1574.14,0.1349,ASK
1444432776,1574.13,0.0205,ASK
1444432776,1574.12,0.41,ASK
1444432776,1574.1,0.1538,ASK
1444432776,1574.1,0.001,ASK
1444432776,1574.1,0.156,ASK
1444432776,1574.09,1.2775,ASK
1444432780,1574.22,1.131,ASK
1444432781,1574.22,0.2807,ASK
1444432783,1574.21,0.0168,BID
1444432784,1574.09,0.0693,ASK
1444432785,1574.09,0.65,ASK
1444432786,1574.09,0.65,ASK
1444432787,1574.09,0.65,ASK
1444432788,1574.09,0.6,ASK
1444432788,1574.09,0.5044,ASK
1444432788,1574.09,0.06,ASK
1444432790,1574.08,0.0856,BID
1444432790,1574.08,0.0468,BID
1444432791,1574.08,0.6032,BID
1444432795,1574.09,0.01,ASK
1444432801,1574.09,0.01,ASK
1444432807,1574.16,0.0013,BID
1444432808,1574.09,0.01,ASK
1444432809,1574.09,0.0021,ASK
1444432809,1574.09,0.4643,ASK
1444432810,1574.09,0.171,ASK
1444432810,1574.06,0.001,ASK
1444432810,1574.05,1.8049,ASK
1444432811,1574.05,0.171,ASK
1444432813,1574.06,18.878,ASK
1444432814,1574.05,0.063,ASK
1444432814,1574.05,0.4,ASK
1444432814,1574.05,0.01,ASK
1444432815,1574.05,0.508,ASK
1444432815,1574.05,0.0431,ASK
1444432820,1574.04,0.001,BID
1444432831,1574.01,0.001,ASK
1444432831,1573.99,0.001,ASK
1444432831,1573.94,0.001,ASK
1444432835,1574.03,0.003,BID
1444432837,1573.9,0.388,ASK
1444432838,1573.89,0.001,ASK
1444432852,1573.87,0.001,ASK
1444432852,1573.85,0.001,ASK
1444432852,1573.83,0.001,ASK
1444432852,1573.8,0.001,ASK
1444432852,1573.78,0.001,ASK
1444432852,1573.78,0.001,ASK
1444432852,1573.77,0.192,ASK
1444432862,1573.87,0.001,BID
1444432865,1573.77,0.01,ASK
1444432870,1573.77,0.01,ASK
1444432874,1573.77,0.01,ASK
1444432879,1573.77,2.0,ASK
1444432880,1573.77,0.3872,ASK
1444432880,1573.76,0.003,ASK
1444432883,1573.75,0.001,ASK
1444432884,1573.68,0.01,BID
1444432884,1573.75,0.205,BID
1444432884,1573.76,0.1212,BID
1444432885,1573.76,0.1386,BID
1444432885,1573.76,0.4968,BID
1444432886,1573.66,0.001,ASK
1444432886,1573.65,0.001,ASK
1444432886,1573.65,0.001,ASK
1444432886,1573.65,0.001,ASK
1444432886,1573.63,0.001,ASK
1444432886,1573.63,0.001,ASK
1444432886,1573.62,0.001,ASK
1444432886,1573.62,0.001,ASK
1444432886,1573.62,0.001,ASK
1444432886,1573.62,0.001,ASK
1444432886,1573.62,0.001,ASK
1444432886,1573.6,0.001,ASK
1444432888,1573.59,0.001,ASK
1444432890,1573.53,0.0013,BID
1444432890,1573.5,3.4,BID
1444432911,1573.57,0.01,BID
1444432914,1573.57,0.0186,BID
1444432915,1573.57,0.347,BID
1444432926,1573.57,0.04,BID
1444432927,1573.57,0.6355,BID
1444432928,1573.57,0.2559,BID
1444432928,1573.58,0.3796,BID
1444432929,1573.58,0.2559,BID
1444432983,1573.56,0.0098,ASK
1444432983,1573.49,0.001,ASK
1444432983,1573.36,1.9892,ASK
1444432995,1573.54,0.1164,BID
1444432995,1573.55,0.0165,BID
1444432995,1573.56,0.2777,BID
1444432997,1573.55,0.0165,ASK
1444432999,1573.56,0.001,BID
1444433000,1573.55,0.01,ASK
1444433001,1573.56,0.0516,BID
1444433001,1573.56,0.06,BID
1444433002,1573.56,0.001,ASK
1444433002,1573.55,0.009,ASK
1444433002,1573.57,0.0638,BID
1444433013,1573.57,0.0478,ASK
1444433013,1573.55,0.0809,ASK
1444433022,1573.53,0.001,BID
1444433030,1573.4,0.0115,ASK
1444433030,1573.39,0.1355,ASK
1444433031,1573.41,0.1521,ASK
1444433031,1573.39,0.0938,ASK
1444433031,1573.36,0.0428,ASK
1444433031,1573.34,0.001,ASK
1444433031,1573.33,0.001,ASK
1444433031,1573.33,0.0543,ASK
1444433031,1573.33,0.0057,ASK
1444433032,1573.31,0.0971,BID
1444433034,1573.31,0.003,BID
1444433037,1573.28,0.001,ASK
1444433037,1573.26,0.001,ASK
1444433050,1573.28,0.014,BID
1444433053,1573.19,0.001,ASK
1444433053,1573.19,0.001,ASK
1444433053,1573.19,0.001,ASK
1444433053,1573.19,0.001,ASK
1444433053,1573.19,0.001,ASK
1444433053,1573.17,0.001,ASK
1444433053,1573.16,0.001,ASK
1444433053,1573.14,0.001,ASK
1444433057,1573.13,0.001,ASK
1444433057,1573.12,0.001,ASK
1444433057,1573.08,0.001,ASK
1444433057,1573.04,0.001,ASK
1444433063,1573.0,0.01,ASK
1444433065,1573.0,0.01,ASK
1444433067,1573.0,0.01,ASK
1444433069,1573.0,0.01,ASK
1444433083,1573.19,0.0122,BID
1444433083,1573.2,0.0105,BID
1444433083,1573.2,0.185,BID
1444433083,1573.21,0.2106,BID
1444433083,1573.21,0.0116,BID
1444433083,1573.22,0.2328,BID
1444433083,1573.3,0.1572,BID
1444433084,1573.3,0.06,ASK
1444433095,1573.15,0.01,ASK
1444433099,1573.16,0.0302,ASK
1444433099,1573.15,0.1687,ASK
1444433099,1573.15,0.4257,ASK
1444433099,1573.14,0.0016,ASK
1444433100,1573.14,0.0297,BID
1444433101,1573.14,0.759,BID
1444433101,1573.14,0.307,BID
1444433103,1573.14,0.6357,BID
1444433103,1573.14,0.5549,BID
1444433103,1573.14,0.755,BID
1444433104,1573.14,0.232,BID
1444433104,1573.14,0.4037,BID
1444433104,1573.14,0.0351,BID
1444433105,1573.14,0.1656,BID
1444433105,1573.3,0.0156,BID
1444433106,1573.3,0.0156,BID
1444433110,1573.25,0.06,BID
1444433112,1573.3,0.0599,BID
1444433112,1573.3,0.0876,BID
1444433112,1573.33,0.024,BID
1444433112,1573.34,0.0664,BID
1444433113,1573.29,0.1081,BID
1444433115,1573.33,0.01,BID
1444433137,1573.31,0.01,ASK
1444433140,1573.31,0.0294,ASK
1444433140,1573.26,0.06,ASK
1444433140,1573.16,0.0424,ASK
1444433140,1573.15,0.4701,ASK
1444433140,1573.15,0.2007,ASK
1444433140,1573.14,0.1738,ASK
1444433140,1573.01,0.013,ASK
1444433140,1573.0,0.26,ASK
1444433141,1573.0,0.001,BID
1444433142,1573.0,0.868,BID
1444433143,1573.0,0.145,BID
1444433143,1573.0,0.6357,BID
1444433143,1573.0,0.01,BID
1444433144,1572.99,0.5,BID
1444433144,1573.0,0.1357,BID
1444433145,1573.0,0.6357,BID
1444433146,1573.0,0.01,BID
1444433147,1573.0,0.01,BID
1444433149,1572.99,0.128,BID
1444433151,1572.99,0.051,BID
1444433152,1572.99,0.0158,BID
1444433155,1572.99,0.108,BID
1444433156,1572.99,0.407,BID
1444433156,1573.0,0.108,BID
1444433157,1573.0,0.515,BID
1444433157,1573.0,0.0808,BID
1444433159,1573.0,0.01,BID
1444433160,1573.0,0.128,BID
1444433161,1573.0,0.6357,BID
1444433162,1573.0,0.226,BID
1444433167,1573.12,0.01,BID
1444433171,1573.02,0.01,ASK
1444433194,1573.02,0.0887,ASK
1444433194,1573.02,0.0273,ASK
1444433195,1573.02,0.0887,ASK
1444433196,1573.02,0.65,ASK
1444433197,1573.02,0.6459,ASK
1444433197,1573.02,0.0041,ASK
1444433198,1573.02,0.0277,ASK
1444433198,1573.01,0.0723,ASK
1444433198,1573.01,0.3374,ASK
1444433198,1573.01,0.226,ASK
1444433201,1572.96,0.001,ASK
1444433201,1572.91,0.002,ASK
1444433207,1573.01,0.001,BID
1444433230,1572.98,0.0161,BID
1444433257,1572.96,0.001,BID
1444433281,1572.96,0.001,BID
1444433282,1572.96,0.095,BID
1444433282,1572.96,0.1493,BID
1444433282,1572.97,0.1367,BID
1444433282,1572.97,0.0201,BID
1444433282,1572.97,0.2629,BID
1444433282,1572.98,0.0302,BID
1444433284,1572.99,0.01,BID
1444433285,1572.99,0.01,BID
1444433285,1572.99,0.0425,BID
1444433285,1572.99,0.0885,BID
1444433285,1572.99,0.01,BID
1444433286,1572.99,0.0685,BID
1444433286,1573.0,0.032,BID
1444433286,1573.0,0.0984,BID
1444433288,1573.01,0.01,BID
1444433290,1573.01,0.0756,BID
1444433290,1573.01,0.0763,BID
1444433290,1573.01,0.114,BID
1444433290,1573.0,0.0306,ASK
1444433290,1573.0,0.2195,ASK
1444433290,1573.0,0.0163,ASK
1444433291,1573.01,0.3637,BID
1444433291,1573.11,0.01,BID
1444433292,1573.11,0.0887,BID
1444433295,1573.19,0.001,BID
1444433298,1573.3,0.003,BID
1444433299,1573.14,0.001,ASK
1444433299,1573.3,0.01,BID
1444433305,1573.15,0.001,ASK
1444433317,1573.26,0.01,BID
1444433318,1573.26,0.0008,BID
1444433318,1573.27,0.0792,BID
1444433320,1573.26,0.01,BID
1444433329,1573.27,0.1369,BID
1444433330,1573.28,0.0153,BID
1444433331,1573.29,0.1587,BID
1444433332,1573.29,0.104,BID
1444433336,1573.28,0.001,ASK
1444433337,1573.28,0.01,ASK
1444433343,1573.29,0.1123,BID
1444433343,1573.29,0.0087,BID
1444433344,1573.29,0.0447,BID
1444433344,1573.3,0.0264,BID
1444433353,1573.38,0.0183,BID
1444433353,1573.39,0.0256,BID
1444433354,1573.38,0.0115,BID
1444433354,1573.39,0.3405,BID
1444433354,1573.4,0.001,BID
1444433355,1573.4,0.0131,ASK
1444433367,1573.41,0.0161,ASK
1444433389,1573.51,0.0085,BID
1444433397,1573.41,0.001,ASK
1444433401,1573.41,0.001,ASK
1444433433,1573.5,0.0016,BID
1444433433,1573.51,0.0333,BID
1444433434,1573.52,0.0115,BID
1444433435,1573.52,0.01,ASK
1444433460,1573.52,0.001,ASK
1444433462,1573.52,0.01,ASK
1444433464,1573.52,0.0008,ASK
1444433464,1573.52,0.001,ASK
1444433481,1573.5,1.4119,BID
1444433481,1573.51,3.8015,BID
1444433482,1573.51,0.6355,BID
1444433485,1573.42,0.0255,ASK
1444433485,1573.41,0.0237,ASK
1444433485,1573.41,0.4868,ASK
1444433485,1573.41,0.0001,ASK
1444433485,1573.32,0.0296,ASK
1444433485,1573.31,0.2251,ASK
1444433485,1573.31,0.3661,ASK
1444433485,1573.31,0.013,ASK
1444433485,1573.3,0.0946,ASK
1444433485,1573.3,0.1657,ASK
1444433485,1573.28,0.1106,ASK
1444433485,1573.16,0.2161,ASK
1444433485,1573.15,0.374,ASK
1444433485,1573.15,0.0534,ASK
1444433485,1573.09,0.5,ASK
1444433485,1573.08,0.001,ASK
1444433486,1573.07,0.0108,BID
1444433486,1573.07,0.0214,BID
1444433487,1573.28,0.06,BID
1444433487,1573.28,0.001,BID
1444433489,1573.04,0.502,ASK
1444433489,1573.04,0.6,ASK
1444433490,1573.04,0.3104,ASK
1444433490,1573.03,0.0448,ASK
1444433490,1573.02,0.1678,ASK
1444433490,1573.02,0.045,ASK
1444433492,1573.02,0.0531,ASK
1444433492,1573.02,0.4829,ASK
1444433492,1573.03,0.0623,BID
1444433494,1573.02,0.1467,ASK
1444433496,1573.01,0.5033,BID
1444433496,1573.01,0.355,BID
1444433496,1573.01,0.65,BID
1444433496,1573.03,0.5877,BID
1444433515,1573.12,0.0074,BID
1444433516,1573.1,0.1445,ASK
1444433520,1573.07,0.0755,BID
1444433520,1573.12,0.0245,BID
1444433522,1573.12,0.1203,BID
1444433542,1573.13,0.01,ASK
1444433554,1573.13,0.1,ASK
1444433555,1573.13,0.0103,ASK
1444433570,1573.04,0.0104,ASK
1444433570,1573.03,0.0564,ASK
1444433570,1573.03,0.1522,ASK
1444433575,1572.87,0.1568,ASK
1444433575,1572.86,0.0625,ASK
1444433575,1572.85,0.0984,ASK
1444433576,1572.85,0.001,BID
1444433577,1572.85,0.0042,BID
1444433583,1572.84,0.001,ASK
1444433593,1572.82,0.001,ASK
1444433593,1572.8,0.001,ASK
1444433593,1572.78,0.001,ASK
1444433593,1572.76,0.001,ASK
1444433593,1572.76,0.001,ASK
1444433593,1572.76,0.001,ASK
1444433604,1572.82,0.001,BID
1444433637,1572.78,0.0905,BID
1444433637,1572.79,0.1786,BID
1444433637,1572.79,0.2309,BID
1444433637,1572.79,0.2691,BID
1444433637,1572.8,0.2286,BID
1444433637,1572.81,0.0218,BID
1444433638,1572.81,0.0114,ASK
1444433638,1572.81,0.0913,ASK
1444433639,1572.82,0.01,BID
1444433640,1572.82,0.01,BID
1444433648,1572.82,0.0907,BID
1444433649,1572.82,0.05,BID
1444433649,1572.82,0.2654,BID
1444433649,1572.83,0.0135,BID
1444433652,1572.84,0.01,BID
1444433677,1572.84,0.2594,BID
1444433679,1572.85,0.01,ASK
1444433684,1572.85,0.01,ASK
1444433706,1572.96,0.001,BID
1444433735,1572.87,0.001,ASK
1444433736,1572.87,0.114,ASK
1444433736,1572.96,0.0056,BID
1444433737,1572.87,0.2084,ASK
1444433737,1572.87,0.4416,ASK
1444433738,1572.87,0.65,ASK
1444433739,1572.88,0.0991,ASK
1444433739,1572.87,0.5509,ASK
1444433740,1572.87,0.65,ASK
1444433741,1572.88,0.0235,ASK
1444433741,1572.88,0.0182,ASK
1444433741,1572.87,0.1573,ASK
1444433741,1572.86,0.1051,ASK
1444433741,1572.86,0.3459,ASK
1444433742,1572.86,0.0895,ASK
1444433760,1572.86,0.0022,BID
1444433765,1572.85,0.2394,ASK
1444433765,1572.84,0.5526,ASK
1444433766,1572.84,0.2394,ASK
1444433793,1572.85,0.0029,ASK
1444433793,1572.84,0.8559,ASK
1444433793,1572.83,0.1272,ASK
1444433793,1572.83,0.1679,ASK
1444433794,1572.83,0.2382,ASK
1444433797,1572.79,0.0905,ASK
1444433813,1572.78,0.0012,BID
1444433834,1572.68,0.025,ASK
1444433834,1572.68,0.111,ASK
1444433835,1572.68,0.0426,ASK
1444433835,1572.67,0.001,ASK
1444433835,1572.67,0.007,ASK
1444433835,1572.65,0.001,ASK
1444433835,1572.64,0.001,ASK
1444433835,1572.64,0.001,ASK
1444433835,1572.61,0.001,ASK
1444433835,1572.61,0.001,ASK
1444433835,1572.61,0.001,ASK
1444433835,1572.6,0.001,ASK
1444433835,1572.59,0.001,ASK
1444433836,1572.5,0.001,ASK
1444433836,1572.49,0.001,ASK
1444433836,1572.48,0.001,ASK
1444433836,1572.46,0.001,ASK
1444433836,1572.43,0.001,ASK
1444433836,1572.4,0.001,ASK
1444433836,1572.39,0.001,ASK
1444433836,1572.39,0.001,ASK
1444433836,1572.35,0.28,ASK
1444433836,1572.33,0.001,ASK
1444433836,1572.32,0.001,ASK
1444433836,1572.28,0.001,ASK
1444433836,1572.27,0.001,ASK
1444433836,1572.2,0.003,ASK
1444433836,1572.19,0.001,ASK
1444433836,1572.1,0.001,ASK
1444433836,1572.06,0.001,ASK
1444433836,1572.04,0.5,ASK
1444433836,1572.02,0.001,ASK
1444433836,1572.01,0.001,ASK
1444433836,1572.01,0.001,ASK
1444433836,1572.0,0.079,ASK
1444433837,1572.2,0.001,BID
1444433842,1572.18,0.0195,BID
1444433842,1572.18,0.01,BID
1444433842,1572.19,0.0291,BID
1444433843,1572.18,0.0181,BID
1444433843,1572.19,0.0114,BID
1444433844,1572.19,0.0586,BID
1444433844,1572.19,0.1229,BID
1444433845,1572.18,0.0175,BID
1444433845,1572.19,0.1682,BID
1444433845,1572.2,0.056,BID
1444433846,1572.2,0.0586,ASK
1444433847,1572.2,0.0034,ASK
1444433848,1572.2,0.0453,ASK
1444433849,1572.2,0.01,ASK
1444433849,1572.21,0.229,ASK
1444433851,1572.2,0.0021,ASK
1444433851,1572.2,0.0079,ASK
1444433858,1572.2,0.08,ASK
1444433860,1572.2,0.0803,ASK
1444433865,1572.18,0.001,ASK
1444433867,1572.07,0.001,ASK
1444433867,1572.04,0.1939,ASK
1444433867,1572.03,0.0193,ASK
1444433867,1572.02,0.0453,ASK
1444433867,1572.01,0.0005,ASK
1444433868,1572.01,0.0034,ASK
1444433868,1572.0,0.221,ASK
1444433868,1572.0,0.0194,ASK
1444433868,1572.0,0.001,ASK
1444433868,1572.0,0.001,ASK
1444433868,1571.98,0.001,ASK
1444433868,1571.95,0.2732,ASK
1444433871,1571.95,0.192,ASK
1444433885,1572.17,0.0291,BID
1444433885,1572.17,0.0134,BID
1444433885,1572.18,0.0183,BID
1444433885,1572.19,0.08,BID
1444433885,1572.19,0.0182,BID
1444433885,1572.18,0.001,ASK
1444433886,1572.18,0.059,BID
1444433887,1572.19,0.0621,BID
1444433887,1572.27,0.05,ASK
1444433887,1572.2,0.1267,ASK
1444433887,1572.38,13.842,BID
1444433889,1572.26,0.01,ASK
1444433913,1572.2,0.1165,ASK
1444433913,1572.19,0.059,ASK
1444433913,1572.18,0.0435,ASK
1444433913,1572.15,0.06,ASK
1444433913,1571.99,0.1767,ASK
1444433913,1571.98,0.0213,ASK
1444433913,1571.97,0.4264,ASK
1444433913,1571.96,0.0291,ASK
1444433913,1571.96,0.0134,ASK
1444433913,1571.96,0.0267,ASK
1444433914,1571.96,0.0097,BID
1444433915,1571.96,0.039,BID
1444433915,1571.96,0.2055,BID
1444433915,1571.96,0.0964,BID
1444433916,1571.96,0.579,BID
1444433916,1571.96,0.0978,BID
1444433921,1572.18,0.0158,BID
1444433921,1572.18,0.06,BID
1444433921,1572.19,0.2402,BID
1444433922,1572.18,0.0158,BID
1444433922,1572.19,0.06,BID
1444433923,1572.19,0.0158,BID
1444433925,1572.21,0.3302,ASK
1444433925,1572.2,0.0976,ASK
1444433926,1572.2,0.0504,ASK
1444433926,1572.2,0.076,ASK
1444433926,1572.2,0.012,BID
1444433929,1572.2,0.1918,BID
1444433929,1572.24,0.0892,BID
1444433931,1572.25,0.001,BID
1444433932,1572.25,0.1398,ASK
1444433932,1572.25,0.054,ASK
1444433935,1572.33,0.02,BID
1444433938,1572.33,0.0764,BID
1444433938,1572.34,0.0141,BID
1444433938,1572.35,0.1525,BID
1444433941,1572.35,0.1288,BID
1444433941,1572.37,0.0166,BID
1444433941,1572.38,0.3316,BID
1444433945,1572.38,0.0002,BID
1444433945,1572.39,0.0118,BID
1444433949,1572.39,0.0002,BID
1444433950,1572.58,0.001,BID
1444433950,1572.64,0.0288,BID
1444433950,1572.65,0.1013,BID
1444433952,1572.42,0.001,ASK
1444433977,1572.46,0.001,ASK
1444433978,1572.63,0.0026,BID
1444433979,1572.46,0.01,ASK
1444434002,1572.48,0.0097,ASK
1444434003,1572.62,0.001,BID
1444434003,1572.63,0.002,BID
1444434006,1572.49,5.0,BID
1444434006,1572.49,3.0,BID
1444434006,1572.49,3.016,BID
1444434020,1572.49,0.01,ASK
1444434032,1572.61,0.0092,BID
1444434056,1572.51,0.0142,ASK
1444434056,1572.5,0.0558,ASK
1444434057,1572.5,0.1175,ASK
1444434057,1572.5,0.0204,ASK
1444434057,1572.5,0.0905,ASK
1444434057,1572.49,0.0558,ASK
1444434059,1572.49,0.0998,ASK
1444434060,1572.49,0.0038,BID
1444434060,1572.48,0.01,ASK
1444434062,1572.48,0.01,ASK
1444434082,1572.48,0.1635,ASK
1444434082,1572.47,0.0112,ASK
1444434082,1572.46,0.0065,ASK
1444434083,1572.46,0.01,ASK
1444434083,1572.47,0.0107,ASK
1444434086,1572.46,0.01,ASK
1444434089,1572.46,0.05,ASK
1444434089,1572.47,0.001,BID
1444434089,1572.46,0.01,ASK
1444434090,1572.46,0.1282,ASK
1444434090,1572.45,0.0156,ASK
1444434094,1572.44,0.01,ASK
1444434117,1572.45,0.001,BID
1444434141,1572.45,0.001,BID
1444434151,1572.45,0.1962,BID
1444434151,1572.45,0.1882,BID
1444434151,1572.47,0.1458,BID
1444434167,1572.46,0.007,ASK
1444434168,1572.45,0.0151,ASK
1444434168,1572.45,0.0104,ASK
1444434169,1572.44,0.12,ASK
1444434173,1572.44,0.01,ASK
1444434179,1572.44,0.01,ASK
1444434196,1572.45,0.1272,ASK
1444434196,1572.45,0.0174,ASK
1444434196,1572.44,0.1616,ASK
1444434196,1572.43,0.011,ASK
1444434197,1572.43,0.011,BID
1444434198,1572.42,0.2207,ASK
1444434202,1572.24,10.0,ASK
1444434202,1572.24,1.0,ASK
1444434202,1572.24,4.745,ASK
1444434214,1572.38,0.01,BID
1444434219,1572.37,0.002,BID
1444434223,1572.36,0.0059,BID
1444434224,1572.25,0.008,ASK
1444434246,1572.34,0.001,BID
1444434269,1572.35,0.012,BID
1444434269,1572.35,0.1073,BID
1444434269,1572.36,0.2401,BID
1444434269,1572.36,0.0163,BID
1444434269,1572.37,0.0843,BID
1444434269,1572.37,0.2424,BID
1444434270,1572.38,0.0575,BID
1444434274,1572.39,0.01,BID
1444434280,1572.39,0.0134,BID
1444434280,1572.39,0.0157,BID
1444434280,1572.4,0.1039,BID
1444434282,1572.4,0.01,BID
1444434285,1572.39,0.0105,BID
1444434285,1572.4,0.1673,BID
1444434286,1572.4,0.0322,BID
1444434286,1572.4,0.0712,BID
1444434286,1572.41,0.1778,BID
1444434287,1572.41,0.0429,BID
1444434287,1572.41,0.2383,BID
1444434290,1572.41,0.01,BID
1444434299,1572.41,0.023,BID
1444434300,1572.41,0.46,BID
1444434301,1572.41,0.636,BID
1444434302,1572.39,0.001,ASK
1444434303,1572.41,0.0451,BID
1444434303,1572.41,0.025,BID
1444434303,1572.42,0.5659,BID
1444434304,1572.42,0.0701,BID
1444434336,1572.43,0.0016,BID
1444434337,1572.43,0.1019,BID
1444434337,1572.42,0.01,ASK
1444434338,1572.43,0.0283,BID
1444434338,1572.44,0.1035,BID
1444434339,1572.44,0.0237,BID
1444434340,1572.46,0.001,BID
1444434340,1572.56,0.1419,BID
1444434357,1572.54,0.007,BID
1444434357,1572.55,0.1506,BID
1444434357,1572.55,0.4619,BID
1444434357,1572.56,0.0452,BID
1444434357,1572.58,0.0705,BID
1444434357,1572.59,0.001,BID
1444434357,1572.6,0.0884,BID
1444434357,1572.61,0.0112,BID
1444434357,1572.64,0.001,BID
1444434357,1572.66,0.001,BID
1444434357,1572.72,0.001,BID
1444434357,1572.78,0.001,BID
1444434357,1572.78,0.001,BID
1444434357,1572.86,0.1592,BID
1444434364,1572.47,0.0016,ASK
1444434374,1572.57,0.01,ASK
1444434388,1572.6,0.01,ASK
1444434396,1572.61,0.002,ASK
1444434397,1572.71,0.0029,BID
1444434401,1572.62,0.01,ASK
1444434418,1572.62,0.0083,ASK
1444434418,1572.62,0.01,ASK
1444434418,1572.61,0.0532,ASK
1444434418,1572.61,0.3126,ASK
1444434418,1572.6,0.0092,ASK
1444434418,1572.59,0.0225,ASK
1444434418,1572.58,0.449,ASK
1444434418,1572.57,0.0632,ASK
1444434418,1572.51,0.06,ASK
1444434418,1572.48,0.1943,ASK
1444434418,1572.47,0.0724,ASK
1444434418,1572.45,0.1506,ASK
1444434418,1572.45,0.4619,ASK
1444434418,1572.44,0.0046,ASK
1444434418,1572.42,0.6361,ASK
1444434418,1572.24,0.0234,ASK
1444434418,1572.24,0.3535,ASK
1444434418,1572.17,0.5,ASK
1444434418,1572.1,0.4006,ASK
1444434421,1572.61,0.0011,BID
1444434421,1572.26,0.5298,ASK
1444434421,1572.11,0.094,ASK
1444434421,1572.1,1.8261,ASK
1444434438,1572.59,0.01,BID
1444434444,1572.55,0.013,BID
1444434452,1572.56,0.001,BID
1444434455,1572.51,0.01,BID
1444434461,1572.48,0.026,BID
1444434461,1572.51,0.024,BID
1444434476,1572.49,0.2232,BID
1444434477,1572.49,0.05,BID
1444434478,1572.48,0.0148,BID
1444434481,1572.5,0.04,ASK
1444434482,1572.5,0.465,ASK
1444434482,1572.5,0.185,ASK
1444434483,1572.5,0.3348,ASK
1444434483,1572.5,0.001,ASK
1444434484,1572.49,0.02,BID
1444434485,1572.38,1.0,BID
1444434485,1572.38,15.709,BID
1444434499,1572.44,0.01,ASK
1444434502,1572.46,0.0272,BID
1444434502,1572.45,0.01,ASK
1444434505,1572.47,0.001,BID
1444434506,1572.46,0.0478,ASK
1444434506,1572.46,0.005,BID
1444434511,1572.46,0.1079,BID
1444434512,1572.46,0.0587,BID
1444434512,1572.47,0.0543,BID
1444434514,1572.48,0.0128,BID
1444434514,1572.48,0.0187,BID
1444434514,1572.49,0.0955,BID
1444434517,1572.48,0.0128,BID
1444434517,1572.48,0.0105,BID
1444434517,1572.49,0.1987,BID
1444434517,1572.49,0.3358,BID
1444434517,1572.5,0.0093,BID
1444434517,1572.52,0.2435,BID
1444434517,1572.54,0.0996,BID
1444434517,1572.57,0.3385,BID
1444434517,1572.6,0.4418,BID
1444434517,1572.6,0.494,BID
1444434518,1572.61,0.1091,ASK
1444434518,1572.61,0.0013,ASK
1444434519,1572.5,4.0,BID
1444434519,1572.5,13.665,BID
1444434519,1572.51,0.0109,BID
1444434519,1572.7,0.005,BID
1444434529,1572.7,0.01,BID
1444434552,1572.7,0.027,BID
1444434553,1572.7,0.0406,BID
1444434553,1572.7,0.1071,BID
1444434553,1572.71,0.01,BID
1444434565,1572.72,0.3391,BID
1444434572,1572.74,0.001,BID
1444434572,1572.75,0.0724,BID
1444434572,1572.87,2.5066,BID
1444434573,1572.87,0.1439,BID
1444434574,1572.87,0.14,BID
1444434575,1572.87,0.5702,BID
1444434586,1572.89,0.01,ASK
1444434588,1572.89,0.01,ASK
1444434596,1572.9,0.162,ASK
1444434596,1572.89,0.936,ASK
1444434596,1572.89,0.2296,ASK
1444434596,1572.89,1.4119,ASK
1444434596,1572.89,0.0125,ASK
1444434596,1572.88,0.0656,ASK
1444434596,1572.88,0.6358,ASK
1444434596,1572.79,0.03,ASK
1444434596,1572.75,0.018,ASK
1444434596,1572.74,0.02,ASK
1444434596,1572.74,0.017,ASK
1444434596,1572.74,0.34,ASK
1444434596,1572.73,0.3391,ASK
1444434596,1572.73,0.0756,ASK
1444434598,1572.73,0.1708,BID
1444434599,1572.73,0.6358,BID
1444434601,1572.73,0.6358,BID
1444434602,1572.73,0.1525,BID
1444434602,1572.73,0.112,BID
1444434608,1572.75,0.01,ASK
1444434694,1572.85,0.0174,BID
1444434694,1572.86,0.3489,BID
1444434694,1572.87,0.0325,BID
1444434694,1572.88,0.65,BID
1444434694,1572.97,0.06,BID
1444434694,1572.99,0.0125,BID
1444434694,1572.99,0.0181,BID
1444434694,1573.0,0.04,BID
1444434694,1573.0,0.0006,BID
1444434706,1572.83,0.01,ASK
1444434708,1572.83,0.01,ASK
1444434709,1572.84,0.026,ASK
1444434709,1572.82,0.4764,ASK
1444434709,1572.82,0.0166,ASK
1444434711,1572.82,0.086,ASK
1444434711,1572.81,0.2777,ASK
1444434711,1572.79,0.0807,ASK
1444434711,1572.79,0.06,ASK
1444434717,1572.79,1.3116,BID
1444434717,1572.84,0.01,ASK
1444434720,1572.84,0.01,ASK
1444434722,1572.84,1.667,ASK
1444434722,1572.84,0.01,ASK
1444434723,1572.85,0.01,ASK
1444434724,1572.85,0.183,ASK
1444434724,1572.84,0.467,ASK
1444434725,1572.84,0.193,ASK
1444434725,1572.85,0.01,BID
1444434727,1572.86,0.01,ASK
1444434729,1572.86,0.01,ASK
1444434731,1572.86,0.01,ASK
1444434733,1572.86,0.01,ASK
1444434736,1572.87,0.01,ASK
1444434744,1572.87,0.04,ASK
1444434751,1572.87,0.1313,ASK
1444434751,1572.86,0.2703,ASK
1444434751,1572.84,0.1117,ASK
1444434799,1572.83,0.5,BID
1444434799,1572.83,0.68,BID
1444434800,1572.83,0.6358,BID
1444434801,1572.83,0.0961,BID
1444434801,1572.84,0.5397,BID
1444434802,1572.84,0.6358,BID
1444434817,1572.77,0.01,ASK
1444434843,1572.83,0.07,BID
1444434844,1572.83,0.1695,BID
1444434844,1572.84,0.07,BID
1444434845,1572.84,0.2395,BID
1444434846,1572.83,0.1395,BID
1444434847,1572.83,0.016,ASK
1444434847,1572.84,0.1695,BID
1444434848,1572.84,0.6358,BID
1444434849,1572.83,0.02,ASK
1444434849,1572.84,0.6358,BID
1444434850,1572.84,0.6358,BID
1444434851,1572.84,0.5,BID
1444434852,1572.84,0.6358,BID
1444434882,1572.83,0.277,ASK
1444434883,1572.83,0.65,ASK
1444434884,1572.83,0.65,ASK
1444434885,1572.83,0.65,ASK
1444434886,1572.83,0.65,ASK
1444434887,1572.83,0.65,ASK
1444434888,1572.83,0.65,ASK
1444434889,1572.83,0.65,ASK
1444434890,1572.83,0.65,ASK
1444434891,1572.83,0.65,ASK
1444434892,1572.83,0.65,ASK
1444434893,1572.83,0.65,ASK
1444434894,1572.83,0.65,ASK
1444434895,1572.83,0.65,ASK
1444434896,1572.83,0.65,ASK
1444434897,1572.83,0.65,ASK
1444434898,1572.83,0.65,ASK
1444434899,1572.83,0.65,ASK
1444434900,1572.83,0.65,ASK
1444434901,1572.83,0.65,ASK
1444434902,1572.83,0.65,ASK
1444434904,1572.83,0.65,ASK
1444434904,1572.84,0.13,BID
1444434906,1572.83,0.65,ASK
1444434907,1572.83,0.65,ASK
1444434908,1572.83,0.65,ASK
1444434909,1572.83,0.65,ASK
1444434910,1572.83,0.65,ASK
1444434911,1572.83,0.65,ASK
1444434912,1572.83,0.65,ASK
1444434913,1572.83,0.65,ASK
1444434914,1572.83,0.65,ASK
1444434915,1572.83,0.65,ASK
1444434916,1572.83,0.65,ASK
1444434917,1572.83,0.65,ASK
1444434917,1572.84,2.0147,BID
1444434918,1572.83,0.65,ASK
1444434919,1572.83,0.65,ASK
1444434920,1572.83,0.65,ASK
1444434921,1572.83,0.65,ASK
1444434922,1572.83,0.65,ASK
1444434923,1572.83,0.65,ASK
1444434924,1572.84,0.01,BID
1444434924,1572.83,0.65,ASK
1444434925,1572.83,0.65,ASK
1444434926,1572.83,0.5756,ASK
1444434931,1572.84,0.19,BID
1444434932,1572.84,0.6358,BID
1444434933,1572.84,0.6358,BID
1444434934,1572.84,0.6358,BID
1444434934,1572.84,0.0189,BID
1444434935,1572.84,0.6358,BID
1444434936,1572.84,0.6358,BID
1444434937,1572.84,0.6358,BID
1444434938,1572.83,2.58,ASK
1444434938,1572.84,0.6358,BID
1444434939,1572.84,0.028,BID
1444434939,1572.83,0.014,ASK
1444434939,1572.83,1.18,ASK
1444434939,1572.83,0.65,ASK
1444434940,1572.84,0.56,BID
1444434941,1572.84,0.01,BID
1444434941,1572.84,0.1419,BID
1444434941,1572.84,0.6358,BID
1444434942,1572.84,0.6358,BID
1444434943,1572.84,0.6358,BID
1444434943,1572.84,0.01,BID
1444434944,1572.84,0.6358,BID
1444434945,1572.84,0.6358,BID
1444434946,1572.84,0.6358,BID
1444434947,1572.84,0.6358,BID
1444434948,1572.84,0.6358,BID
1444434949,1572.84,0.05,BID
1444434949,1572.84,0.6358,BID
1444434951,1572.84,0.6358,BID
1444434952,1572.84,1.3086,BID
1444434952,1572.85,0.001,BID
1444434954,1572.85,0.001,ASK
1444434957,1572.86,0.001,BID
1444434960,1572.88,0.16,ASK
1444434960,1572.88,0.019,ASK
1444434968,1572.86,0.016,BID
1444434968,1572.87,0.005,BID
1444434973,1572.96,0.01,BID
1444434989,1572.95,0.05,BID
1444434990,1572.95,0.4343,BID
1444434990,1572.95,0.1681,BID
1444434990,1572.96,0.0333,BID
1444434992,1572.96,0.1497,BID
1444434992,1572.96,0.3203,BID
1444434993,1572.96,0.1657,ASK
1444434997,1572.86,0.0694,ASK
1444434997,1572.86,0.1681,ASK
1444434997,1572.85,0.6338,ASK
1444434997,1572.85,0.6358,ASK
1444434997,1572.85,0.1041,ASK
1444434997,1572.84,0.0135,ASK
1444434997,1572.83,1.5013,ASK
1444435000,1572.85,0.2375,BID
1444435006,1572.95,0.01,BID
1444435023,1572.94,0.01,BID
1444435093,1572.94,0.0017,BID
1444435093,1572.95,0.1368,BID
1444435093,1572.98,0.001,BID
1444435093,1572.99,0.016,BID
1444435093,1573.0,0.0004,BID
1444435093,1573.0,0.001,BID
1444435093,1573.0,0.3,BID
1444435093,1573.0,0.0191,BID
1444435093,1573.0,0.0003,BID
1444435093,1573.02,0.001,BID
1444435095,1573.04,2.0,BID
1444435095,1573.04,13.878,BID
1444435098,1573.07,0.001,BID
1444435098,1573.08,0.001,BID
1444435098,1573.09,0.001,BID
1444435098,1573.14,0.001,BID
1444435098,1573.15,0.005,BID
1444435098,1573.27,0.001,BID
1444435098,1573.27,0.022,BID
1444435098,1573.28,0.0569,BID
1444435111,1573.2,0.0138,BID
1444435111,1573.21,0.2768,BID
1444435111,1573.27,0.0192,BID
1444435111,1573.28,0.1522,BID
1444435112,1573.28,0.187,BID
1444435113,1573.27,0.0115,BID
1444435113,1573.28,0.0429,BID
1444435113,1573.28,0.001,BID
1444435114,1573.49,0.0114,BID
1444435114,1573.49,0.0026,BID
1444435115,1573.3,0.0197,BID
1444435116,1573.3,0.0403,BID
1444435117,1573.3,0.0539,ASK
1444435127,1573.32,0.01,ASK
1444435127,1573.32,0.01,ASK
1444435129,1573.33,0.01,ASK
1444435131,1573.33,0.01,ASK
1444435134,1573.34,0.01,ASK
1444435152,1573.37,0.1226,ASK
1444435152,1573.36,0.1661,ASK
1444435152,1573.36,0.1113,ASK
1444435154,1573.38,0.1226,ASK
1444435154,1573.38,0.1834,ASK
1444435154,1573.36,0.2986,ASK
1444435155,1573.37,20.867,ASK
1444435160,1573.36,0.838,ASK
1444435161,1573.36,0.65,ASK
1444435162,1573.36,0.01,ASK
1444435162,1573.36,1.529,ASK
1444435162,1573.36,0.65,ASK
1444435163,1573.36,0.65,ASK
1444435163,1573.37,1.0,ASK
1444435163,1573.37,7.08,ASK
1444435164,1573.36,0.01,ASK
1444435164,1573.36,0.2431,ASK
1444435164,1573.36,0.0135,ASK
1444435164,1573.35,0.2694,ASK
1444435165,1573.34,0.0135,BID
1444435191,1573.33,0.01,BID
1444435191,1573.34,0.7565,BID
1444435191,1573.35,0.124,BID
1444435191,1573.35,0.65,BID
1444435191,1573.43,0.025,BID
1444435191,1573.44,0.0235,BID
1444435191,1573.44,0.5,BID
1444435191,1573.45,0.4601,BID
1444435191,1573.45,0.0656,BID
1444435192,1573.45,0.0263,ASK
1444435193,1573.45,0.01,ASK
1444435193,1573.45,0.8,ASK
1444435193,1573.45,3.9969,ASK
1444435194,1573.45,0.05,ASK
1444435194,1573.45,0.65,ASK
1444435194,1573.49,15.711,ASK
1444435195,1573.46,0.5,ASK
1444435195,1573.45,0.15,ASK
1444435196,1573.45,0.01,ASK
1444435197,1573.45,0.65,ASK
1444435197,1573.45,0.346,ASK
1444435197,1573.45,0.1,ASK
1444435197,1573.45,0.1,ASK
1444435197,1573.45,0.1,ASK
1444435198,1573.46,0.01,ASK
1444435198,1573.46,0.49,ASK
1444435198,1573.45,0.16,ASK
1444435199,1573.45,0.65,ASK
1444435200,1573.45,0.01,ASK
1444435201,1573.45,0.65,ASK
1444435202,1573.45,0.6,ASK
1444435202,1573.45,0.65,ASK
1444435203,1573.45,0.01,ASK
1444435204,1573.45,0.65,ASK
1444435204,1573.5,0.1226,BID
1444435204,1573.51,0.1586,BID
1444435204,1573.53,0.001,BID
1444435204,1573.56,0.001,BID
1444435204,1573.56,0.001,BID
1444435204,1573.59,0.0266,BID
1444435204,1573.59,0.039,BID
1444435204,1573.6,0.001,BID
1444435204,1573.6,0.001,BID
1444435204,1573.6,0.6482,BID
1444435205,1573.45,0.01,ASK
1444435205,1573.45,0.65,ASK
1444435207,1573.46,0.1549,ASK
1444435207,1573.45,0.4951,ASK
1444435207,1573.45,0.01,ASK
1444435208,1573.46,0.0115,ASK
1444435208,1573.46,0.0138,ASK
1444435208,1573.45,0.6247,ASK
1444435209,1573.46,0.1549,ASK
1444435209,1573.46,0.01,ASK
1444435209,1573.46,0.2797,ASK
1444435209,1573.45,0.3703,ASK
1444435210,1573.45,0.65,ASK
1444435211,1573.45,0.52,ASK
1444435211,1573.45,0.65,ASK
1444435211,1573.45,0.01,ASK
1444435213,1573.46,0.01,ASK
1444435214,1573.59,0.0165,BID
1444435214,1573.59,0.0166,BID
1444435214,1573.6,0.6604,BID
1444435214,1573.6,0.001,BID
1444435214,1573.61,0.001,BID
1444435214,1573.61,0.001,BID
1444435214,1573.61,0.001,BID
1444435214,1573.61,0.001,BID
1444435214,1573.62,0.003,BID
1444435214,1573.62,0.001,BID
1444435214,1573.64,0.001,BID
1444435214,1573.64,0.001,BID
1444435214,1573.65,0.001,BID
1444435214,1573.76,0.001,BID
1444435214,1573.76,0.001,BID
1444435214,1573.79,0.001,BID
1444435214,1573.8,0.001,BID
1444435214,1573.8,0.0305,BID
1444435214,1573.82,0.001,BID
1444435214,1573.82,0.001,BID
1444435214,1573.82,0.001,BID
1444435214,1573.82,0.001,BID
1444435214,1573.82,0.001,BID
1444435214,1573.94,0.1383,BID
1444435214,1573.95,3.0,BID
1444435214,1573.96,0.001,BID
1444435214,1573.99,0.132,BID
1444435214,1574.0,0.3,BID
1444435214,1574.08,0.001,BID
1444435214,1574.17,0.001,BID
1444435214,1574.18,0.5,BID
1444435214,1574.19,2.1714,BID
1444435215,1574.18,13.0,BID
1444435215,1574.18,5.343,BID
1444435216,1573.46,0.0891,ASK
1444435216,1573.46,0.0165,ASK
1444435216,1573.46,0.0166,ASK
1444435216,1573.46,0.1308,ASK
1444435217,1573.46,0.0075,ASK
1444435217,1573.45,0.52,ASK
1444435218,1573.45,0.54,ASK
1444435220,1573.45,0.01,ASK
1444435221,1573.45,0.01,ASK
1444435221,1573.45,0.01,ASK
1444435223,1573.46,0.01,ASK
1444435226,1573.55,0.025,BID
1444435226,1573.56,0.5,BID
1444435226,1574.16,0.025,BID
1444435226,1574.17,0.45,BID
1444435229,1573.57,0.01,ASK
1444435232,1573.57,0.01,ASK
1444435235,1573.58,0.01,ASK
1444435238,1573.58,0.06,ASK
1444435238,1573.57,0.06,ASK
1444435245,1573.56,0.025,ASK
1444435250,1573.5,0.025,ASK
1444435250,1573.49,0.5,ASK
1444435250,1573.46,0.025,ASK
1444435250,1573.45,1.245,ASK
1444435253,1573.46,0.01,ASK
1444435255,1573.46,0.01,ASK
1444435263,1573.55,0.01,BID
1444435264,1573.55,0.015,BID
1444435264,1573.66,0.06,BID
1444435264,1574.17,0.05,BID
1444435264,1574.18,0.01,BID
1444435264,1574.22,0.001,BID
1444435264,1574.24,0.025,BID
1444435264,1574.26,0.0186,BID
1444435264,1574.26,0.001,BID
1444435264,1574.27,0.5,BID
1444435264,1574.28,0.001,BID
1444435264,1574.29,0.0524,BID
1444435264,1574.3,0.266,BID
1444435265,1573.47,10.0,BID
1444435265,1573.47,5.974,BID
1444435265,1573.48,6.0,BID
1444435265,1573.48,10.164,BID
1444435274,1573.57,0.066,ASK
1444435276,1573.58,0.01,ASK
1444435277,1573.58,0.2963,ASK
1444435277,1573.58,0.0117,ASK
1444435281,1573.59,0.06,ASK
1444435281,1573.58,0.0122,ASK
1444435281,1573.58,0.3188,ASK
1444435282,1573.58,0.01,ASK
1444435282,1573.6,0.01,ASK
1444435283,1573.6,0.01,ASK
1444435288,1573.6,0.01,ASK
1444435291,1573.61,0.197,ASK
1444435291,1573.61,0.197,ASK
1444435291,1573.61,0.197,ASK
1444435292,1573.61,0.01,ASK
1444435294,1573.61,0.01,ASK
1444435295,1573.61,0.01,ASK
1444435296,1573.61,0.01,ASK
1444435297,1573.62,0.0061,ASK
1444435297,1573.61,0.0039,ASK
1444435300,1573.61,0.01,ASK
1444435303,1573.61,0.01,ASK
1444435303,1573.61,0.01,ASK
1444435305,1573.61,0.01,ASK
1444435306,1573.61,0.05,ASK
1444435307,1573.62,0.01,ASK
1444435309,1573.62,0.01,ASK
1444435309,1573.62,0.01,ASK
1444435311,1573.9,0.001,ASK
1444435311,1573.62,0.01,ASK
1444435313,1573.62,0.01,ASK
1444435315,1573.62,0.01,ASK
1444435317,1573.71,0.01,BID
1444435317,1573.62,0.01,ASK
1444435322,1573.62,0.01,ASK
1444435325,1573.62,0.01,ASK
1444435326,1573.62,0.0179,ASK
1444435326,1573.6,0.0321,ASK
1444435334,1573.62,0.01,BID
1444435334,1573.69,0.0112,BID
1444435352,1573.66,0.0131,BID
1444435352,1573.67,0.263,BID
1444435352,1573.68,0.0171,BID
1444435352,1573.69,0.3418,BID
1444435352,1573.71,0.0291,BID
1444435352,1573.71,0.132,BID
1444435352,1573.8,0.06,BID
1444435352,1574.0,0.1079,BID
1444435352,1574.02,0.0061,BID
1444435352,1574.02,0.0203,BID
1444435352,1574.03,0.0096,BID
1444435370,1573.78,0.001,BID
1444435371,1573.79,0.009,ASK
1444435371,1573.62,0.001,ASK
1444435372,1573.62,0.16,ASK
1444435372,1573.62,0.3684,ASK
1444435372,1573.61,0.0416,ASK
1444435372,1573.61,0.3056,ASK
1444435375,1573.6,0.01,ASK
1444435375,1573.6,0.013,ASK
1444435377,1573.61,0.1696,BID
1444435379,1573.6,0.01,ASK
1444435381,1573.6,0.01,ASK
1444435381,1573.6,0.01,ASK
1444435382,1573.61,9.0,ASK
1444435382,1573.61,10.89,ASK
1444435386,1573.61,0.011,ASK
1444435386,1573.61,0.0406,ASK
1444435387,1573.61,0.0084,ASK
1444435387,1573.61,0.0016,ASK
1444435387,1573.61,0.0198,ASK
1444435387,1573.6,0.0252,ASK
1444435387,1573.6,0.0866,ASK
1444435387,1573.5,0.0254,ASK
1444435387,1573.5,0.06,ASK
1444435387,1573.51,5.15,ASK
1444435388,1573.51,0.0541,BID
1444435389,1573.5,0.0595,ASK
1444435389,1573.48,0.005,ASK
1444435389,1573.41,0.001,ASK
1444435389,1573.38,0.001,ASK
1444435392,1573.38,0.0335,BID
1444435392,1573.38,0.01,BID
1444435394,1573.48,0.0005,ASK
1444435394,1573.36,0.001,ASK
1444435395,1573.36,0.001,BID
1444435398,1573.36,1.0,BID
1444435399,1573.36,1.4462,BID
1444435399,1573.51,0.0859,BID
1444435399,1573.6,0.012,BID
1444435399,1573.68,0.06,BID
1444435400,1573.8,0.099,ASK
1444435401,1573.8,0.4499,ASK
1444435401,1573.8,0.916,ASK
1444435402,1573.8,0.5,ASK
1444435402,1573.8,0.0206,ASK
1444435402,1573.8,0.4,ASK
1444435402,1573.8,1.513,ASK
1444435402,1573.8,0.8,ASK
1444435402,1573.8,0.4,ASK
1444435402,1573.8,0.6,ASK
1444435404,1573.8,0.01,ASK
1444435405,1573.8,18.5648,ASK
1444435405,1573.6,0.06,BID
1444435427,1573.37,0.6356,ASK
1444435427,1573.37,0.6356,ASK
1444435427,1573.32,0.0883,ASK
1444435427,1573.3,0.3051,ASK
1444435427,1573.29,0.001,ASK
1444435427,1573.26,0.001,ASK
1444435427,1573.22,0.001,ASK
1444435427,1573.17,0.001,ASK
1444435427,1573.08,0.0801,ASK
1444435442,1573.33,0.02,BID
1444435444,1573.33,0.1553,BID
1444435444,1573.33,0.36,BID
1444435444,1573.33,0.06,BID
1444435444,1573.33,0.1437,BID
1444435444,1573.34,0.02,BID
1444435444,1573.35,0.0276,BID
1444435444,1573.35,0.2334,BID
1444435444,1573.08,0.1967,ASK
1444435454,1573.33,0.01,BID
1444435455,1573.33,0.0078,BID
1444435455,1573.34,0.0022,BID
1444435459,1573.28,0.001,ASK
1444435459,1573.11,0.0131,ASK
1444435486,1573.31,0.01,BID
1444435486,1573.32,0.149,BID
1444435486,1573.33,0.0115,BID
1444435486,1573.34,0.3533,BID
1444435486,1573.35,0.1061,BID
1444435486,1573.35,0.0276,BID
1444435486,1573.36,0.3425,BID
1444435503,1573.35,0.0105,BID
1444435503,1573.36,0.209,BID
1444435503,1573.44,0.001,BID
1444435503,1573.44,0.001,BID
1444435503,1573.58,0.0797,BID
1444435503,1573.59,0.1511,BID
1444435503,1573.59,0.5,BID
1444435503,1573.59,0.0477,BID
1444435506,1573.33,0.01,ASK
1444435507,1573.33,0.01,ASK
1444435508,1573.34,0.01,ASK
1444435510,1573.34,0.01,ASK
1444435515,1573.35,0.01,ASK
1444435518,1573.35,0.01,ASK
1444435519,1573.35,0.04,ASK
1444435519,1573.34,0.01,ASK
1444435520,1573.34,0.05,ASK
1444435524,1573.56,0.06,BID
1444435524,1573.57,0.1622,BID
1444435524,1573.58,0.0339,BID
1444435524,1573.58,0.0174,BID
1444435524,1573.59,0.6772,BID
1444435524,1573.59,0.0493,BID
1444435525,1573.34,0.01,ASK
1444435527,1573.35,0.01,ASK
1444435527,1573.35,0.01,ASK
1444435529,1573.35,0.01,ASK
1444435534,1573.36,0.01,ASK
1444435537,1573.37,0.01,ASK
1444435537,1573.37,0.0061,ASK
1444435537,1573.37,0.0039,ASK
1444435537,1573.53,16.0,ASK
1444435537,1573.53,0.757,ASK
1444435538,1573.37,0.01,ASK
1444435539,1573.54,0.1248,BID
1444435539,1573.55,0.0616,BID
1444435539,1573.58,0.0183,BID
1444435539,1573.59,0.2995,BID
1444435539,1573.59,0.1093,BID
1444435539,1573.59,0.0175,BID
1444435539,1573.6,0.369,BID
1444435540,1573.37,0.0039,ASK
1444435540,1573.37,0.0061,ASK
1444435542,1573.55,0.01,ASK
1444435542,1573.55,0.05,ASK
1444435543,1573.55,0.01,ASK
1444435544,1573.55,0.0548,ASK
1444435544,1573.54,0.0702,BID
1444435544,1573.54,0.125,BID
1444435544,1573.55,0.1248,ASK
1444435545,1573.55,0.01,ASK
1444435545,1573.55,0.1248,ASK
1444435546,1573.55,0.1,ASK
1444435547,1573.55,0.0548,ASK
1444435548,1573.55,0.65,ASK
1444435548,1573.55,0.01,ASK
1444435549,1573.55,0.01,ASK
1444435550,1573.55,0.01,ASK
1444435551,1573.55,0.01,ASK
1444435552,1573.55,0.01,ASK
1444435553,1573.55,0.05,ASK
1444435553,1573.55,0.1,ASK
1444435554,1573.55,0.01,ASK
1444435555,1573.55,0.01,ASK
1444435556,1573.55,0.01,ASK
1444435556,1573.55,0.1,ASK
1444435557,1573.55,0.5872,ASK
1444435558,1573.55,0.01,ASK
1444435559,1573.55,0.1,ASK
1444435559,1573.55,0.1616,ASK
1444435559,1573.48,0.001,ASK
1444435561,1573.39,0.01,ASK
1444435563,1573.39,0.01,ASK
1444435564,1573.45,0.0806,BID
1444435564,1573.59,0.0126,BID
1444435564,1573.59,0.0274,BID
1444435564,1573.6,0.8794,BID
1444435567,1573.46,0.01,ASK
1444435568,1573.46,0.01,ASK
1444435570,1573.46,0.01,ASK
1444435581,1573.46,0.0506,ASK
1444435581,1573.41,0.186,ASK
1444435584,1573.39,0.01,ASK
1444435606,1573.41,0.0134,BID
1444435606,1573.45,0.0806,BID
1444435606,1573.46,0.527,BID
1444435606,1573.59,0.186,BID
1444435606,1573.6,0.193,BID
1444435607,1573.4,0.01,ASK
1444435608,1573.42,3.0,BID
1444435608,1573.42,17.848,BID
1444435609,1573.41,0.01,ASK
1444435619,1573.4,0.01,ASK
1444435619,1573.6,1.0,BID
1444435621,1573.41,0.0701,ASK
1444435621,1573.4,0.0299,ASK
1444435622,1573.41,0.2201,ASK
1444435622,1573.4,0.3799,ASK
1444435622,1573.4,0.01,ASK
1444435622,1573.41,0.0696,ASK
1444435622,1573.4,0.342,ASK
1444435624,1573.38,0.03,ASK
1444435624,1573.36,0.07,ASK
1444435625,1573.36,0.01,ASK
1444435626,1573.36,0.0348,ASK
1444435626,1573.35,0.0316,ASK
1444435626,1573.34,0.0136,ASK
1444435631,1573.34,0.01,ASK
1444435635,1573.34,0.01,ASK
1444435643,1573.34,0.01,ASK
1444435644,1573.36,1.0,ASK
1444435644,1573.36,10.327,ASK
1444435649,1573.35,0.01,ASK
1444435655,1573.35,0.01,ASK
1444435655,1573.35,0.0843,ASK
1444435655,1573.34,0.0286,ASK
1444435655,1573.33,0.129,ASK
1444435656,1573.28,18.594,ASK
1444435658,1573.27,0.001,ASK
1444435680,1573.18,0.002,ASK
1444435680,1573.26,0.223,BID
1444435680,1573.27,0.777,BID
1444435681,1573.27,0.223,BID
1444435721,1573.12,0.3895,ASK
1444435722,1573.12,0.479,BID
1444435723,1573.11,0.352,BID
1444435723,1573.12,0.2837,BID
1444435724,1573.12,0.352,BID
1444435724,1573.12,0.6357,BID
1444435725,1573.12,1.0,BID
1444435726,1573.12,0.6357,BID
1444435727,1573.12,0.6357,BID
1444435728,1573.12,0.6357,BID
1444435730,1573.11,0.6357,BID
1444435731,1573.11,0.1461,BID
1444435731,1573.12,0.4896,BID
1444435732,1573.11,0.188,BID
1444435732,1573.12,0.4477,BID
1444435733,1573.12,0.1461,BID
1444435734,1573.12,0.6357,BID
1444435735,1573.12,0.6357,BID
1444435735,1573.1,0.01,ASK
1444435737,1573.12,0.6357,BID
1444435738,1573.12,0.6357,BID
1444435739,1573.12,0.6357,BID
1444435740,1573.12,0.6357,BID
1444435741,1573.12,0.6357,BID
1444435742,1573.12,0.6357,BID
1444435743,1573.12,0.6357,BID
1444435744,1573.12,0.6357,BID
1444435746,1573.12,0.6357,BID
1444435747,1573.12,0.6357,BID
1444435748,1573.12,0.6357,BID
1444435749,1573.12,0.6357,BID
1444435750,1573.12,0.6357,BID
1444435751,1573.12,1.0,BID
1444435751,1573.12,0.6357,BID
1444435752,1573.12,0.01,BID
1444435752,1573.12,0.6357,BID
1444435753,1573.12,0.6357,BID
1444435755,1573.12,0.6357,BID
1444435756,1573.12,0.0669,BID
1444435759,1573.13,0.01,ASK
1444435764,1573.13,0.01,ASK
1444435766,1573.14,0.0051,ASK
1444435766,1573.13,0.0049,ASK
1444435769,1573.13,0.6108,ASK
1444435769,1573.13,0.2202,ASK
1444435770,1573.13,0.4155,ASK
1444435771,1573.12,0.2345,BID
1444435771,1573.12,0.65,BID
1444435771,1573.24,0.0178,BID
1444435771,1573.25,0.0977,BID
1444435772,1573.14,0.01,ASK
1444435774,1573.14,0.01,ASK
1444435775,1573.14,0.01,ASK
1444435776,1573.23,0.0808,BID
1444435776,1573.24,0.0132,BID
1444435776,1573.25,0.2584,BID
1444435776,1573.25,0.0051,BID
1444435777,1573.26,0.01,ASK
1444435778,1573.26,0.01,ASK
1444435779,1573.26,0.01,ASK
1444435779,1573.26,0.01,ASK
1444435780,1573.26,0.01,ASK
1444435781,1573.26,0.01,ASK
1444435783,1573.26,0.01,ASK
1444435785,1573.26,0.5915,ASK
1444435785,1573.26,0.4085,ASK
1444435785,1573.26,0.01,ASK
1444435786,1573.26,0.5826,ASK
1444435788,1573.24,0.01,ASK
1444435789,1573.24,0.01,ASK
1444435791,1573.24,0.01,ASK
1444435798,1573.24,0.01,ASK
1444435800,1573.25,0.0674,BID
1444435800,1573.25,0.65,BID
1444435800,1573.27,0.001,BID
1444435800,1573.3,0.0114,BID
1444435800,1573.31,0.2281,BID
1444435800,1573.33,0.001,BID
1444435800,1573.34,0.001,BID
1444435800,1573.44,0.0401,BID
1444435803,1573.26,0.01,ASK
1444435804,1573.27,0.01,ASK
1444435805,1573.27,0.01,ASK
1444435808,1573.27,0.01,ASK
1444435810,1573.27,0.0018,ASK
1444435810,1573.27,0.0082,ASK
1444435816,1573.27,0.01,ASK
1444435816,1573.27,0.0013,ASK
1444435816,1573.27,0.0087,ASK
1444435819,1573.27,0.0013,ASK
1444435819,1573.27,0.0087,ASK
1444435823,1573.27,0.0013,ASK
1444435823,1573.27,0.0087,ASK
1444435829,1573.27,0.0094,ASK
1444435829,1573.26,0.0006,ASK
1444435832,1573.26,0.25,ASK
1444435834,1573.27,0.01,ASK
1444435835,1573.27,0.01,ASK
1444435835,1573.27,0.01,ASK
1444435836,1573.27,0.01,ASK
1444435839,1573.27,0.01,ASK
1444435839,1573.27,0.0584,ASK
1444435840,1573.26,0.0784,ASK
1444435843,1573.26,0.01,ASK
1444435844,1573.26,0.01,ASK
1444435845,1573.26,0.01,ASK
1444435847,1573.26,0.0669,ASK
1444435847,1573.26,0.01,ASK
1444435848,1573.26,0.1897,ASK
1444435850,1573.24,0.01,ASK
1444435853,1573.25,0.0869,BID
1444435853,1573.25,0.2766,BID
1444435853,1573.26,0.01,BID
1444435853,1573.26,0.1744,BID
1444435853,1573.27,0.4521,BID
1444435854,1573.26,0.0123,BID
1444435857,1573.26,0.01,ASK
1444435862,1573.26,0.3,ASK
1444435863,1573.26,0.0412,ASK
1444435864,1573.24,0.01,ASK
1444435865,1573.25,0.01,BID
1444435869,1573.24,0.01,ASK
1444435876,1573.25,0.001,BID
1444435878,1573.24,0.01,ASK
1444435885,1573.25,0.299,BID
1444435885,1573.25,0.3412,BID
1444435885,1573.27,0.3598,BID
1444435885,1573.24,0.0008,ASK
1444435885,1573.2,0.001,ASK
1444435886,1573.17,0.0082,BID
1444435888,1573.26,0.6274,ASK
1444435888,1573.14,0.0508,ASK
1444435896,1573.13,0.01,BID
1444435906,1573.13,0.0408,BID
1444435906,1573.14,0.9592,BID
1444435907,1573.14,0.0408,BID
1444435917,1573.14,0.7703,BID
1444435919,1573.27,0.01,BID
1444435921,1573.27,0.01,BID
1444435925,1573.27,0.01,BID
1444435927,1573.27,0.01,BID
1444435934,1573.17,0.01,ASK
1444435938,1573.17,0.01,ASK
1444435958,1573.17,0.01,ASK
1444435959,1573.26,0.2707,BID
1444435959,1573.26,0.1091,BID
1444435959,1573.27,0.6202,BID
1444435960,1573.27,0.3798,BID
1444435961,1573.26,8.0,BID
1444435961,1573.26,1.649,BID
1444435970,1573.17,0.0791,ASK
1444435970,1573.17,0.016,ASK
1444435970,1573.16,0.3202,ASK
1444435970,1573.16,0.0318,ASK
1444435970,1573.15,0.6357,ASK
1444435970,1573.11,0.0173,ASK
1444435970,1573.1,0.3455,ASK
1444435970,1573.07,0.2017,ASK
1444435970,1573.07,0.04,ASK
1444435970,1573.01,0.001,ASK
1444435970,1573.0,0.3,ASK
1444435970,1572.97,0.001,ASK
1444435970,1572.91,0.5,ASK
1444435970,1572.85,0.2277,ASK
1444435970,1572.83,4.9495,ASK
1444435971,1573.17,0.016,ASK
1444435973,1573.16,0.01,BID
1444435975,1573.15,0.01,BID
1444435976,1573.15,0.2779,BID
1444435976,1573.16,0.0691,BID
1444435976,1573.26,0.0334,BID
1444435976,1573.27,0.6196,BID
1444435977,1573.14,0.01,BID
1444435979,1573.14,0.01,ASK
1444435981,1573.14,0.01,BID
1444435986,1573.13,0.06,BID
1444435986,1573.14,0.197,BID
1444435986,1573.14,0.0002,BID
1444435989,1573.16,0.0128,ASK
1444435989,1573.15,0.2143,ASK
1444435991,1573.16,0.0128,ASK
1444435991,1573.15,0.0425,ASK
1444435991,1573.14,0.06,ASK
1444435992,1573.14,0.001,BID
1444436005,1573.12,0.1853,BID
1444436005,1573.13,0.1509,BID
1444436005,1573.14,0.1405,BID
1444436005,1573.26,0.0333,BID
1444436005,1573.26,0.0128,BID
1444436005,1573.26,0.0128,BID
1444436005,1573.27,0.4644,BID
1444436023,1573.26,0.1348,BID
1444436023,1573.27,0.8652,BID
1444436024,1573.27,0.6356,BID
1444436032,1573.27,0.12,BID
1444436033,1573.27,0.6356,BID
1444436034,1573.27,0.6356,BID
1444436035,1573.27,0.6356,BID
1444436036,1573.27,0.6356,BID
1444436036,1573.27,0.01,BID
1444436037,1573.27,0.12,BID
1444436037,1573.27,0.12,BID
1444436037,1573.27,0.6356,BID
1444436039,1573.27,0.6356,BID
1444436040,1573.27,0.6356,BID
1444436041,1573.27,1.0,BID
1444436041,1573.27,0.1857,BID
1444436041,1573.27,0.4499,BID
1444436042,1573.27,0.6356,BID
1444436043,1573.27,0.6356,BID
1444436044,1573.27,0.6356,BID
1444436045,1573.27,0.3352,BID
1444436052,1573.3,0.161,BID
1444436052,1573.31,0.001,BID
1444436052,1573.36,0.1084,BID
1444436052,1573.36,1.0,BID
1444436052,1573.37,0.001,BID
1444436052,1573.39,0.001,BID
1444436052,1573.45,0.001,BID
1444436052,1573.5,0.001,BID
1444436052,1573.51,0.001,BID
1444436052,1573.51,0.001,BID
1444436052,1573.51,0.001,BID
1444436052,1573.52,0.001,BID
1444436052,1573.52,0.001,BID
1444436052,1573.53,0.001,BID
1444436052,1573.55,0.5,BID
1444436052,1573.56,0.1408,BID
1444436052,1573.56,0.1043,BID
1444436052,1573.56,0.001,BID
1444436052,1573.58,0.1413,BID
1444436052,1573.6,3.1172,BID
1444436058,1573.59,0.0186,BID
1444436058,1573.6,0.9814,BID
1444436061,1573.32,0.0186,ASK
1444436061,1573.31,0.161,ASK
1444436061,1573.3,0.0204,ASK
1444436061,1573.3,0.0186,ASK
1444436067,1573.34,0.01,ASK
1444436069,1573.34,0.01,ASK
1444436071,1573.59,0.0434,BID
1444436071,1573.6,0.9566,BID
1444436081,1573.36,0.01,ASK
1444436083,1573.36,0.0155,ASK
1444436083,1573.35,0.0545,ASK
1444436091,1573.38,0.01,ASK
1444436096,1573.38,0.01,ASK
1444436098,1573.39,0.01,ASK
1444436099,1573.39,0.01,ASK
1444436100,1573.57,0.02,BID
1444436100,1573.57,0.0155,BID
1444436100,1573.57,0.01,BID
1444436100,1573.58,0.9545,BID
1444436102,1573.4,0.0701,ASK
1444436102,1573.4,0.01,ASK
1444436102,1573.4,0.36,ASK
1444436103,1573.41,0.0201,ASK
1444436103,1573.4,0.0315,ASK
1444436103,1573.39,0.0185,ASK
1444436104,1573.4,0.0696,ASK
1444436104,1573.39,0.402,ASK
1444436104,1573.41,0.0201,ASK
1444436106,1573.38,0.06,ASK
1444436106,1573.38,0.0096,ASK
1444436114,1573.38,0.0065,ASK
1444436115,1573.37,0.01,ASK
1444436116,1573.37,0.0035,ASK
1444436118,1573.39,0.4515,BID
1444436118,1573.39,0.0315,BID
1444436118,1573.58,0.022,BID
1444436118,1573.59,0.4405,BID
1444436118,1573.59,0.0545,BID
1444436118,1573.37,0.3078,ASK
1444436118,1573.36,0.0197,ASK
1444436118,1573.35,0.1057,ASK
1444436118,1573.35,0.2892,ASK
1444436118,1573.34,0.0177,ASK
1444436118,1573.29,0.1142,ASK
1444436118,1573.28,0.3004,ASK
1444436118,1573.28,0.0253,ASK
1444436119,1573.4,0.0197,ASK
1444436120,1573.4,0.01,ASK
1444436121,1573.4,0.01,ASK
1444436121,1573.4,0.4433,ASK
1444436121,1573.28,0.138,ASK
1444436122,1573.29,4.0,ASK
1444436122,1573.29,9.0,ASK
1444436122,1573.29,7.187,ASK
1444436124,1573.28,0.01,ASK
1444436125,1573.28,0.01,ASK
1444436126,1573.29,0.1,ASK
1444436127,1573.29,0.01,ASK
1444436127,1573.29,0.01,ASK
1444436129,1573.29,0.01,ASK
1444436130,1573.29,0.05,ASK
1444436131,1573.31,0.001,ASK
1444436131,1573.29,0.649,ASK
1444436131,1573.29,0.01,ASK
1444436132,1573.29,0.5731,ASK
1444436132,1573.28,0.0769,ASK
1444436133,1573.28,0.01,ASK
1444436134,1573.29,0.01,BID
1444436134,1573.36,0.0234,BID
1444436134,1573.37,0.4686,BID
1444436134,1573.38,0.0115,BID
1444436134,1573.38,0.0117,BID
1444436134,1573.39,0.4633,BID
1444436134,1573.59,0.0115,BID
1444436135,1573.29,14.863,BID
1444436135,1573.35,0.0234,BID
1444436138,1573.3,0.01,ASK
1444436138,1573.29,0.007,ASK
1444436138,1573.29,0.01,ASK
1444436144,1573.29,0.01,ASK
1444436145,1573.29,0.01,ASK
1444436148,1573.3,0.01,ASK
1444436149,1573.3,0.01,ASK
1444436152,1573.3,0.01,ASK
1444436153,1573.3,0.01,ASK
1444436153,1573.45,0.0114,BID
1444436153,1573.46,0.2277,BID
1444436153,1573.47,0.0201,BID
1444436153,1573.48,0.4028,BID
1444436153,1573.49,0.06,BID
1444436153,1573.58,0.0706,BID
1444436153,1573.59,0.2074,BID
1444436153,1573.3,0.01,ASK
1444436157,1573.3,0.01,ASK
1444436158,1573.3,0.01,ASK
1444436160,1573.44,0.237,BID
1444436160,1573.44,0.01,ASK
1444436161,1573.45,14.618,BID
1444436161,1573.44,0.0449,ASK
1444436162,1573.45,0.01,ASK
1444436162,1573.45,0.227,ASK
1444436162,1573.44,0.373,ASK
1444436163,1573.44,0.01,ASK
1444436163,1573.44,0.65,ASK
1444436164,1573.44,0.1,ASK
1444436164,1573.44,0.01,ASK
1444436165,1573.45,10.011,ASK
1444436165,1573.44,0.01,ASK
1444436165,1573.44,0.01,ASK
1444436165,1573.44,0.65,ASK
1444436167,1573.44,0.65,ASK
1444436168,1573.44,0.1,ASK
1444436168,1573.44,0.65,ASK
1444436169,1573.44,0.3009,ASK
1444436169,1573.44,0.65,ASK
1444436170,1573.44,0.65,ASK
1444436170,1573.44,0.1,ASK
1444436171,1573.45,0.2441,ASK
1444436171,1573.44,0.4059,ASK
1444436172,1573.44,0.65,ASK
1444436173,1573.44,0.1,ASK
1444436173,1573.44,0.65,ASK
1444436173,1573.45,8.0,ASK
1444436173,1573.45,1.019,ASK
1444436174,1573.56,19.903,ASK
1444436174,1573.44,0.01,ASK
1444436174,1573.44,0.65,ASK
1444436175,1573.44,0.65,ASK
1444436176,1573.44,0.1,ASK
1444436176,1573.45,0.1032,ASK
1444436176,1573.44,0.5468,ASK
1444436177,1573.44,0.65,ASK
1444436178,1573.44,0.3815,ASK
1444436178,1573.43,0.2685,BID
1444436178,1573.56,0.0117,BID
1444436178,1573.57,0.2338,BID
1444436178,1573.58,0.0386,BID
1444436178,1573.58,0.0216,BID
1444436178,1573.59,0.4258,BID
1444436179,1573.45,0.0191,ASK
1444436182,1573.32,0.01,ASK
1444436183,1573.32,0.0099,ASK
1444436183,1573.31,0.0449,ASK
1444436183,1573.31,0.0452,ASK
1444436190,1573.33,0.01,ASK
1444436194,1573.43,0.6309,BID
1444436194,1573.58,0.0389,BID
1444436194,1573.59,0.3302,BID
1444436194,1573.33,0.01,ASK
1444436195,1573.42,0.0272,BID
1444436195,1573.42,0.0199,BID
1444436198,1573.44,0.01,ASK
1444436199,1573.44,0.1,ASK
1444436202,1573.44,0.1,ASK
1444436203,1573.44,0.3738,ASK
1444436203,1573.43,0.0272,ASK
1444436203,1573.43,0.0728,BID
1444436204,1573.45,0.1977,ASK
1444436204,1573.45,0.048,ASK
1444436205,1573.42,0.1,ASK
1444436206,1573.42,0.01,ASK
1444436211,1573.42,0.03,ASK
1444436211,1573.33,0.0072,ASK
1444436211,1573.32,0.0175,ASK
1444436211,1573.31,0.0453,ASK
1444436214,1573.41,0.03,BID
1444436214,1573.42,0.0114,BID
1444436214,1573.43,0.2281,BID
1444436214,1573.57,0.048,BID
1444436214,1573.58,0.0285,BID
1444436214,1573.59,0.4487,BID
1444436214,1573.59,0.0249,BID
1444436214,1573.6,0.1804,BID
1444436216,1573.42,0.01,ASK
1444436224,1573.43,0.01,ASK
1444436224,1573.57,0.0215,BID
1444436224,1573.58,0.2374,BID
1444436224,1573.58,0.1923,BID
1444436226,1573.59,0.4,ASK
1444436226,1573.59,0.0297,ASK
1444436226,1573.58,0.7703,ASK
1444436226,1573.58,0.4,ASK
1444436226,1573.58,0.4763,ASK
1444436227,1573.43,0.0893,BID
1444436227,1573.57,0.1237,BID
1444436228,1573.58,0.65,ASK
1444436229,1573.58,0.01,ASK
1444436231,1573.58,1.0,ASK
1444436232,1573.58,0.6641,ASK
1444436232,1573.44,0.1873,ASK
1444436240,1573.42,0.02,ASK
1444436240,1573.39,0.001,ASK
1444436245,1573.34,0.079,BID
1444436245,1573.44,0.1486,BID
1444436245,1573.56,0.0325,BID
1444436245,1573.56,0.0207,BID
1444436245,1573.57,0.65,BID
1444436245,1573.57,0.0692,BID
1444436247,1573.46,1.0,BID
1444436247,1573.46,3.0,BID
1444436247,1573.46,1.221,BID
1444436252,1573.45,0.01,ASK
1444436260,1573.47,0.01,ASK
1444436263,1573.56,0.1251,BID
1444436263,1573.56,0.01,BID
1444436263,1573.57,0.5808,BID
1444436263,1573.59,0.01,BID
1444436263,1573.6,0.4541,BID
1444436269,1573.57,0.01,ASK
1444436277,1573.6,1.0,BID
1444436277,1573.57,0.01,ASK
1444436278,1573.57,0.04,ASK
1444436278,1573.6,0.6355,BID
1444436279,1573.57,0.0751,ASK
1444436285,1573.47,0.0001,ASK
1444436285,1573.47,0.0099,ASK
1444436308,1573.47,0.0001,ASK
1444436308,1573.47,0.01,ASK
1444436308,1573.46,0.0899,ASK
1444436311,1573.56,0.05,BID
1444436311,1573.56,0.1251,BID
1444436311,1573.59,0.01,BID
1444436311,1573.59,0.0101,BID
1444436311,1573.6,0.8048,BID
1444436313,1573.57,0.01,ASK
1444436315,1573.57,0.1,ASK
1444436316,1573.57,0.0651,ASK
1444436318,1573.46,0.1,ASK
1444436321,1573.46,0.01,ASK
1444436328,1573.46,0.0019,ASK
1444436329,1573.45,0.01,ASK
1444436333,1573.46,1.0,BID
1444436334,1573.46,0.01,BID
1444436334,1573.46,0.6355,BID
1444436335,1573.46,0.6355,BID
1444436336,1573.46,0.6355,BID
1444436337,1573.46,0.6355,BID
1444436338,1573.45,0.01,ASK
1444436338,1573.46,0.6355,BID
1444436339,1573.45,0.01,ASK
1444436339,1573.46,0.6355,BID
1444436340,1573.46,0.01,BID
1444436340,1573.46,0.6355,BID
1444436341,1573.46,0.6355,BID
1444436342,1573.45,0.01,ASK
1444436342,1573.46,0.6355,BID
1444436342,1573.45,0.0986,ASK
1444436343,1573.45,0.6355,BID
1444436344,1573.45,0.01,BID
1444436346,1573.43,0.01,ASK
1444436346,1573.43,0.01,ASK
1444436356,1573.45,0.01,BID
1444436358,1573.43,0.01,ASK
1444436370,1573.45,1.0,BID
1444436371,1573.45,0.6355,BID
1444436372,1573.43,0.01,ASK
1444436372,1573.45,0.2934,BID
1444436372,1573.46,0.3421,BID
1444436373,1573.46,0.6355,BID
1444436376,1573.46,0.01,BID
1444436379,1573.44,0.01,ASK
1444436380,1573.45,0.01,BID
1444436380,1573.46,0.393,BID
1444436381,1573.46,0.5928,BID
1444436383,1573.56,0.11,BID
1444436383,1573.56,0.1751,BID
1444436383,1573.6,0.7149,BID
1444436392,1573.57,0.01,ASK
1444436399,1573.57,0.01,ASK
1444436407,1573.57,0.01,ASK
1444436415,1573.57,0.01,ASK
1444436419,1573.6,0.387,BID
1444436420,1573.6,0.6355,BID
1444436421,1573.6,0.6355,BID
1444436422,1573.6,0.6355,BID
1444436423,1573.6,0.6355,BID
1444436423,1573.58,0.01,ASK
1444436424,1573.6,0.6355,BID
1444436425,1573.59,0.01,BID
1444436425,1573.6,0.99,BID
1444436425,1573.6,0.6355,BID
1444436430,1573.6,0.01,BID
1444436431,1573.58,0.0023,ASK
1444436431,1573.58,0.0077,ASK
1444436439,1573.58,0.0023,ASK
1444436439,1573.58,0.0077,ASK
1444436448,1573.58,0.0023,ASK
1444436448,1573.58,0.0077,ASK
1444436469,1573.58,0.0023,ASK
1444436469,1573.58,0.01,ASK
1444436469,1573.57,0.0277,ASK
1444436471,1573.59,0.01,BID
1444436471,1573.59,0.01,BID
1444436471,1573.59,0.01,BID
1444436471,1573.6,0.97,BID
1444436473,1573.59,0.01,BID
1444436482,1573.58,0.01,ASK
1444436490,1573.58,0.0023,ASK
1444436490,1573.57,0.0077,ASK
1444436493,1573.58,0.01,ASK
1444436498,1573.58,0.0005,ASK
1444436498,1573.58,0.0095,ASK
1444436499,1573.59,0.0023,BID
1444436499,1573.59,0.01,BID
1444436499,1573.59,0.0123,BID
1444436499,1573.6,0.9754,BID
1444436500,1573.59,0.01,ASK
1444436502,1573.58,0.0005,ASK
1444436502,1573.58,0.0095,ASK
1444436502,1573.58,0.0005,ASK
1444436502,1573.57,0.0095,ASK
1444436503,1573.59,0.01,BID
1444436503,1573.6,1.17,BID
1444436506,1573.58,0.01,ASK
1444436513,1573.59,0.0105,BID
1444436513,1573.6,1.1695,BID
1444436514,1573.58,0.01,ASK
1444436516,1573.59,0.01,BID
1444436523,1573.58,0.01,ASK
1444436531,1573.59,0.01,BID
1444436531,1573.6,0.7003,BID
1444436531,1573.6,0.2897,BID
1444436545,1573.58,0.01,ASK
1444436545,1573.57,0.09,ASK
1444436546,1573.57,0.1102,ASK
1444436546,1573.55,0.05,ASK
1444436546,1573.48,0.0318,ASK
1444436546,1573.47,0.0427,ASK
1444436546,1573.47,0.1683,ASK
1444436548,1573.48,0.01,ASK
1444436550,1573.48,0.0112,ASK
1444436550,1573.48,0.01,ASK
1444436550,1573.47,0.4245,ASK
1444436551,1573.43,0.01,ASK
1444436551,1573.47,0.001,BID
1444436553,1573.46,0.001,BID
1444436553,1573.47,0.009,BID
1444436559,1573.46,0.001,BID
1444436559,1573.46,0.001,BID
1444436559,1573.46,0.001,BID
1444436559,1573.46,0.001,BID
1444436559,1573.47,0.996,BID
1444436572,1573.46,0.001,BID
1444436572,1573.46,0.001,BID
1444436572,1573.46,0.001,BID
1444436572,1573.46,0.001,BID
1444436588,1573.46,0.366,ASK
1444436589,1573.46,0.65,ASK
1444436590,1573.46,0.65,ASK
1444436590,1573.47,0.01,BID
1444436591,1573.46,0.65,ASK
1444436592,1573.47,0.01,BID
1444436592,1573.46,0.0938,ASK
1444436592,1573.46,0.1271,ASK
1444436593,1573.45,0.4291,BID
1444436593,1573.47,0.3909,BID
1444436594,1573.45,0.01,BID
1444436594,1573.45,0.6355,BID
1444436595,1573.45,0.0045,BID
1444436595,1573.47,0.5852,BID
1444436596,1573.47,0.02,ASK
1444436598,1573.57,0.01,BID
1444436605,1573.59,0.001,BID
1444436605,1573.59,0.0162,BID
1444436605,1573.59,0.0268,BID
1444436605,1573.6,0.956,BID
1444436607,1573.48,0.01,BID
1444436607,1573.48,0.009,BID
1444436607,1573.6,0.0082,BID
1444436613,1573.6,0.4673,BID
1444436614,1573.6,0.6355,BID
1444436615,1573.6,0.6355,BID
1444436616,1573.6,0.6355,BID
1444436617,1573.6,0.3723,BID
1444436618,1573.61,0.1124,ASK
1444436619,1573.61,0.1508,ASK
1444436619,1573.61,0.0677,ASK
1444436620,1573.61,0.2632,ASK
1444436621,1573.61,0.02,ASK
1444436621,1573.61,0.1508,ASK
1444436622,1573.62,0.01,BID
1444436622,1573.61,0.1338,ASK
1444436622,1573.61,0.434,ASK
1444436623,1573.61,0.65,ASK
1444436624,1573.62,0.01,BID
1444436624,1573.61,0.001,ASK
1444436624,1573.61,0.65,ASK
1444436626,1573.61,0.65,ASK
1444436626,1573.62,1.412,BID
1444436627,1573.61,0.0626,ASK
1444436632,1573.6,0.5874,BID
1444436632,1573.6,0.65,BID
1444436635,1573.61,0.6355,ASK
1444436635,1573.61,0.1124,ASK
1444436635,1573.6,2.248,ASK
1444436635,1573.56,0.001,ASK
1444436635,1573.44,0.001,ASK
1444436635,1573.44,0.001,ASK
1444436635,1573.44,0.001,ASK
1444436635,1573.44,0.001,ASK
1444436635,1573.44,0.001,ASK
1444436635,1573.44,0.001,ASK
1444436635,1573.44,0.001,ASK
1444436635,1573.44,0.001,ASK
1444436635,1573.44,0.01,ASK
1444436635,1573.43,0.2,ASK
1444436635,1573.43,0.001,ASK
1444436635,1573.4,0.06,ASK
1444436635,1573.31,0.3266,ASK
1444436635,1573.31,0.001,ASK
1444436635,1573.3,0.1577,ASK
1444436635,1573.3,0.001,ASK
1444436635,1573.18,0.5,ASK
1444436635,1573.17,0.3324,ASK
1444436635,1573.16,0.1348,ASK
1444436635,1573.15,0.1413,ASK
1444436635,1573.15,0.001,ASK
1444436635,1573.13,1.8917,ASK
1444436637,1573.59,0.01,BID
1444436639,1573.58,0.01,BID
1444436645,1573.54,0.01,BID
1444436645,1573.57,0.3482,BID
1444436645,1573.57,0.06,BID
1444436645,1573.58,0.022,BID
1444436645,1573.58,0.01,BID
1444436645,1573.59,0.5498,BID
1444436646,1573.58,11.462,BID
1444436663,1573.49,0.0328,ASK
1444436663,1573.48,0.0272,ASK
1444436664,1573.48,0.0328,ASK
1444436671,1573.56,0.017,BID
1444436671,1573.57,0.3395,BID
1444436671,1573.59,0.0902,BID
1444436671,1573.62,0.0197,BID
1444436671,1573.7,0.001,BID
1444436671,1573.7,0.001,BID
1444436671,1573.7,0.001,BID
1444436671,1573.7,0.001,BID
1444436671,1573.71,0.001,BID
1444436671,1573.71,0.001,BID
1444436671,1573.72,0.001,BID
1444436671,1573.73,0.001,BID
1444436671,1573.73,0.001,BID
1444436671,1573.73,0.001,BID
1444436671,1573.74,0.001,BID
1444436671,1573.75,0.003,BID
1444436671,1573.77,0.001,BID
1444436671,1573.77,0.001,BID
1444436671,1573.78,0.001,BID
1444436671,1573.78,0.0251,BID
1444436671,1573.79,0.4915,BID
1444436674,1573.49,0.0244,ASK
1444436674,1573.48,0.44,ASK
1444436674,1573.48,0.0591,ASK
1444436674,1573.48,0.017,ASK
1444436674,1573.38,0.1938,ASK
1444436679,1573.51,0.01,ASK
1444436688,1573.52,0.01,ASK
1444436691,1573.53,0.01,ASK
1444436693,1573.73,0.0265,BID
1444436693,1573.74,0.1843,BID
1444436695,1573.73,0.0109,BID
1444436695,1573.74,0.01,BID
1444436695,1573.74,0.0192,BID
1444436695,1573.75,0.3741,BID
1444436695,1573.75,0.125,BID
1444436695,1573.75,0.0002,BID
1444436696,1573.58,1.0,ASK
1444436696,1573.59,0.01,ASK
1444436696,1573.72,0.3451,BID
1444436696,1573.75,0.0008,BID
1444436696,1573.76,0.2174,BID
1444436696,1573.77,0.0149,BID
1444436696,1573.79,0.0085,BID
1444436696,1573.79,0.001,BID
1444436696,1573.79,0.001,BID
1444436696,1573.79,0.001,BID
1444436696,1573.8,0.001,BID
1444436696,1573.8,0.001,BID
1444436696,1573.8,0.001,BID
1444436696,1573.81,0.001,BID
1444436696,1573.82,0.001,BID
1444436696,1573.82,0.001,BID
1444436696,1573.82,0.001,BID
1444436696,1573.83,0.001,BID
1444436696,1573.84,0.001,BID
1444436696,1573.84,0.001,BID
1444436696,1573.84,0.001,BID
1444436696,1573.84,0.001,BID
1444436696,1573.84,0.001,BID
1444436696,1573.84,0.001,BID
1444436696,1573.96,0.3963,BID
1444436697,1573.59,0.0028,ASK
1444436697,1573.59,0.0372,ASK
1444436697,1573.53,0.3641,ASK
1444436697,1573.52,0.05,ASK
1444436697,1573.51,0.0149,ASK
1444436697,1573.5,0.1389,ASK
1444436697,1573.56,17.0,BID
1444436697,1573.56,4.478,BID
1444436699,1573.57,0.0814,BID
1444436700,1573.57,0.5286,BID
1444436700,1573.58,0.0128,BID
1444436700,1573.73,17.075,BID
1444436702,1573.58,0.0686,ASK
1444436704,1573.59,0.0686,ASK
1444436705,1573.59,0.01,ASK
1444436705,1573.59,0.4509,ASK
1444436705,1573.58,0.0786,ASK
1444436706,1573.59,0.0305,ASK
1444436706,1573.58,0.499,ASK
1444436707,1573.58,0.0324,ASK
1444436707,1573.54,0.01,ASK
1444436707,1573.51,0.0177,ASK
1444436707,1573.5,0.0725,ASK
1444436707,1573.59,0.01,BID
1444436708,1573.59,0.0166,ASK
1444436708,1573.5,0.0324,ASK
1444436712,1573.5,0.17,ASK
1444436712,1573.53,10.0,ASK
1444436712,1573.53,2.462,ASK
1444436713,1573.5,0.0788,ASK
1444436713,1573.49,0.17,BID
1444436713,1573.54,0.83,BID
1444436729,1573.48,0.4244,BID
1444436729,1573.49,0.2488,BID
1444436729,1573.53,0.5,BID
1444436729,1573.53,0.076,BID
1444436729,1573.53,0.0222,BID
1444436729,1573.53,0.0266,BID
1444436729,1573.53,1.282,BID
1444436784,1573.53,0.13,BID
1444436784,1573.53,0.0434,BID
1444436784,1573.53,0.1037,BID
1444436784,1573.53,0.4413,BID
1444436784,1573.54,1.2816,BID
1444436785,1573.54,0.6355,BID
1444436786,1573.54,0.01,BID
1444436788,1573.54,0.01,BID
1444436796,1573.53,0.001,ASK
1444436798,1573.54,0.01,BID
1444436801,1573.54,0.01,BID
1444436802,1573.54,0.5,BID
1444436803,1573.54,0.6355,BID
1444436803,1573.54,0.01,BID
1444436804,1573.53,0.03,ASK
1444436804,1573.54,0.6355,BID
1444436805,1573.53,0.6,ASK
1444436806,1573.53,0.01,ASK
1444436806,1573.53,0.65,ASK
1444436807,1573.54,1.0319,BID
1444436807,1573.54,0.001,BID
1444436807,1573.54,0.3791,ASK
1444436807,1573.53,0.2709,ASK
1444436812,1573.55,0.6355,ASK
1444436812,1573.53,4.539,ASK
1444436813,1573.5,0.01,ASK
1444436836,1573.51,0.01,ASK
1444436837,1573.52,0.65,BID
1444436837,1573.52,0.35,BID
1444436838,1573.52,0.15,BID
1444436838,1573.52,0.4855,BID
1444436839,1573.52,0.6355,BID
1444436840,1573.52,0.01,BID
1444436840,1573.52,0.281,BID
1444436840,1573.53,0.3545,BID
1444436841,1573.53,0.6355,BID
1444436844,1573.51,0.01,ASK
1444436850,1573.51,0.0063,ASK
1444436852,1573.51,0.01,ASK
1444436861,1573.51,0.01,ASK
1444436864,1573.51,0.01,ASK
1444436865,1573.51,0.79,ASK
1444436866,1573.53,1.0,BID
1444436866,1573.51,0.65,ASK
1444436866,1573.51,0.01,ASK
1444436867,1573.53,0.6355,BID
1444436868,1573.53,0.6355,BID
1444436869,1573.51,0.01,ASK
1444436869,1573.53,0.6355,BID
1444436869,1573.51,0.01,ASK
1444436870,1573.51,0.294,ASK
1444436870,1573.51,0.274,ASK
1444436870,1573.51,0.294,ASK
1444436870,1573.51,0.179,ASK
1444436870,1573.51,0.179,ASK
1444436871,1573.51,0.01,ASK
1444436871,1573.51,0.65,ASK
1444436872,1573.51,0.65,ASK
1444436873,1573.51,0.061,ASK
1444436873,1573.51,0.65,ASK
1444436874,1573.51,0.65,ASK
1444436875,1573.51,0.65,ASK
1444436876,1573.51,0.65,ASK
1444436877,1573.51,0.65,ASK
1444436877,1573.51,0.01,ASK
1444436878,1573.51,1.18,ASK
1444436878,1573.51,0.65,ASK
1444436879,1573.51,0.65,ASK
1444436880,1573.51,0.6427,ASK
1444436880,1573.5,0.0073,ASK
1444436882,1573.51,0.005,ASK
1444436882,1573.5,0.1727,ASK
1444436883,1573.5,0.005,BID
1444436885,1573.49,0.01,ASK
1444436888,1573.5,0.01,BID
1444436890,1573.49,0.01,ASK
1444436893,1573.49,0.01,ASK
1444436896,1573.5,0.01,BID
1444436911,1573.5,0.4473,BID
1444436911,1573.5,0.005,BID
1444436911,1573.5,0.005,BID
1444436911,1573.5,0.005,BID
1444436911,1573.52,0.001,BID
1444436911,1573.52,0.005,BID
1444436911,1573.52,0.005,BID
1444436911,1573.53,0.5267,BID
1444436922,1573.51,0.01,ASK
1444436930,1573.51,0.01,ASK
1444436933,1573.53,1.0,BID
1444436934,1573.53,0.6355,BID
1444436935,1573.53,0.6355,BID
1444436936,1573.53,0.6355,BID
1444436937,1573.51,0.01,ASK
1444436938,1573.53,0.6355,BID
1444436938,1573.52,0.01,ASK
1444436939,1573.53,0.6355,BID
1444436940,1573.53,0.6355,BID
1444436941,1573.53,0.6355,BID
1444436943,1573.53,0.6355,BID
1444436944,1573.53,0.6355,BID
1444436945,1573.53,0.6355,BID
1444436946,1573.53,0.6355,BID
1444436946,1573.52,0.01,ASK
1444436949,1573.52,0.0026,ASK
1444436949,1573.52,0.0195,ASK
1444436949,1573.51,0.0729,ASK
1444436950,1573.51,0.01,ASK
1444436954,1573.52,0.01,ASK
1444436956,1573.52,0.0095,ASK
1444436956,1573.51,0.0005,ASK
1444436956,1573.53,2.2078,BID
1444436956,1573.53,0.001,BID
1444436956,1573.53,1.7022,ASK
1444436959,1573.52,0.4973,BID
1444436965,1573.56,0.01,BID
1444436965,1573.56,0.01,BID
1444436965,1573.57,0.5314,BID
1444436965,1573.57,0.0195,BID
1444436965,1573.58,0.4291,BID
1444436966,1573.52,0.01,ASK
1444436967,1573.53,0.0457,ASK
1444436967,1573.52,0.0543,ASK
1444436968,1573.53,0.0452,ASK
1444436968,1573.52,0.6048,ASK
1444436969,1573.53,0.0434,ASK
1444436969,1573.52,0.2456,ASK
1444436969,1573.51,0.3589,ASK
1444436970,1573.51,0.0021,BID
1444436970,1573.53,0.0111,ASK
1444436970,1573.52,0.0179,ASK
1444436972,1573.51,0.02,BID
1444436976,1573.5,0.01,ASK
1444436979,1573.5,0.0038,ASK
1444436979,1573.49,0.0062,ASK
1444436981,1573.51,0.601,BID
1444436981,1573.55,0.001,BID
1444436981,1573.57,0.0167,BID
1444436981,1573.58,0.0152,BID
1444436981,1573.58,0.319,BID
1444436981,1573.6,0.001,BID
1444436981,1573.62,0.001,BID
1444436981,1573.63,0.001,BID
1444436981,1573.68,0.001,BID
1444436981,1573.74,0.0431,BID
1444436984,1573.53,0.01,ASK
1444436986,1573.53,0.0067,ASK
1444436986,1573.52,0.0233,ASK
1444436996,1573.63,0.01,BID
1444437024,1573.54,0.01,ASK
1444437024,1573.53,0.04,ASK
1444437031,1573.61,0.0265,BID
1444437031,1573.62,0.1589,BID
1444437031,1573.62,0.5295,BID
1444437031,1573.63,0.0152,BID
1444437031,1573.64,0.2699,BID
1444437035,1573.62,0.0265,ASK
1444437040,1573.55,0.01,BID
1444437043,1573.61,0.01,BID
1444437048,1573.54,0.01,ASK
1444437053,1573.61,0.01,BID
1444437053,1573.6,1.0,ASK
1444437053,1573.6,0.05,ASK
1444437054,1573.6,0.047,ASK
1444437055,1573.6,0.65,ASK
1444437055,1573.61,0.0065,BID
1444437056,1573.61,0.4935,ASK
1444437056,1573.6,0.1565,ASK
1444437057,1573.6,0.65,ASK
1444437058,1573.6,0.01,ASK
1444437060,1573.61,0.0235,ASK
1444437061,1573.61,0.4765,ASK
1444437061,1573.6,0.5235,ASK
1444437062,1573.6,0.0846,ASK
1444437062,1573.6,0.65,ASK
1444437063,1573.6,1.0,ASK
1444437064,1573.64,0.034,BID
1444437064,1573.71,0.001,BID
1444437064,1573.74,0.0383,BID
1444437064,1573.76,0.001,BID
1444437064,1573.77,0.001,BID
1444437064,1573.77,0.001,BID
1444437064,1573.78,0.001,BID
1444437064,1573.86,0.001,BID
1444437064,1573.88,0.001,BID
1444437064,1573.97,0.001,BID
1444437064,1573.98,0.0139,BID
1444437064,1573.99,0.2789,BID
1444437064,1573.99,0.0414,BID
1444437064,1574.0,0.5288,BID
1444437064,1574.0,0.0567,BID
1444437064,1573.6,0.65,ASK
1444437065,1573.64,0.01,ASK
1444437065,1573.6,0.99,ASK
1444437065,1573.66,18.149,BID
1444437066,1573.65,0.034,ASK
1444437066,1573.6,0.616,ASK
1444437067,1573.6,0.01,ASK
1444437067,1573.6,0.034,ASK
1444437067,1573.6,0.01,ASK
1444437067,1573.6,0.65,ASK
1444437069,1573.61,0.2282,ASK
1444437076,1573.62,0.01,ASK
1444437081,1573.76,0.01,BID
1444437081,1573.62,0.01,ASK
1444437083,1573.62,0.0501,ASK
1444437084,1573.62,0.2795,ASK
1444437084,1573.62,0.0628,ASK
1444437084,1573.61,0.0501,ASK
1444437084,1573.61,0.01,ASK
1444437085,1573.63,0.372,ASK
1444437085,1573.61,0.0204,ASK
1444437094,1573.61,0.01,ASK
1444437111,1573.63,0.01,ASK
1444437119,1573.63,0.0019,ASK
1444437119,1573.62,0.0081,ASK
1444437123,1573.62,0.01,ASK
1444437127,1573.62,0.01,ASK
1444437130,1573.62,0.05,ASK
1444437131,1573.62,0.2847,ASK
1444437133,1573.61,0.01,BID
1444437135,1573.6,0.01,ASK
1444437143,1573.6,0.01,ASK
1444437151,1573.6,0.01,ASK
1444437152,1573.61,0.04,BID
1444437152,1573.61,0.3347,BID
1444437152,1573.7,0.0264,BID
1444437152,1573.73,0.0257,BID
1444437152,1573.74,0.1506,BID
1444437152,1573.74,0.3628,BID
1444437152,1573.76,0.0275,BID
1444437152,1573.79,0.0323,BID
1444437162,1573.63,0.01,ASK
1444437170,1573.63,0.0037,ASK
1444437170,1573.63,0.0063,ASK
1444437172,1573.7,0.0114,BID
1444437172,1573.72,0.1489,BID
1444437172,1573.79,0.0305,BID
1444437172,1573.99,0.0122,BID
1444437172,1574.0,0.2433,BID
1444437172,1574.01,0.001,BID
1444437172,1574.02,0.0541,BID
1444437172,1574.02,0.0718,BID
1444437172,1574.03,0.0875,BID
1444437172,1574.03,0.3393,BID
1444437176,1573.63,0.1426,ASK
1444437176,1573.63,0.012,ASK
1444437176,1573.62,0.3747,ASK
1444437176,1573.61,0.0718,ASK
1444437176,1573.61,0.0114,ASK
1444437176,1573.6,1.7905,ASK
1444437178,1573.61,0.01,ASK
1444437180,1573.62,0.0141,BID
1444437180,1573.61,0.0022,ASK
1444437181,1573.61,0.226,BID
1444437188,1573.62,0.01,ASK
1444437194,1573.61,0.0907,ASK
1444437194,1573.6,1.0043,ASK
1444437195,1573.6,0.0907,ASK
1444437195,1573.6,0.01,ASK
1444437198,1573.78,0.01,BID
1444437198,1573.79,0.0235,BID
1444437198,1573.8,0.4691,BID
1444437198,1573.81,0.06,BID
1444437198,1573.81,0.0165,BID
1444437198,1573.82,0.0141,BID
1444437198,1573.82,0.3167,BID
1444437198,1574.02,0.0536,BID
1444437198,1574.03,0.0365,BID
1444437199,1574.03,1.0362,BID
1444437199,1574.04,0.2542,BID
1444437199,1574.08,0.001,BID
1444437199,1574.09,0.12,BID
1444437199,1574.13,0.001,BID
1444437199,1574.15,0.001,BID
1444437199,1574.18,0.001,BID
1444437199,1574.2,0.001,BID
1444437199,1574.22,0.003,BID
1444437199,1574.22,0.5,BID
1444437199,1574.27,0.001,BID
1444437199,1574.27,0.121,BID
1444437199,1574.28,0.005,BID
1444437199,1574.28,0.001,BID
1444437199,1574.29,0.001,BID
1444437199,1574.3,0.001,BID
1444437199,1574.31,0.001,BID
1444437199,1574.31,0.001,BID
1444437199,1574.32,0.001,BID
1444437199,1574.34,0.001,BID
1444437199,1574.36,0.001,BID
1444437199,1574.36,0.001,BID
1444437199,1574.36,0.001,BID
1444437199,1574.37,0.001,BID
1444437199,1574.38,0.001,BID
1444437199,1574.39,0.001,BID
1444437199,1574.39,0.001,BID
1444437199,1574.39,1.116,BID
1444437203,1573.61,0.01,ASK
1444437204,1573.62,0.01,BID
1444437208,1573.64,0.01,ASK
1444437213,1573.62,0.01,ASK
1444437215,1573.64,0.0388,ASK
1444437215,1573.62,0.0038,ASK
1444437216,1573.62,1.4124,BID
1444437218,1573.62,0.2168,BID
1444437219,1573.62,0.6355,BID
1444437220,1573.62,0.1403,BID
1444437221,1573.63,0.01,ASK
1444437225,1573.63,0.4852,ASK
1444437225,1573.63,0.6355,ASK
1444437225,1573.61,0.1764,ASK
1444437225,1573.61,0.0152,ASK
1444437225,1573.61,0.0454,ASK
1444437225,1573.61,0.013,ASK
1444437225,1573.6,3.6068,ASK
1444437227,1573.6,0.25,ASK
1444437229,1573.6,0.01,ASK
1444437238,1573.61,0.01,ASK
1444437246,1573.62,0.01,ASK
1444437254,1573.62,0.01,ASK
1444437262,1573.63,0.01,ASK
1444437270,1573.63,0.01,ASK
1444437278,1573.63,0.01,ASK
1444437286,1573.63,0.01,ASK
1444437294,1573.63,0.01,ASK
1444437302,1573.63,0.01,ASK
1444437304,1573.63,0.0483,ASK
1444437305,1573.62,0.0683,ASK
1444437311,1573.62,0.01,ASK
1444437319,1573.62,0.01,ASK
1444437327,1573.62,0.01,ASK
1444437340,1573.62,0.01,ASK
1444437341,1573.62,0.013,ASK
1444437341,1573.62,0.094,ASK
1444437342,1573.62,0.2041,ASK
1444437342,1573.62,0.11,ASK
1444437342,1573.61,0.117,ASK
1444437343,1573.61,0.1596,ASK
1444437348,1573.61,0.01,BID
1444437348,1573.6,0.01,ASK
1444437356,1573.6,0.01,ASK
1444437391,1573.6,0.01,ASK
1444437399,1573.6,0.01,ASK
1444437403,1573.61,0.2515,BID
1444437403,1573.62,0.0432,BID
1444437403,1573.63,0.8633,BID
1444437403,1573.71,0.022,BID
1444437403,1573.71,0.0863,BID
1444437403,1573.72,0.1413,BID
1444437403,1573.74,0.0108,BID
1444437403,1573.75,0.2168,BID
1444437403,1573.77,0.1764,BID
1444437403,1573.88,0.025,BID
1444437403,1573.89,0.5,BID
1444437403,1573.89,0.8434,BID
1444437406,1573.62,0.01,ASK
1444437414,1573.64,0.01,ASK
1444437425,1573.77,0.01,BID
1444437427,1573.65,0.01,ASK
1444437427,1573.65,0.01,ASK
1444437429,1573.65,0.0339,ASK
1444437429,1573.64,0.0091,ASK
1444437429,1573.64,0.0115,ASK
1444437429,1573.63,0.0455,ASK
1444437435,1573.63,0.01,ASK
1444437436,1573.63,0.01,ASK
1444437441,1573.63,0.01,ASK
1444437441,1573.63,0.014,ASK
1444437444,1573.63,0.01,ASK
1444437451,1573.64,0.01,BID
1444437453,1573.63,0.01,ASK
1444437454,1573.63,0.01,ASK
1444437461,1573.63,0.01,ASK
1444437469,1573.63,0.01,ASK
1444437476,1573.63,0.01,ASK
1444437480,1573.64,0.0439,BID
1444437480,1573.77,0.002,BID
1444437480,1573.77,0.0539,BID
1444437480,1573.78,0.2291,BID
1444437480,1573.79,0.001,BID
1444437480,1573.87,0.1583,BID
1444437480,1573.88,0.03,BID
1444437480,1573.89,0.569,BID
1444437480,1573.89,0.054,BID
1444437480,1573.9,1.9196,BID
1444437480,1573.99,0.0138,BID
1444437480,1574.24,0.102,BID
1444437485,1573.65,0.01,ASK
1444437487,1573.65,0.0339,ASK
1444437487,1573.65,0.025,ASK
1444437487,1573.64,0.5,ASK
1444437487,1573.64,0.0196,ASK
1444437487,1573.63,0.233,ASK
1444437487,1573.63,0.1583,ASK
1444437487,1573.63,0.0121,ASK
1444437487,1573.63,0.5294,BID
1444437488,1573.63,0.0121,BID
1444437488,1573.63,0.026,BID
1444437488,1573.63,1.4126,BID
1444437488,1573.63,0.0196,BID
1444437488,1573.63,0.06,BID
1444437489,1573.63,0.653,BID
1444437489,1573.63,0.01,BID
1444437490,1573.63,0.6355,BID
1444437491,1573.63,0.915,BID
1444437491,1573.63,0.6355,BID
1444437491,1573.63,0.1589,BID
1444437492,1573.62,0.2415,ASK
1444437492,1573.62,0.2585,BID
1444437492,1573.63,0.377,BID
1444437493,1573.61,0.01,BID
1444437493,1573.61,0.2315,BID
1444437493,1573.63,0.0815,BID
1444437494,1573.61,0.01,BID
1444437494,1573.63,0.6255,BID
1444437496,1573.63,1.616,BID
1444437497,1573.63,0.6355,BID
1444437498,1573.63,0.6355,BID
1444437498,1573.63,0.01,BID
1444437499,1573.63,0.6355,BID
1444437500,1573.63,0.01,BID
1444437500,1573.63,0.6355,BID
1444437501,1573.62,0.6355,BID
1444437502,1573.61,0.03,ASK
1444437502,1573.6,0.07,ASK
1444437503,1573.6,0.01,ASK
1444437503,1573.6,0.65,ASK
1444437504,1573.6,0.01,ASK
1444437504,1573.6,0.65,ASK
1444437505,1573.6,0.65,ASK
1444437506,1573.6,0.65,ASK
1444437507,1573.6,0.65,ASK
1444437508,1573.6,0.4461,ASK
1444437518,1573.59,0.2039,BID
1444437518,1573.59,0.0539,BID
1444437518,1573.59,0.5961,BID
1444437518,1573.61,0.0188,BID
1444437518,1573.61,0.0289,BID
1444437518,1573.61,0.3562,BID
1444437519,1573.61,0.2578,BID
1444437522,1573.6,0.1006,BID
1444437522,1573.61,0.2094,BID
1444437523,1573.61,0.1006,BID
1444437525,1573.61,1.3127,BID
1444437525,1573.61,0.0413,BID
1444437525,1573.62,0.41,BID
1444437527,1573.62,0.3671,BID
1444437527,1573.63,0.4329,BID
1444437530,1573.63,0.367,BID
1444437531,1573.63,0.01,BID
1444437531,1573.63,0.6355,BID
1444437532,1573.63,0.63,BID
1444437532,1573.63,0.6355,BID
1444437533,1573.63,0.01,BID
1444437533,1573.63,0.6355,BID
1444437534,1573.63,0.127,BID
1444437534,1573.63,0.853,BID
1444437534,1573.63,0.6355,BID
1444437535,1573.63,0.01,BID
1444437535,1573.63,0.6355,BID
1444437535,1573.63,0.01,BID
1444437536,1573.63,4.4459,BID
1444437536,1573.63,0.6355,BID
1444437537,1573.63,0.01,BID
1444437537,1573.63,0.6355,BID
1444437538,1573.63,0.6355,BID
1444437539,1573.63,0.01,BID
1444437539,1573.63,0.6355,BID
1444437540,1573.63,0.6355,BID
1444437541,1573.63,0.6355,BID
1444437541,1573.63,0.01,BID
1444437543,1573.63,0.01,BID
1444437550,1573.63,0.0889,BID
1444437551,1573.63,1.0,BID
1444437551,1573.63,0.396,BID
1444437551,1573.63,0.216,BID
1444437551,1573.63,0.336,BID
1444437551,1573.63,0.1429,BID
1444437551,1573.63,0.216,BID
1444437552,1573.63,0.336,BID
1444437552,1573.63,0.01,BID
1444437559,1573.63,0.01,BID
1444437562,1573.63,0.01,BID
1444437562,1573.63,0.01,BID
1444437563,1573.63,0.01,BID
1444437564,1573.63,0.01,BID
1444437564,1573.63,0.0979,BID
1444437566,1573.63,0.01,BID
1444437571,1573.63,2.0,BID
1444437571,1573.63,0.01,BID
1444437571,1573.63,1.0,BID
1444437573,1573.63,0.01,BID
1444437576,1573.63,0.2186,BID
1444437576,1573.63,0.1584,BID
1444437579,1573.63,0.1624,BID
1444437580,1573.63,0.363,BID
1444437582,1573.63,0.01,BID
1444437582,1573.63,0.01,BID
1444437583,1573.63,0.0929,BID
1444437584,1573.63,0.1812,BID
1444437585,1573.63,0.301,BID
1444437587,1573.63,0.267,BID
1444437587,1573.63,0.267,BID
1444437587,1573.63,0.267,BID
1444437587,1573.63,0.1029,BID
1444437589,1573.63,2.9799,BID
1444437590,1573.63,0.01,BID
1444437591,1573.63,0.01,BID
1444437592,1573.63,0.0429,BID
1444437592,1573.63,0.01,BID
1444437593,1573.63,1.0,BID
1444437595,1573.63,0.01,BID
1444437596,1573.62,2.4476,ASK
1444437597,1573.6,0.01,BID
1444437598,1573.6,0.01,BID
1444437600,1573.6,0.01,BID
1444437600,1573.6,0.354,BID
1444437600,1573.6,0.364,BID
1444437600,1573.6,0.01,BID
1444437600,1573.6,0.364,BID
1444437601,1573.6,0.354,BID
1444437607,1573.6,5.8277,BID
1444437607,1573.6,0.05,BID
1444437608,1573.6,0.666,BID
1444437608,1573.6,0.01,BID
1444437609,1573.6,0.01,BID
1444437610,1573.6,12.1835,BID
1444437610,1573.6,0.12,BID
1444437611,1573.6,0.01,BID
1444437611,1573.6,1.0,BID
1444437611,1573.6,0.17,BID
1444437613,1573.6,0.01,BID
1444437613,1573.6,0.02,BID
1444437615,1573.6,0.01,BID
1444437616,1573.6,0.01,BID
1444437616,1573.6,0.132,BID
1444437616,1573.6,0.01,BID
1444437618,1573.6,0.01,BID
1444437618,1573.6,0.013,BID
1444437621,1573.6,0.048,BID
1444437622,1573.6,0.186,BID
1444437622,1573.6,0.186,BID
1444437622,1573.6,0.186,BID
1444437622,1573.6,0.903,BID
1444437624,1573.6,0.035,BID
1444437624,1573.6,0.01,BID
1444437624,1573.6,0.01,BID
1444437626,1573.6,1.0,BID
1444437626,1573.57,0.048,ASK
1444437627,1573.6,0.23,BID
1444437629,1573.6,0.023,BID
1444437630,1573.6,0.01,BID
1444437630,1573.6,0.128,BID
1444437632,1573.6,0.058,BID
1444437633,1573.6,0.024,BID
1444437634,1573.6,0.01,BID
1444437634,1573.6,0.024,BID
1444437634,1573.6,0.01,BID
1444437635,1573.6,0.01,BID
1444437637,1573.6,0.01,BID
1444437639,1573.6,0.01,BID
1444437642,1573.6,0.01,BID
1444437642,1573.6,0.01,BID
1444437646,1573.6,0.01,BID
1444437646,1573.6,1.0,BID
1444437646,1573.6,0.05,BID
1444437647,1573.6,0.01,BID
1444437648,1573.6,0.8,BID
1444437648,1573.6,0.4,BID
1444437648,1573.6,0.1416,BID
1444437648,1573.61,0.4584,BID
1444437648,1573.61,0.1916,BID
1444437650,1573.63,0.01,BID
1444437659,1573.63,0.01,BID
1444437659,1573.63,0.091,BID
1444437661,1573.63,0.208,BID
1444437661,1573.63,0.6355,BID
1444437661,1573.61,0.001,ASK
1444437661,1573.63,0.091,BID
1444437664,1573.63,0.102,BID
1444437665,1573.63,0.226,BID
1444437666,1573.63,0.364,BID
1444437666,1573.63,0.34,BID
1444437666,1573.63,0.212,BID
1444437667,1573.63,0.01,BID
1444437668,1573.63,0.01,BID
1444437669,1573.63,0.01,BID
1444437670,1573.63,0.034,BID
1444437671,1573.63,1.0,BID
1444437672,1573.63,0.017,BID
1444437674,1573.63,0.063,BID
1444437675,1573.63,0.01,BID
1444437675,1573.63,0.059,BID
1444437675,1573.63,0.059,BID
1444437676,1573.61,0.1,ASK
1444437676,1573.63,0.01,BID
1444437677,1573.63,0.01,BID
1444437677,1573.63,0.147,BID
1444437677,1573.61,0.035,ASK
1444437677,1573.61,0.025,ASK
1444437677,1573.6,0.1,ASK
1444437678,1573.63,0.1495,BID
1444437679,1573.63,0.4,BID
1444437679,1573.63,0.8,BID
1444437679,1573.63,0.063,BID
1444437679,1573.63,0.01,BID
1444437679,1573.63,0.6,BID
1444437680,1573.63,0.13,BID
1444437681,1573.63,0.09,BID
1444437681,1573.63,0.1,BID
1444437683,1573.63,0.01,BID
1444437683,1573.63,0.014,BID
1444437683,1573.61,0.02,ASK
1444437684,1573.61,0.01,BID
1444437684,1573.61,0.02,BID
1444437684,1573.61,0.01,BID
1444437685,1573.61,1.0,BID
1444437685,1573.61,0.01,BID
1444437687,1573.61,0.01,BID
1444437687,1573.61,0.01,BID
1444437688,1573.61,0.132,BID
1444437688,1573.61,0.4652,BID
1444437688,1573.61,0.4,BID
1444437689,1573.61,0.1,BID
1444437690,1573.61,0.09,BID
1444437690,1573.61,0.01,BID
1444437692,1573.61,1.0,BID
1444437693,1573.61,0.01,BID
1444437694,1573.61,0.19,BID
1444437694,1573.61,1.0,BID
1444437694,1573.61,0.19,BID
1444437695,1573.61,0.01,BID
1444437695,1573.61,0.03,BID
1444437695,1573.61,0.4,BID
1444437695,1573.61,0.1,BID
1444437697,1573.61,0.072,BID
1444437698,1573.61,0.1,BID
1444437698,1573.61,0.038,BID
1444437698,1573.61,1.0,BID
1444437700,1573.61,0.673,BID
1444437700,1573.61,0.01,BID
1444437700,1573.61,0.005,BID
1444437703,1573.61,0.01,BID
1444437706,1573.61,0.196,BID
1444437708,1573.61,31.0628,BID
1444437709,1573.62,0.01,BID
1444437712,1573.62,0.0225,BID
1444437712,1573.62,0.0163,BID
1444437712,1573.62,0.0233,BID
1444437712,1573.63,0.01,BID
1444437714,1573.63,0.692,BID
1444437715,1573.63,0.142,BID
1444437717,1573.63,0.01,BID
1444437718,1573.63,0.15,BID
1444437718,1573.63,0.24,BID
1444437718,1573.63,0.0146,BID
1444437718,1573.63,0.24,BID
1444437718,1573.63,0.15,BID
1444437719,1573.63,0.09,BID
1444437720,1573.63,0.1,BID
1444437720,1573.63,0.01,BID
1444437720,1573.63,0.01,BID
1444437721,1573.62,0.3469,ASK
1444437721,1573.61,2.2331,ASK
1444437721,1573.63,0.112,BID
1444437722,1573.62,0.0842,ASK
1444437722,1573.61,0.2627,ASK
1444437723,1573.63,0.01,BID
1444437723,1573.61,0.3469,ASK
1444437724,1573.63,1.0,BID
1444437724,1573.61,0.65,ASK
1444437724,1573.63,0.026,BID
1444437725,1573.63,0.01,BID
1444437725,1573.63,0.3719,BID
1444437726,1573.63,0.09,BID
1444437726,1573.63,0.1,BID
1444437726,1573.63,0.01,BID
1444437726,1573.63,0.6355,BID
1444437728,1573.63,1.0,BID
1444437728,1573.63,0.01,BID
1444437729,1573.63,0.01,BID
1444437729,1573.63,1.0,BID
1444437730,1573.63,0.01,BID
1444437731,1573.63,1.0,BID
1444437733,1573.63,0.01,BID
1444437733,1573.63,0.0769,BID
1444437734,1573.63,0.3613,BID
1444437736,1573.63,0.01,BID
1444437738,1573.63,0.01,BID
1444437744,1573.63,1.0,BID
1444437745,1573.63,0.0402,BID
1444437745,1573.63,0.01,BID
1444437746,1573.63,0.01,BID
1444437746,1573.63,0.05,BID
1444437747,1573.63,0.01,BID
1444437748,1573.63,0.01,BID
1444437751,1573.63,0.01,BID
1444437771,1573.63,0.23,BID
1444437774,1573.63,0.01,BID
1444437776,1573.63,0.114,BID
1444437776,1573.63,0.114,BID
1444437776,1573.63,0.114,BID
1444437776,1573.63,0.114,BID
1444437780,1573.63,1.0,BID
1444437782,1573.63,0.01,BID
1444437790,1573.63,0.01,BID
1444437798,1573.63,0.01,BID
1444437806,1573.63,0.01,BID
1444437809,1573.62,0.0112,ASK
1444437809,1573.61,1.9888,ASK
1444437811,1573.61,1.4557,ASK
1444437811,1573.61,0.001,ASK
1444437811,1573.6,0.4,ASK
1444437811,1573.58,0.001,ASK
1444437811,1573.57,0.082,ASK
1444437811,1573.56,0.0603,ASK
1444437812,1573.56,0.1797,ASK
1444437812,1573.54,0.1489,ASK
1444437812,1573.53,0.4287,ASK
1444437812,1573.49,0.005,ASK
1444437812,1573.49,0.005,ASK
1444437812,1573.49,0.005,ASK
1444437812,1573.49,0.001,ASK
1444437812,1573.45,0.001,ASK
1444437812,1573.45,0.4057,ASK
1444437812,1573.46,21.725,ASK
1444437813,1573.62,0.01,BID
1444437814,1573.62,0.01,BID
1444437817,1573.62,0.01,BID
1444437820,1573.61,0.01,BID
1444437822,1573.6,0.0152,BID
1444437822,1573.61,0.0848,BID
1444437823,1573.61,0.01,BID
1444437834,1573.58,0.01,BID
1444437835,1573.58,0.0127,BID
1444437835,1573.59,0.1873,BID
1444437841,1573.59,0.01,BID
1444437841,1573.59,0.2802,BID
1444437842,1573.6,0.01,BID
1444437845,1573.6,0.0069,BID
1444437845,1573.6,0.0199,ASK
1444437846,1573.6,0.0131,ASK
1444437847,1573.61,0.1,BID
1444437850,1573.61,0.099,BID
1444437850,1573.61,0.2009,BID
1444437850,1573.61,0.0179,BID
1444437850,1573.62,0.0822,BID
1444437850,1573.62,0.2443,BID
1444437850,1573.63,0.5557,BID
1444437850,1573.63,0.6,BID
1444437851,1573.63,0.01,BID
1444437851,1573.63,1.0,BID
1444437851,1573.63,1.51,BID
1444437852,1573.63,0.6,BID
1444437853,1573.63,0.01,BID
1444437857,1573.63,0.401,BID
1444437857,1573.63,0.165,BID
1444437859,1573.63,0.01,BID
1444437861,1573.63,0.1,BID
1444437864,1573.63,0.1,BID
1444437866,1573.63,0.01,BID
1444437867,1573.63,0.1,BID
1444437868,1573.63,0.01,BID
1444437869,1573.63,5.453,BID
1444437870,1573.63,0.1,BID
1444437871,1573.63,0.098,BID
1444437872,1573.63,0.01,BID
1444437873,1573.63,0.1,BID
1444437874,1573.63,0.01,BID
1444437876,1573.63,0.1,BID
1444437878,1573.63,0.1,BID
1444437880,1573.63,0.4,BID
1444437882,1573.63,0.1,BID
1444437882,1573.63,0.01,BID
1444437883,1573.62,0.078,BID
1444437885,1573.62,0.1,BID
1444437885,1573.62,1.0,BID
1444437887,1573.62,0.1,BID
1444437888,1573.62,0.6,BID
1444437890,1573.62,0.01,BID
1444437890,1573.62,0.01,BID
1444437890,1573.62,0.1,BID
1444437891,1573.62,0.01,BID
1444437899,1573.62,0.01,BID
1444437899,1573.62,0.1,BID
1444437903,1573.62,0.1,BID
1444437906,1573.62,0.1,BID
1444437907,1573.62,0.01,BID
1444437909,1573.62,0.089,BID
1444437910,1573.62,0.4,BID
1444437912,1573.62,0.536,BID
1444437914,1573.62,0.01,BID
1444437917,1573.62,0.116,BID
1444437917,1573.62,0.116,BID
1444437917,1573.62,0.6,BID
1444437917,1573.62,5.7228,BID
1444437918,1573.62,1.0,BID
1444437919,1573.62,0.6,BID
1444437920,1573.62,1.288,BID
1444437923,1573.62,0.01,BID
1444437923,1573.62,3.1773,BID
1444437923,1573.62,5.2343,BID
1444437924,1573.62,0.01,BID
1444437929,1573.62,4.5292,BID
1444437929,1573.63,2.9708,BID
1444437929,1573.63,2.58,BID
1444437931,1573.63,0.01,BID
1444437931,1573.62,0.2151,ASK
1444437931,1573.61,0.0302,BID
1444437931,1573.63,0.0438,BID
1444437932,1573.63,1.0,BID
1444437932,1573.63,0.1164,BID
1444437933,1573.63,1.1438,BID
1444437933,1573.63,0.017,BID
1444437935,1573.63,0.01,BID
1444437936,1573.63,0.01,BID
1444437938,1573.63,0.01,BID
1444437939,1573.63,0.01,BID
1444437939,1573.63,0.01,BID
1444437940,1573.63,0.107,BID
1444437940,1573.53,7.0,BID
1444437940,1573.53,1.665,BID
1444437941,1573.63,0.137,BID
1444437941,1573.63,5.0,BID
1444437941,1573.63,0.2,BID
1444437942,1573.63,0.01,BID
1444437944,1573.62,0.01,BID
1444437946,1573.62,0.01,BID
1444437948,1573.62,0.01,BID
1444437948,1573.62,0.2164,BID
1444437948,1573.63,0.1764,BID
1444437949,1573.65,0.001,BID
1444437949,1573.65,0.001,BID
1444437949,1573.66,0.001,BID
1444437949,1573.66,0.001,BID
1444437949,1573.66,0.001,BID
1444437949,1573.67,0.001,BID
1444437949,1573.68,0.001,BID
1444437949,1573.71,0.001,BID
1444437949,1573.73,0.002,BID
1444437956,1573.79,0.001,BID
1444437956,1573.79,0.001,BID
1444437956,1573.79,0.001,BID
1444437956,1573.79,0.001,BID
1444437956,1573.79,0.001,BID
1444437956,1573.8,0.001,BID
1444437956,1573.8,0.001,BID
1444437956,1573.8,0.001,BID
1444437956,1573.81,0.001,BID
1444437956,1573.81,0.001,BID
1444437956,1573.85,0.001,BID
1444437956,1573.85,0.001,BID
1444437956,1573.85,0.001,BID
1444437956,1573.87,0.001,BID
1444437956,1573.87,0.001,BID
1444437957,1573.87,0.015,ASK
1444437960,1573.88,0.001,BID
1444437960,1573.88,0.001,BID
1444437960,1573.95,0.001,BID
1444437960,1574.07,0.06,BID
1444437960,1574.22,0.307,BID
1444437960,1574.22,0.1589,BID
1444437960,1574.35,0.001,BID
1444437960,1574.35,0.001,BID
1444437960,1574.36,0.001,BID
1444437960,1574.37,0.001,BID
1444437960,1574.38,0.001,BID
1444437960,1574.41,0.001,BID
1444437960,1574.43,0.001,BID
1444437960,1574.45,0.001,BID
1444437960,1574.45,0.001,BID
1444437960,1574.48,0.001,BID
1444437960,1574.49,0.001,BID
1444437960,1574.5,0.3267,BID
1444437961,1574.55,9.669,BID
1444437961,1574.5,0.1334,ASK
1444437968,1573.68,0.0315,ASK
1444437968,1573.68,0.1939,ASK
1444437968,1573.67,0.63,ASK
1444437968,1573.67,0.0956,ASK
1444437968,1573.66,0.5,ASK
1444437968,1573.66,1.4126,ASK
1444437968,1573.66,0.0292,ASK
1444437968,1573.63,0.7772,ASK
1444437969,1573.7,12.0,ASK
1444437969,1573.7,6.661,ASK
1444437974,1574.18,0.0191,BID
1444437974,1574.2,0.0123,BID
1444437974,1574.39,0.18,BID
1444437974,1574.56,0.001,BID
1444437974,1574.58,0.001,BID
1444437974,1574.61,0.001,BID
1444437974,1574.61,0.3856,BID
1444437991,1574.16,0.2106,BID
1444438020,1573.78,0.06,ASK
1444438020,1573.77,0.3046,ASK
1444438055,1573.85,0.025,ASK
1444438055,1573.84,0.0188,ASK
1444438055,1573.84,0.5,ASK
1444438056,1573.84,0.0123,BID
1444438057,1573.84,0.0563,BID
1444438057,1573.83,0.0964,ASK
1444438058,1573.83,0.074,BID
1444438058,1573.84,0.2652,BID
1444438058,1573.84,0.2794,BID
1444438058,1573.82,0.0964,BID
1444438058,1573.84,1.9036,BID
1444438058,1573.84,1.0,BID
1444438061,1573.84,2.0,BID
1444438062,1573.83,0.0964,BID
1444438063,1573.83,0.01,BID
1444438066,1573.83,0.0117,BID
1444438066,1573.83,0.0379,BID
1444438066,1573.83,1.1304,BID
1444438067,1573.83,0.2822,BID
1444438067,1573.84,3.9394,BID
1444438068,1574.01,0.05,BID
1444438069,1574.01,0.01,BID
1444438072,1573.86,0.0174,ASK
1444438073,1573.87,0.4493,ASK
1444438075,1573.85,0.01,BID
1444438076,1573.85,0.0707,BID
1444438076,1573.86,0.1093,BID
1444438076,1573.81,0.0243,ASK
1444438076,1573.8,0.3757,ASK
1444438077,1573.82,0.0243,ASK
1444438078,1573.82,0.024,ASK
1444438079,1573.86,0.3397,BID
1444438079,1573.91,0.001,BID
1444438079,1574.12,0.0174,BID
1444438079,1574.13,0.4493,BID
1444438079,1574.14,0.0217,BID
1444438079,1574.16,0.0102,BID
1444438079,1574.17,0.0992,BID
1444438079,1574.38,0.001,BID
1444438079,1574.54,0.025,BID
1444438079,1574.55,0.0355,BID
1444438079,1573.83,0.0706,ASK
1444438079,1573.82,0.4094,ASK
1444438080,1574.54,23.852,BID
1444438081,1573.85,0.017,BID
1444438082,1574.02,0.01,ASK
1444438082,1573.87,0.0316,ASK
1444438082,1573.83,0.0477,ASK
1444438082,1573.82,0.1567,ASK
1444438086,1573.89,0.0265,ASK
1444438087,1573.87,0.06,BID
1444438090,1573.87,0.01,BID
1444438091,1573.86,3.0,BID
1444438091,1573.86,5.729,BID
1444438095,1573.81,0.001,ASK
1444438103,1573.97,0.001,BID
1444438103,1573.98,0.009,BID
1444438104,1573.86,0.045,ASK
1444438105,1573.86,0.65,ASK
1444438106,1573.86,0.65,ASK
1444438107,1573.87,0.5295,ASK
1444438107,1573.87,0.055,ASK
1444438107,1573.86,0.0655,ASK
1444438108,1573.88,0.0265,ASK
1444438108,1573.87,0.0828,ASK
1444438108,1573.86,0.5407,ASK
1444438108,1573.87,2.0,ASK
1444438108,1573.87,3.756,ASK
1444438109,1573.86,0.65,ASK
1444438109,1573.87,6.0,ASK
1444438109,1573.87,10.281,ASK
1444438119,1573.86,0.001,ASK
1444438127,1573.87,0.108,ASK
1444438134,1573.87,0.0516,ASK
1444438134,1573.86,0.3978,ASK
1444438136,1573.82,22.172,ASK
1444438137,1573.86,0.01,BID
1444438144,1573.85,0.001,BID
1444438144,1573.86,0.009,BID
1444438151,1573.86,0.01,BID
1444438157,1573.86,0.01,BID
1444438157,1573.86,0.8676,BID
1444438157,1573.86,0.0516,BID
1444438157,1574.01,0.06,BID
1444438157,1574.39,0.0208,BID
1444438164,1573.87,0.001,ASK
1444438172,1573.88,0.01,ASK
1444438185,1573.88,0.06,ASK
1444438185,1573.87,0.54,ASK
1444438185,1573.87,0.0944,ASK
1444438190,1573.9,0.001,ASK
1444438191,1573.9,0.299,ASK
1444438200,1574.23,0.07,BID
1444438200,1574.25,0.1087,BID
1444438200,1574.38,0.0215,BID
1444438200,1574.39,0.429,BID
1444438200,1574.39,0.0248,BID
1444438200,1574.4,0.055,BID
