timestamp,price,amount,side
1446162494,2088.8,0.5,ASK
1446162494,2087.56,0.15,ASK
1446162494,2087.48,0.15,ASK
1446162494,2087.41,0.02,ASK
1446162494,2087.4,4.0,ASK
1446162494,2087.19,0.007,ASK
1446162494,2086.77,0.001,ASK
1446162494,2086.17,5.172,ASK
1446162494,2086.18,12.0,ASK
1446162494,2086.18,17.0,ASK
1446162494,2086.18,6.718,ASK
1446162498,2088.79,0.06,BID
1446162516,2088.43,0.001,BID
1446162516,2088.76,0.015,BID
1446162516,2088.76,0.03,BID
1446162516,2088.76,0.28,BID
1446162522,2088.75,0.025,BID
1446162522,2088.75,0.0689,BID
1446162522,2088.76,0.22,BID
1446162522,2088.76,0.2791,BID
1446162522,2088.76,0.0009,BID
1446162522,2088.76,0.0191,BID
1446162522,2088.76,0.6,BID
1446162523,2088.76,1.08,BID
1446162523,2088.76,1.0,BID
1446162524,2088.76,0.04,BID
1446162524,2088.76,0.634,BID
1446162524,2087.65,6.0,BID
1446162524,2087.65,15.146,BID
1446162525,2088.75,0.07,BID
1446162526,2088.75,0.02,BID
1446162526,2088.76,0.185,BID
1446162526,2088.76,0.85,BID
1446162526,2088.76,0.7639,BID
1446162526,2088.79,5.0,BID
1446162526,2088.79,6.708,BID
1446162526,2088.8,0.17,BID
1446162526,2088.8,0.5,BID
1446162528,2088.92,0.33,ASK
1446162528,2088.77,1.2361,ASK
1446162529,2088.74,0.0618,BID
1446162530,2088.74,0.01,BID
1446162531,2088.09,0.061,ASK
1446162537,2088.73,0.025,BID
1446162537,2088.73,0.061,BID
1446162537,2088.73,0.02,BID
1446162537,2088.74,0.4282,BID
1446162537,2088.74,0.071,BID
1446162537,2088.74,0.0122,BID
1446162537,2088.74,0.0246,BID
1446162537,2088.75,0.5298,BID
1446162539,2087.66,0.0117,ASK
1446162550,2087.5,0.1,ASK
1446162550,2087.49,0.55,ASK
1446162550,2087.49,0.05,ASK
1446162550,2087.49,0.05,ASK
1446162551,2087.49,0.4,ASK
1446162551,2087.51,0.01,ASK
1446162552,2087.51,0.0589,ASK
1446162558,2087.45,0.01,BID
1446162561,2087.45,0.31,BID
1446162561,2087.46,0.5,BID
1446162561,2087.47,0.5911,BID
1446162561,2087.48,0.65,BID
1446162561,2088.45,0.023,BID
1446162561,2088.63,0.157,BID
1446162561,2088.66,0.327,BID
1446162561,2088.71,0.3,BID
1446162561,2088.71,0.45,BID
1446162561,2088.72,4.0,BID
1446162561,2088.73,0.5,BID
1446162561,2088.73,0.157,BID
1446162561,2088.75,0.7877,BID
1446162561,2088.78,0.185,ASK
1446162561,2088.78,0.248,ASK
1446162561,2088.78,0.3,ASK
1446162562,2088.78,0.608,ASK
1446162562,2088.78,1.0,ASK
1446162563,2088.78,0.11,ASK
1446162563,2088.78,1.0,ASK
1446162563,2088.78,4.0,ASK
1446162563,2088.78,0.02,ASK
1446162563,2088.78,0.6,ASK
1446162564,2088.78,0.2,ASK
1446162564,2088.78,0.5,ASK
1446162564,2088.78,0.402,ASK
1446162564,2088.78,0.01,ASK
1446162564,2088.78,0.594,ASK
1446162564,2088.78,0.594,ASK
1446162564,2088.78,0.194,ASK
1446162564,2088.78,0.052,ASK
1446162564,2088.78,1.5,ASK
1446162564,2088.78,2.0,ASK
1446162564,2088.78,2.5,ASK
1446162564,2088.78,0.2,ASK
1446162564,2088.78,4.913,ASK
1446162564,2088.78,0.5172,ASK
1446162565,2087.48,0.05,ASK
1446162565,2087.48,0.11,ASK
1446162565,2086.43,0.02,ASK
1446162565,2085.97,0.0111,ASK
1446162565,2085.96,0.9889,ASK
1446162566,2088.07,9.0,ASK
1446162566,2088.07,9.033,ASK
1446162570,2088.1,0.02,BID
1446162570,2087.05,0.7,ASK
1446162570,2087.04,0.012,ASK
1446162571,2088.1,0.68,BID
1446162571,2088.47,0.6,BID
1446162571,2088.47,5.0,BID
1446162571,2088.58,0.2,BID
1446162571,2088.61,0.2,BID
1446162571,2088.66,0.0111,BID
1446162571,2088.74,0.17,BID
1446162571,2088.76,0.2,BID
1446162571,2088.76,0.2,BID
1446162571,2088.77,1.0,BID
1446162571,2088.77,1.0,BID
1446162571,2088.77,2.1389,BID
1446162571,2087.06,0.0267,ASK
1446162571,2086.96,0.0274,ASK
1446162571,2086.85,1.0,BID
1446162571,2086.85,5.789,BID
1446162571,2086.95,0.7,BID
1446162573,2086.95,0.523,BID
1446162574,2086.95,0.0289,BID
1446162574,2087.1,0.5,BID
1446162576,2087.45,0.27,ASK
1446162576,2087.21,0.528,ASK
1446162576,2087.11,0.202,ASK
1446162585,2087.28,0.5,ASK
1446162590,2087.14,0.051,ASK
1446162590,2087.13,0.1,ASK
1446162590,2087.12,0.5,ASK
1446162591,2086.93,0.17,BID
1446162592,2086.93,0.025,BID
1446162593,2086.93,0.17,BID
1446162593,2086.93,7.9429,BID
1446162594,2086.93,0.195,ASK
1446162594,2086.67,0.3,ASK
1446162595,2086.19,0.036,ASK
1446162595,2086.17,0.3,ASK
1446162595,2085.96,0.164,ASK
1446162596,2086.23,0.127,BID
1446162596,2086.23,0.136,BID
1446162596,2086.23,0.737,BID
1446162596,2086.67,0.005,BID
1446162596,2086.92,0.9889,BID
1446162596,2086.92,0.02,BID
1446162596,2086.93,0.495,BID
1446162596,2087.25,0.02,BID
1446162597,2086.93,0.0291,ASK
1446162599,2087.02,0.141,ASK
1446162600,2087.02,0.2,ASK
1446162601,2087.02,0.234,ASK
1446162603,2087.02,0.291,ASK
1446162606,2086.92,0.164,BID
1446162606,2086.92,0.15,BID
1446162607,2086.95,0.0157,ASK
1446162609,2086.95,0.2703,ASK
1446162609,2086.68,0.0157,ASK
1446162609,2086.68,0.214,ASK
1446162609,2086.68,0.486,ASK
1446162609,2086.68,0.1331,ASK
1446162609,2086.67,1.1989,ASK
1446162612,2086.67,1.0,ASK
1446162617,2086.9,0.06,BID
1446162617,2086.67,0.5,ASK
1446162618,2086.9,0.07,BID
1446162618,2086.91,0.06,BID
1446162620,2086.91,0.07,BID
1446162620,2086.93,0.0135,BID
1446162620,2086.94,0.2703,BID
1446162620,2086.97,0.1,BID
1446162620,2087.01,0.02,BID
1446162620,2087.03,0.5,ASK
1446162621,2087.21,0.01,ASK
1446162621,2087.03,0.4552,ASK
1446162621,2086.94,0.0348,ASK
1446162623,2087.02,0.025,BID
1446162623,2087.03,0.075,BID
1446162624,2087.03,0.425,BID
1446162625,2087.26,0.0213,ASK
1446162625,2087.05,0.5,ASK
1446162628,2087.26,0.1542,ASK
1446162628,2087.26,0.25,ASK
1446162628,2087.05,0.0212,ASK
1446162630,2087.04,0.425,ASK
1446162630,2087.05,0.0746,BID
1446162630,2087.48,0.0603,BID
1446162630,2087.48,0.0362,BID
1446162630,2087.49,0.2145,BID
1446162630,2087.49,0.4,BID
1446162631,2087.49,13.0033,BID
1446162631,2087.49,0.311,BID
1446162631,2087.15,0.0004,ASK
1446162631,2087.05,0.0175,ASK
1446162631,2087.04,0.0541,ASK
1446162631,2087.04,0.295,ASK
1446162631,2087.04,0.03,BID
1446162632,2087.04,0.103,BID
1446162632,2087.48,0.3776,BID
1446162632,2087.48,0.0274,BID
1446162632,2087.27,0.02,ASK
1446162632,2087.05,0.377,ASK
1446162633,2087.06,9.977,ASK
1446162635,2087.05,0.5,ASK
1446162635,2087.48,0.7,BID
1446162635,2087.49,0.017,BID
1446162635,2087.49,0.389,BID
1446162635,2087.48,0.2703,BID
1446162635,2087.49,0.1187,BID
1446162636,2087.49,0.389,BID
1446162636,2087.49,0.223,BID
1446162636,2087.49,0.389,BID
1446162636,2087.47,0.0181,BID
1446162636,2087.49,1.9639,BID
1446162636,2087.49,2.0,BID
1446162637,2087.47,0.311,BID
1446162637,2087.47,0.189,BID
1446162637,2087.49,0.122,BID
1446162637,2087.06,0.02,ASK
1446162637,2087.06,0.1769,ASK
1446162637,2087.05,2.5031,ASK
1446162637,2087.49,0.2,BID
1446162637,2087.47,0.1,BID
1446162637,2087.49,0.328,BID
1446162638,2087.11,0.104,ASK
1446162638,2087.05,0.5169,ASK
1446162638,2087.05,0.3791,ASK
1446162638,2087.49,0.47,BID
1446162638,2087.49,0.1,BID
1446162638,2087.49,0.1,BID
1446162638,2087.33,14.073,ASK
1446162638,2087.45,5.0,BID
1446162638,2087.45,9.893,BID
1446162640,2087.46,0.381,BID
1446162640,2087.46,0.1,BID
1446162640,2087.46,0.019,BID
1446162640,2087.48,0.1519,BID
1446162640,2087.49,1.3291,BID
1446162640,2087.49,1.61,BID
1446162641,2087.75,0.32,ASK
1446162641,2087.56,0.15,ASK
1446162641,2087.5,0.011,ASK
1446162646,2087.83,0.2,ASK
1446162649,2088.75,0.092,BID
1446162649,2088.75,0.0162,BID
1446162649,2088.77,0.65,BID
1446162649,2088.77,0.1368,BID
1446162653,2087.84,0.1,ASK
1446162653,2087.77,0.02,ASK
1446162653,2087.76,0.03,ASK
1446162653,2087.11,0.015,ASK
1446162653,2087.1,0.3,ASK
1446162653,2087.02,0.025,ASK
1446162653,2087.0,0.61,ASK
1446162658,2087.03,0.479,ASK
1446162658,2087.0,0.09,ASK
1446162660,2087.0,0.929,BID
1446162661,2087.0,0.002,BID
1446162663,2087.02,0.02,ASK
1446162665,2087.28,0.02,BID
1446162666,2087.27,1.0,BID
1446162666,2087.27,6.195,BID
1446162667,2087.28,0.08,BID
1446162671,2087.64,0.02,ASK
1446162671,2087.44,0.01,ASK
1446162671,2087.28,0.1,ASK
1446162671,2087.03,0.0465,ASK
1446162671,2087.02,0.911,ASK
1446162671,2087.01,0.931,ASK
1446162671,2086.95,0.03,ASK
1446162671,2086.94,0.0252,ASK
1446162671,2086.93,2.5723,ASK
1446162671,2086.91,0.13,ASK
1446162671,2086.9,1.0289,ASK
1446162671,2086.67,0.8742,ASK
1446162671,2086.49,0.5,ASK
1446162671,2086.24,0.4793,ASK
1446162671,2086.0,2.55,ASK
1446162672,2086.0,2.7598,BID
1446162672,2087.04,1.0,ASK
1446162672,2087.04,17.139,ASK
1446162673,2087.43,0.02,BID
1446162673,2087.43,0.02,BID
1446162673,2087.66,4.0,ASK
1446162673,2087.66,4.867,ASK
1446162674,2087.65,0.02,ASK
1446162674,2087.65,0.05,ASK
1446162674,2087.03,0.6,ASK
1446162675,2087.01,0.04,BID
1446162676,2087.0,0.0131,BID
1446162676,2087.01,0.221,BID
1446162679,2087.44,0.004,BID
1446162680,2087.36,0.0875,ASK
1446162680,2087.11,0.0259,ASK
1446162680,2087.03,0.0117,ASK
1446162680,2087.02,0.235,ASK
1446162680,2087.02,0.1189,ASK
1446162683,2087.44,0.01,BID
1446162687,2087.43,0.01,BID
1446162688,2086.44,0.02,ASK
1446162691,2087.43,0.02,BID
1446162695,2087.42,0.03,BID
1446162699,2087.4,2.0,ASK
1446162699,2087.4,0.195,ASK
1446162701,2087.4,0.2,ASK
1446162701,2087.42,0.01,BID
1446162701,2087.44,0.056,BID
1446162701,2087.44,0.004,BID
1446162701,2087.4,0.65,ASK
1446162701,2087.4,0.4,ASK
1446162702,2087.4,0.355,ASK
1446162702,2087.4,0.65,ASK
1446162703,2087.4,0.15,ASK
1446162703,2087.4,0.0292,ASK
1446162707,2086.69,0.01,ASK
1446162708,2087.21,0.15,BID
1446162708,2087.21,0.01,BID
1446162708,2087.39,0.65,BID
1446162708,2087.39,0.65,BID
1446162709,2087.4,0.01,ASK
1446162710,2087.4,0.0331,ASK
1446162710,2087.4,0.0319,ASK
1446162711,2087.4,0.09,ASK
1446162711,2087.4,0.08,ASK
1446162711,2087.4,0.422,ASK
1446162711,2087.4,1.0,ASK
1446162711,2087.4,0.4,ASK
1446162711,2087.4,0.638,ASK
1446162711,2087.4,0.4642,ASK
1446162714,2086.7,0.02,ASK
1446162724,2086.71,0.08,ASK
1446162724,2086.12,0.02,ASK
1446162724,2086.02,0.035,ASK
1446162724,2086.01,0.7,ASK
1446162724,2086.01,0.0475,ASK
1446162724,2086.01,0.0162,ASK
1446162726,2086.15,0.1,ASK
1446162726,2086.0,1.0,ASK
1446162726,2086.0,8.0381,ASK
1446162726,2085.94,0.003,ASK
1446162726,2085.94,0.8487,BID
1446162751,2087.02,0.1,BID
1446162753,2087.02,0.03,BID
1446162754,2087.02,0.03,BID
1446162760,2086.74,0.5,ASK
1446162762,2087.02,0.0166,BID
1446162763,2087.02,0.0166,BID
1446162763,2087.01,8.0,BID
1446162763,2087.01,4.05,BID
1446162765,2086.76,0.5,ASK
1446162767,2086.74,0.07,BID
1446162770,2086.74,0.01,BID
1446162773,2086.74,0.04,BID
1446162776,2086.73,0.1,BID
1446162776,2086.74,0.1,BID
1446162778,2086.74,0.05,BID
1446162778,2085.87,0.05,ASK
1446162779,2085.88,0.0264,ASK
1446162779,2085.87,3.95,ASK
1446162779,2085.86,0.139,ASK
1446162779,2085.86,0.433,ASK
1446162779,2085.82,0.03,ASK
1446162780,2085.04,0.36,BID
1446162780,2085.04,0.5,BID
1446162780,2085.04,0.02,BID
1446162780,2085.04,1.436,BID
1446162781,2085.04,1.1056,BID
1446162782,2085.82,0.05,BID
1446162783,2086.73,0.0788,BID
1446162783,2086.74,1.5766,BID
1446162783,2087.02,0.1448,BID
1446162783,2087.18,0.017,BID
1446162783,2087.19,0.1828,BID
1446162783,2087.19,0.1572,BID
1446162783,2087.24,0.02,BID
1446162783,2087.28,0.01,BID
1446162783,2087.29,0.2,BID
1446162783,2087.38,0.0482,BID
1446162783,2087.39,0.65,BID
1446162783,2087.61,0.01,BID
1446162783,2087.93,0.3,BID
1446162783,2087.93,1.1846,BID
1446162784,2085.97,0.0689,ASK
1446162784,2085.97,0.8811,ASK
1446162784,2085.97,1.0,ASK
1446162784,2085.96,0.11,ASK
1446162784,2085.91,0.17,ASK
1446162784,2085.82,0.05,ASK
1446162784,2085.15,3.952,ASK
1446162784,2085.14,0.596,ASK
1446162784,2085.05,1.547,ASK
1446162784,2085.05,1.0,ASK
1446162784,2085.05,0.659,ASK
1446162784,2085.05,0.8944,ASK
1446162784,2085.05,0.709,ASK
1446162784,2085.05,1.347,ASK
1446162784,2085.05,0.301,ASK
1446162784,2085.05,0.7307,ASK
1446162784,2085.06,14.617,BID
1446162785,2086.73,1.18,BID
1446162785,2086.73,0.7079,BID
1446162791,2087.92,4.0,BID
1446162791,2087.93,0.5,BID
1446162791,2087.93,0.6,BID
1446162791,2087.94,0.5,BID
1446162792,2087.94,0.446,ASK
1446162792,2087.94,0.545,ASK
1446162792,2087.94,1.0,ASK
1446162793,2087.94,2.0,ASK
1446162793,2087.94,0.419,ASK
1446162796,2086.36,0.001,ASK
1446162798,2086.73,0.18,BID
1446162798,2086.73,3.027,BID
1446162799,2086.73,0.781,BID
1446162800,2086.73,0.1,BID
1446162801,2086.73,0.13,BID
1446162806,2086.72,0.3,BID
1446162806,2086.72,0.7,BID
1446162806,2086.73,10.082,BID
1446162809,2086.73,0.7,BID
1446162824,2086.74,0.0689,ASK
1446162824,2086.73,0.7061,ASK
1446162824,2086.73,0.0566,ASK
1446162824,2086.73,0.5,ASK
1446162825,2086.73,0.01,ASK
1446162825,2086.73,0.01,ASK
1446162827,2086.74,0.7,ASK
1446162827,2086.73,0.3,ASK
1446162828,2086.73,0.279,ASK
1446162828,2086.74,0.2,ASK
1446162828,2086.75,20.0,ASK
1446162828,2086.75,1.621,ASK
1446162828,2086.74,0.4,ASK
1446162828,2086.73,0.6,ASK
1446162829,2087.0,0.2,BID
1446162829,2086.74,0.2,ASK
1446162831,2086.74,1.0,ASK
1446162831,2086.74,0.1534,ASK
1446162832,2086.74,0.01,ASK
1446162832,2086.74,0.01,ASK
1446162832,2086.74,0.01,ASK
1446162833,2086.74,0.47,ASK
1446162833,2086.73,9.0774,ASK
1446162833,2086.73,0.1,ASK
1446162833,2086.74,19.532,BID
1446162834,2086.75,0.01,ASK
1446162836,2086.75,0.01,ASK
1446162836,2086.75,0.01,ASK
1446162838,2086.75,0.08,ASK
1446162838,2086.74,0.3046,ASK
1446162838,2086.73,0.0154,ASK
1446162838,2086.73,0.4,ASK
1446162838,2086.73,0.6,ASK
1446162838,2086.73,0.4,ASK
1446162838,2086.73,0.05,ASK
1446162839,2086.73,0.5,ASK
1446162841,2086.73,0.04,ASK
1446162842,2086.73,0.65,ASK
1446162842,2086.73,0.085,ASK
1446162843,2086.73,0.3,ASK
1446162843,2086.73,1.0,ASK
1446162843,2086.73,1.0,ASK
1446162845,2086.73,0.04,ASK
1446162846,2086.73,0.01,ASK
1446162847,2086.73,0.34,ASK
1446162849,2086.73,0.01,ASK
1446162849,2086.73,0.01,ASK
1446162853,2086.73,0.14,ASK
1446162854,2086.73,0.01,ASK
1446162854,2086.73,0.65,ASK
1446162855,2086.73,0.65,ASK
1446162856,2086.73,1.4605,ASK
1446162857,2086.66,0.05,BID
1446162857,2086.73,0.034,BID
1446162866,2086.66,0.1529,BID
1446162867,2086.66,0.1071,BID
1446162870,2086.76,0.1,ASK
1446162871,2086.76,0.03,ASK
1446162871,2086.75,0.1,ASK
1446162872,2086.84,0.1,ASK
1446162872,2086.75,0.03,ASK
1446162872,2086.75,0.01,ASK
1446162874,2086.97,0.02,BID
1446162874,2086.98,0.016,BID
1446162874,2086.99,0.3,BID
1446162874,2086.99,0.6,BID
1446162874,2087.0,0.244,BID
1446162875,2086.99,3.0,BID
1446162875,2086.99,12.0,BID
1446162875,2086.99,1.128,BID
1446162879,2086.99,0.2317,BID
1446162879,2086.99,0.0689,BID
1446162879,2087.0,0.8794,BID
1446162879,2086.76,0.01,ASK
1446162881,2086.72,0.02,ASK
1446162881,2086.69,0.0123,ASK
1446162890,2086.72,0.01,ASK
1446162892,2086.68,0.05,BID
1446162894,2086.68,0.09,BID
1446162895,2086.68,0.01,ASK
1446162900,2086.5,0.07,BID
1446162901,2086.5,0.4,BID
1446162901,2086.5,0.893,BID
1446162902,2086.5,0.44,BID
1446162903,2086.5,0.021,BID
1446162903,2086.5,0.11,BID
1446162903,2086.5,0.4793,BID
1446162903,2086.5,0.01,BID
1446162905,2086.5,0.42,BID
1446162905,2086.5,0.924,BID
1446162905,2086.5,2.2806,BID
1446162906,2086.5,0.02,BID
1446162906,2086.49,0.4793,BID
1446162907,2086.49,0.2207,BID
1446162907,2086.5,13.9321,BID
1446162909,2086.52,0.5,ASK
1446162910,2086.78,0.02,BID
1446162912,2086.78,0.03,BID
1446162912,2086.79,0.02,BID
1446162912,2086.98,0.0136,BID
1446162912,2086.99,0.0483,BID
1446162912,2086.99,0.015,BID
1446162912,2087.0,0.0235,BID
1446162921,2086.74,0.0185,ASK
1446162921,2086.74,0.0185,ASK
1446162921,2086.73,0.1131,ASK
1446162922,2086.74,0.01,ASK
1446162930,2086.75,0.0689,ASK
1446162930,2086.74,0.0085,ASK
1446162930,2086.74,0.0185,ASK
1446162930,2086.73,0.1701,ASK
1446162931,2086.73,0.01,ASK
1446162933,2086.74,0.0185,ASK
1446162933,2086.73,0.0768,ASK
1446162933,2086.73,0.0847,ASK
1446162937,2086.73,0.05,ASK
1446162942,2086.73,0.01,ASK
1446162946,2086.73,0.01,ASK
1446162949,2086.73,0.09,ASK
1446162950,2086.73,0.01,ASK
1446162955,2086.73,0.0065,ASK
1446162955,2086.73,0.01,ASK
1446162956,2086.73,0.0988,ASK
1446162956,2086.51,0.1,ASK
1446162957,2086.56,0.0988,BID
1446162958,2086.72,0.0162,BID
1446162958,2086.72,0.1153,BID
1446162958,2086.72,0.0185,BID
1446162958,2086.73,25.5469,BID
1446162958,2086.97,0.02,BID
1446162958,2086.98,0.0185,BID
1446162958,2086.98,0.0925,BID
1446162958,2086.99,2.5672,BID
1446162961,2086.96,0.017,BID
1446162961,2086.99,1.4328,BID
1446162961,2087.0,0.9393,BID
1446162961,2086.73,0.0162,ASK
1446162961,2086.66,0.0012,ASK
1446162962,2086.65,0.0826,BID
1446162962,2086.65,0.017,BID
1446162962,2087.0,2.7926,BID
1446162962,2087.28,1.0,BID
1446162962,2087.33,0.102,BID
1446162962,2087.33,0.477,BID
1446162962,2087.49,0.121,BID
1446162962,2087.51,0.958,BID
1446162962,2087.58,0.404,BID
1446162962,2087.58,0.025,BID
1446162962,2087.6,1.0,BID
1446162962,2087.66,1.14,BID
1446162962,2087.79,0.025,BID
1446162962,2087.8,0.498,BID
1446162962,2087.82,1.0,BID
1446162962,2087.93,0.5,BID
1446162962,2087.93,2.8878,BID
1446162963,2086.52,0.0162,ASK
1446162963,2086.52,0.0028,ASK
1446162963,2086.51,0.0072,ASK
1446162963,2086.51,0.3721,ASK
1446162963,2086.51,0.1098,ASK
1446162963,2086.5,2.1965,ASK
1446162964,2086.36,0.019,ASK
1446162967,2086.43,0.017,ASK
1446162970,2086.44,0.111,ASK
1446162972,2086.44,0.1057,ASK
1446162972,2086.44,0.2943,ASK
1446162972,2086.44,0.3057,ASK
1446162972,2086.44,0.0323,ASK
1446162972,2086.43,0.5,BID
1446162979,2086.29,0.002,ASK
1446162979,2086.0,0.08,ASK
1446162989,2085.92,0.1,BID
1446162994,2086.25,0.1,BID
1446162994,2086.25,0.2,BID
1446162995,2086.25,0.1,BID
1446162996,2086.25,0.06,BID
1446162996,2086.29,0.1,BID
1446162996,2086.29,0.018,BID
1446162997,2086.28,0.01,BID
1446162997,2086.29,0.082,BID
1446163000,2086.37,0.1,BID
1446163001,2086.37,0.04,BID
1446163001,2086.4,0.03,BID
1446163001,2086.41,0.0113,BID
1446163001,2086.42,0.1126,BID
1446163001,2086.43,0.952,BID
1446163001,2086.43,0.4961,BID
1446163001,2086.43,0.1539,BID
1446163001,2086.43,0.65,BID
1446163002,2086.45,0.01,BID
1446163005,2086.44,0.01,BID
1446163005,2086.45,0.09,BID
1446163005,2086.45,0.1,BID
1446163007,2086.48,0.019,BID
1446163007,2086.63,0.05,BID
1446163007,2086.65,0.06,BID
1446163007,2087.33,0.025,BID
1446163007,2087.34,0.5,BID
1446163007,2087.83,1.1123,BID
1446163017,2086.39,0.012,ASK
1446163017,2086.38,0.1,ASK
1446163017,2086.38,0.128,ASK
1446163020,2086.42,0.01,ASK
1446163020,2086.38,0.002,ASK
1446163022,2086.46,0.01,BID
1446163023,2086.47,0.04,ASK
1446163023,2086.38,0.01,ASK
1446163023,2086.26,0.05,ASK
1446163026,2086.37,0.01,BID
1446163026,2086.46,0.01,BID
1446163029,2086.26,0.0389,ASK
1446163030,2086.26,0.0111,ASK
1446163030,2086.26,0.1,ASK
1446163031,2086.13,6.434,ASK
1446163031,2086.12,0.05,ASK
1446163031,2086.11,0.03,ASK
1446163033,2086.11,0.25,BID
1446163033,2086.15,0.01,BID
1446163033,2086.25,0.0389,BID
1446163033,2086.25,0.15,BID
1446163033,2086.25,0.15,BID
1446163033,2086.48,0.0395,BID
1446163033,2086.49,0.6,BID
1446163033,2086.49,0.1409,BID
1446163033,2086.49,0.0105,BID
1446163033,2086.5,2.7315,BID
1446163034,2086.49,5.494,BID
1446163035,2086.5,0.05,BID
1446163035,2086.5,0.05,BID
1446163035,2086.5,0.07,BID
1446163040,2086.1,0.05,ASK
1446163040,2085.96,0.05,ASK
1446163042,2086.24,0.5,BID
1446163042,2086.5,11.8835,BID
1446163046,2086.26,0.01,ASK
1446163047,2086.26,0.014,ASK
1446163047,2086.25,0.391,ASK
1446163047,2086.25,0.0883,ASK
1446163047,2086.2,0.1,ASK
1446163047,2085.49,9.0,ASK
1446163047,2085.49,2.16,ASK
1446163048,2086.09,0.047,BID
1446163048,2086.24,0.3907,BID
1446163048,2086.24,0.391,BID
1446163048,2086.24,0.479,BID
1446163048,2086.24,0.0683,BID
1446163061,2086.06,0.1,BID
1446163061,2086.19,0.014,BID
1446163061,2086.19,0.01,BID
1446163061,2086.2,4.0,BID
1446163061,2086.2,1.0,BID
1446163061,2086.21,0.09,BID
1446163061,2086.5,0.215,BID
1446163061,2086.57,0.119,BID
1446163061,2086.58,0.204,BID
1446163065,2085.49,0.015,ASK
1446163065,2085.48,0.3,ASK
1446163065,2085.43,0.025,ASK
1446163065,2085.42,0.5,ASK
1446163065,2085.12,0.065,ASK
1446163065,2085.11,0.7,ASK
1446163065,2085.11,0.6,ASK
1446163065,2085.02,0.01,ASK
1446163065,2085.0,14.3299,ASK
1446163067,2086.01,6.94,ASK
1446163076,2086.02,0.025,BID
1446163076,2086.03,0.5,BID
1446163076,2086.18,0.05,BID
1446163076,2086.2,0.0365,BID
1446163076,2086.2,0.0435,BID
1446163076,2086.21,1.022,BID
1446163078,2086.01,0.07,BID
1446163080,2086.01,1.18,ASK
1446163081,2086.01,1.701,ASK
1446163081,2086.01,0.2,ASK
1446163081,2086.01,1.0,ASK
1446163081,2086.01,1.0,ASK
1446163081,2086.01,1.701,ASK
1446163081,2086.01,1.0,ASK
1446163081,2086.01,0.241,ASK
1446163081,2085.01,0.0249,ASK
1446163081,2085.01,0.1891,ASK
1446163081,2085.0,1.786,ASK
1446163081,2085.0,0.2,ASK
1446163081,2085.0,2.58,ASK
1446163085,2085.69,0.05,BID
1446163085,2085.7,0.05,BID
1446163085,2085.7,0.096,BID
1446163085,2085.0,0.17,ASK
1446163088,2085.0,0.2,ASK
1446163094,2085.01,0.02,ASK
1446163094,2085.0,0.18,ASK
1446163094,2085.01,3.0,ASK
1446163094,2085.01,7.0,ASK
1446163094,2085.01,10.868,ASK
1446163095,2085.0,0.2,ASK
1446163097,2085.68,0.0156,BID
1446163097,2085.96,0.01,BID
1446163097,2085.97,0.0744,BID
1446163101,2085.0,0.2,ASK
1446163103,2085.0,0.2,ASK
1446163104,2085.47,0.14,BID
1446163105,2085.67,0.1,BID
1446163105,2085.75,0.01,ASK
1446163105,2085.48,0.099,ASK
1446163105,2085.48,0.091,ASK
1446163105,2085.97,0.1256,BID
1446163105,2086.06,0.016,BID
1446163105,2086.07,0.16,BID
1446163105,2086.07,0.0154,BID
1446163107,2086.06,1.0,ASK
1446163108,2086.06,0.0146,ASK
1446163108,2086.06,0.2,ASK
1446163109,2086.06,0.65,ASK
1446163110,2086.07,0.1446,BID
1446163110,2086.23,0.07,BID
1446163110,2086.26,0.0994,BID
1446163110,2086.26,0.0006,BID
1446163110,2086.26,0.2383,ASK
1446163110,2086.06,0.4117,ASK
1446163115,2086.28,0.1125,ASK
1446163117,2087.23,0.001,BID
1446163125,2086.29,0.1,ASK
1446163125,2086.28,0.1,ASK
1446163125,2086.28,0.1015,ASK
1446163125,2086.08,0.0985,ASK
1446163126,2086.08,0.0461,ASK
1446163126,2086.07,0.02,ASK
1446163126,2086.07,0.0196,ASK
1446163126,2086.06,0.2033,ASK
1446163128,2086.06,0.2,ASK
1446163129,2086.08,0.201,BID
1446163129,2087.2,11.673,ASK
1446163130,2086.09,0.1,ASK
1446163130,2086.09,0.1,ASK
1446163131,2086.09,0.101,ASK
1446163131,2086.09,0.201,ASK
1446163131,2086.09,0.201,ASK
1446163131,2086.09,0.201,ASK
1446163131,2086.06,0.296,ASK
1446163132,2086.07,0.65,ASK
1446163135,2086.44,0.01,ASK
1446163135,2086.44,0.1404,ASK
1446163135,2086.44,0.0196,ASK
1446163135,2086.38,0.1804,ASK
1446163138,2086.07,0.2,ASK
1446163142,2086.15,0.07,ASK
1446163142,2086.07,0.13,ASK
1446163145,2086.07,0.2,ASK
1446163145,2086.07,1.0,ASK
1446163147,2086.07,0.3033,ASK
1446163148,2086.15,0.01,BID
1446163152,2086.29,0.06,ASK
1446163152,2086.07,0.288,ASK
1446163152,2086.07,0.348,ASK
1446163152,2086.07,0.348,ASK
1446163152,2086.07,0.348,ASK
1446163152,2086.07,0.3,ASK
1446163152,2086.07,0.348,ASK
1446163152,2086.07,0.348,ASK
1446163155,2086.06,1.001,ASK
1446163156,2086.06,1.0334,ASK
1446163156,2085.96,0.01,ASK
1446163157,2086.04,3.0,ASK
1446163157,2086.04,2.0,ASK
1446163157,2086.04,2.914,ASK
1446163158,2085.96,0.02,ASK
1446163158,2085.95,0.05,ASK
1446163158,2085.7,0.01,ASK
1446163158,2085.68,0.02,ASK
1446163161,2086.04,0.0178,BID
1446163161,2086.04,0.0048,BID
1446163161,2086.05,0.0452,BID
1446163161,2086.05,0.2,BID
1446163161,2086.05,0.1434,BID
1446163161,2086.05,0.2338,BID
1446163161,2086.06,0.01,BID
1446163162,2086.11,0.02,BID
1446163162,2086.2,0.02,BID
1446163162,2086.32,0.01,ASK
1446163163,2086.32,0.0174,ASK
1446163171,2086.08,0.02,ASK
1446163171,2086.08,0.49,ASK
1446163172,2087.28,0.04,BID
1446163172,2087.28,0.0679,BID
1446163172,2087.28,0.0965,BID
1446163172,2087.28,0.0209,BID
1446163172,2087.28,0.1,BID
1446163172,2087.28,0.6,BID
1446163172,2087.29,1.2732,BID
1446163172,2086.11,12.0,BID
1446163172,2086.11,9.422,BID
1446163173,2086.1,0.596,ASK
1446163173,2086.1,0.024,ASK
1446163176,2087.28,0.7,BID
1446163176,2087.29,2.2429,BID
1446163178,2087.29,0.29,ASK
1446163182,2087.28,0.01,BID
1446163184,2087.37,0.01,ASK
1446163184,2087.28,0.005,ASK
1446163184,2086.45,0.1,ASK
1446163184,2086.44,0.0148,ASK
1446163184,2086.28,0.0128,ASK
1446163184,2086.28,0.0574,ASK
1446163186,2086.43,0.2,ASK
1446163187,2087.36,0.01,ASK
1446163187,2086.44,0.1326,ASK
1446163187,2086.43,0.0574,ASK
1446163190,2086.45,0.0112,ASK
1446163190,2086.44,0.1888,ASK
1446163192,2087.3,0.1,ASK
1446163192,2086.56,0.037,ASK
1446163192,2086.46,0.063,ASK
1446163195,2086.46,0.0324,ASK
1446163195,2086.45,0.1676,ASK
1446163196,2086.52,0.122,ASK
1446163196,2086.45,0.078,ASK
1446163197,2086.51,0.2,ASK
1446163199,2087.29,0.2,ASK
1446163199,2087.29,0.2,ASK
1446163200,2087.9,0.2012,BID
1446163200,2087.9,0.2456,BID
1446163200,2087.9,0.0335,BID
1446163200,2087.91,0.1,BID
1446163200,2087.91,1.9997,BID
1446163200,2087.91,1.18,BID
1446163201,2087.91,2.0,BID
1446163201,2087.29,0.2,ASK
1446163201,2087.29,0.0651,ASK
1446163201,2087.29,0.08,ASK
1446163205,2087.3,0.6,ASK
1446163205,2087.29,0.4,ASK
1446163207,2087.31,0.03,ASK
1446163207,2087.3,0.17,ASK
1446163208,2087.3,0.0388,ASK
1446163208,2087.3,0.1426,ASK
1446163208,2087.29,0.0186,ASK
1446163210,2087.31,0.01,ASK
1446163212,2087.31,0.09,ASK
1446163212,2087.3,0.31,ASK
1446163212,2087.3,0.113,ASK
1446163212,2087.3,0.01,ASK
1446163212,2087.3,0.2,ASK
1446163212,2087.3,0.067,ASK
1446163212,2087.3,0.1144,ASK
1446163213,2087.3,0.2,ASK
1446163213,2087.3,0.1856,ASK
1446163213,2087.29,0.1144,ASK
1446163213,2087.3,1.0,ASK
1446163213,2087.3,9.984,ASK
1446163213,2087.29,0.05,ASK
1446163214,2087.29,0.08,ASK
1446163214,2087.3,0.113,BID
1446163214,2087.33,0.387,ASK
1446163214,2087.3,0.0131,ASK
1446163214,2087.29,0.0999,ASK
1446163215,2087.88,0.08,BID
1446163215,2087.31,0.01,ASK
1446163216,2087.31,0.073,ASK
1446163216,2087.31,0.03,ASK
1446163216,2087.29,0.17,ASK
1446163217,2087.29,0.156,ASK
1446163218,2087.29,0.186,ASK
1446163218,2087.29,0.2,ASK
1446163218,2087.29,1.0,ASK
1446163218,2087.29,0.05,ASK
1446163219,2087.29,0.08,ASK
1446163219,2087.29,12.4827,ASK
1446163219,2087.28,6.9757,ASK
1446163219,2087.28,0.334,ASK
1446163219,2087.28,0.391,ASK
1446163220,2087.28,0.156,ASK
1446163221,2087.28,0.2,ASK
1446163221,2087.28,1.6695,ASK
1446163222,2087.28,0.036,ASK
1446163225,2087.29,0.08,BID
1446163225,2087.28,0.063,ASK
1446163226,2087.29,0.4791,BID
1446163227,2087.28,0.2088,ASK
1446163227,2087.28,0.08,ASK
1446163227,2087.28,1.3759,ASK
1446163227,2087.29,0.4791,BID
1446163228,2087.28,0.133,ASK
1446163229,2087.28,0.165,ASK
1446163229,2087.28,0.6,ASK
1446163230,2087.28,0.02,ASK
1446163230,2087.28,0.6121,ASK
1446163231,2087.28,0.7,ASK
1446163232,2087.28,0.4,ASK
1446163232,2087.28,0.446,ASK
1446163232,2087.28,0.08,ASK
1446163233,2087.28,0.2131,ASK
1446163234,2087.28,0.25,ASK
1446163235,2087.28,0.01,ASK
1446163235,2087.28,0.2,ASK
1446163237,2087.28,0.01,ASK
1446163237,2087.28,0.1695,ASK
1446163238,2087.28,0.08,ASK
1446163238,2087.28,0.5,ASK
1446163239,2087.29,0.02,BID
1446163241,2087.28,0.174,ASK
1446163242,2087.28,0.01,ASK
1446163242,2087.28,0.133,ASK
1446163243,2087.33,0.01,ASK
1446163243,2087.28,0.29,ASK
1446163243,2087.28,0.1,ASK
1446163246,2087.28,0.01,ASK
1446163249,2087.58,0.1,BID
1446163249,2087.77,0.025,BID
1446163249,2087.77,0.0112,BID
1446163249,2087.78,0.0957,BID
1446163250,2087.28,0.2044,ASK
1446163250,2087.28,0.0102,BID
1446163250,2087.28,0.08,BID
1446163252,2087.18,0.04,BID
1446163252,2087.28,0.0289,BID
1446163260,2087.28,0.001,BID
1446163261,2087.28,0.2816,BID
1446163274,2087.3,0.05,ASK
1446163275,2086.31,3.0,ASK
1446163275,2086.31,12.308,ASK
1446163283,2087.25,0.0905,BID
1446163283,2087.25,0.0602,BID
1446163283,2087.25,0.0207,BID
1446163283,2087.26,0.5096,BID
1446163283,2087.26,0.294,BID
1446163283,2087.26,1.961,BID
1446163284,2087.26,0.41,BID
1446163285,2087.26,0.46,BID
1446163287,2087.26,0.01,BID
1446163292,2087.26,0.05,BID
1446163302,2086.41,0.02,ASK
1446163302,2086.4,0.05,ASK
1446163302,2086.39,0.0375,ASK
1446163302,2086.39,0.0925,ASK
1446163306,2086.4,0.2,ASK
1446163307,2087.25,0.05,BID
1446163307,2087.25,0.0153,BID
1446163307,2087.26,0.3047,BID
1446163308,2087.26,0.0007,BID
1446163308,2087.28,0.01,BID
1446163310,2087.38,0.0093,ASK
1446163310,2087.38,0.02,ASK
1446163310,2087.28,0.3,ASK
1446163310,2087.0,0.0653,BID
1446163312,2087.0,0.37,BID
1446163312,2086.99,0.0222,BID
1446163312,2087.0,0.0431,BID
1446163313,2087.0,0.489,BID
1446163313,2087.0,0.318,BID
1446163313,2087.0,0.1,BID
1446163314,2087.0,1.637,BID
1446163315,2087.0,0.01,BID
1446163316,2087.0,0.4,BID
1446163316,2087.0,0.69,BID
1446163316,2086.99,0.05,BID
1446163316,2087.0,0.5483,BID
1446163320,2087.02,0.2,ASK
1446163333,2087.03,0.05,ASK
1446163334,2087.03,0.05,ASK
1446163355,2087.48,0.1,BID
1446163355,2087.48,0.0689,BID
1446163355,2087.49,0.02,BID
1446163355,2087.49,0.1553,BID
1446163359,2087.04,0.069,ASK
1446163359,2087.03,0.0326,ASK
1446163359,2087.02,0.0984,ASK
1446163359,2087.02,0.5533,ASK
1446163359,2086.45,0.075,ASK
1446163359,2086.45,0.0445,ASK
1446163359,2086.44,0.3272,ASK
1446163360,2086.44,0.2,ASK
1446163365,2086.99,0.021,BID
1446163365,2087.0,0.34,BID
1446163365,2087.0,0.07,BID
1446163366,2087.0,0.009,BID
1446163366,2087.11,0.001,ASK
1446163366,2086.45,0.1,ASK
1446163366,2086.44,0.1728,ASK
1446163366,2086.44,0.7262,ASK
1446163367,2087.16,0.19,ASK
1446163367,2087.01,0.01,ASK
1446163367,2087.01,0.2,ASK
1446163367,2087.01,0.182,ASK
1446163367,2086.44,0.018,ASK
1446163371,2086.45,0.02,ASK
1446163371,2086.45,0.18,ASK
1446163371,2086.45,0.2,ASK
1446163373,2086.45,0.12,ASK
1446163373,2086.44,0.0558,ASK
1446163373,2086.44,0.0242,ASK
1446163375,2087.02,0.53,BID
1446163376,2086.45,0.38,ASK
1446163376,2086.45,0.119,ASK
1446163376,2086.44,0.4758,ASK
1446163376,2086.44,0.0252,ASK
1446163377,2087.01,0.0265,BID
1446163378,2087.04,0.1,ASK
1446163379,2087.04,0.2,ASK
1446163379,2087.04,0.2035,ASK
1446163379,2087.02,0.0965,BID
1446163379,2087.05,0.05,ASK
1446163382,2087.48,0.0352,BID
1446163382,2087.48,0.069,BID
1446163382,2087.49,0.1958,BID
1446163382,2087.49,0.4042,BID
1446163382,2087.49,0.0223,BID
1446163382,2087.49,0.0471,BID
1446163382,2087.49,0.0324,BID
1446163383,2087.5,0.01,BID
1446163383,2087.5,0.01,BID
1446163383,2087.06,17.332,BID
1446163384,2087.05,0.3535,ASK
1446163384,2087.0,0.025,BID
1446163385,2087.0,0.4,BID
1446163385,2087.0,2.0,BID
1446163385,2087.0,0.069,BID
1446163386,2086.59,0.001,ASK
1446163386,2087.0,0.6,BID
1446163386,2087.0,0.2,BID
1446163386,2087.0,0.4,BID
1446163386,2087.0,0.9525,BID
1446163386,2087.01,0.2,ASK
1446163386,2087.5,1.0,BID
1446163390,2087.49,0.026,BID
1446163390,2087.49,0.069,BID
1446163390,2087.49,0.036,BID
1446163391,2087.33,0.1766,ASK
1446163391,2087.3,0.0234,ASK
1446163391,2087.49,0.164,BID
1446163391,2087.5,0.131,BID
1446163392,2087.5,0.4,BID
1446163392,2087.5,0.14,BID
1446163392,2087.5,0.01,BID
1446163392,2087.19,0.1,ASK
1446163392,2087.12,0.1,BID
1446163392,2087.5,0.147,BID
1446163392,2087.5,0.164,BID
1446163392,2087.5,0.5,BID
1446163393,2087.5,0.14,BID
1446163394,2087.49,2.0,BID
1446163394,2087.49,0.8578,BID
1446163394,2087.5,0.1422,BID
1446163396,2087.5,0.9,BID
1446163396,2087.5,1.822,BID
1446163396,2087.5,0.6255,BID
1446163398,2087.71,0.02,ASK
1446163398,2087.71,0.174,ASK
1446163398,2087.51,0.3745,ASK
1446163398,2087.51,0.4315,ASK
1446163399,2087.67,0.05,ASK
1446163399,2087.51,0.15,ASK
1446163401,2087.9,0.02,BID
1446163401,2087.91,0.351,BID
1446163402,2087.52,0.069,ASK
1446163402,2087.52,0.0741,ASK
1446163402,2087.51,0.0569,ASK
1446163402,2087.51,0.1636,ASK
1446163402,2087.51,0.0364,ASK
1446163402,2087.51,0.9636,ASK
1446163402,2087.04,0.0103,ASK
1446163402,2087.02,0.0261,ASK
1446163404,2087.91,0.149,BID
1446163404,2087.92,0.9934,BID
1446163405,2087.91,0.0741,BID
1446163405,2087.91,0.0103,BID
1446163405,2087.92,2.5789,BID
1446163406,2087.92,0.1,ASK
1446163406,2087.92,0.6676,ASK
1446163407,2087.92,0.2904,ASK
1446163407,2087.03,0.015,ASK
1446163407,2087.03,0.185,ASK
1446163408,2087.28,0.343,BID
1446163409,2087.28,0.41,BID
1446163409,2087.28,0.96,BID
1446163409,2087.28,0.153,BID
1446163409,2087.28,1.271,BID
1446163409,2087.28,0.29,BID
1446163410,2087.28,0.1679,BID
1446163410,2087.28,0.4791,BID
1446163412,2087.28,0.4791,BID
1446163412,2087.28,0.01,BID
1446163413,2087.28,0.8192,BID
1446163418,2087.57,0.06,ASK
1446163427,2087.63,0.1,ASK
1446163427,2087.57,0.14,ASK
1446163427,2087.55,0.4,ASK
1446163427,2087.3,0.0619,ASK
1446163427,2087.29,0.2981,ASK
1446163429,2087.91,0.03,BID
1446163431,2087.92,0.015,BID
1446163431,2087.92,0.015,BID
1446163433,2087.91,0.039,BID
1446163433,2087.92,0.0469,BID
1446163433,2087.93,0.1611,BID
1446163433,2087.91,4.719,BID
1446163433,2087.91,0.9968,BID
1446163433,2087.93,0.0032,BID
1446163433,2087.93,0.427,BID
1446163433,2087.93,1.907,BID
1446163433,2087.93,0.5,BID
1446163433,2087.93,0.5,BID
1446163433,2087.93,2.0,BID
1446163433,2087.93,0.1744,BID
1446163433,2087.94,1.4046,BID
1446163433,2087.91,0.1,BID
1446163433,2087.94,0.781,BID
1446163433,2087.94,0.5,BID
1446163433,2087.94,0.5,BID
1446163433,2087.94,0.0761,BID
1446163434,2087.93,1.0,ASK
1446163434,2087.94,0.03,BID
1446163434,2087.94,0.09,BID
1446163434,2087.94,0.0469,BID
1446163435,2087.94,0.01,BID
1446163435,2087.94,0.445,BID
1446163436,2087.94,1.0,BID
1446163436,2087.93,2.58,ASK
1446163436,2087.93,0.42,ASK
1446163436,2087.91,0.139,ASK
1446163436,2087.3,0.033,ASK
1446163436,2087.3,0.02,ASK
1446163436,2087.29,0.181,ASK
1446163436,2087.29,0.4791,ASK
1446163436,2087.06,0.045,ASK
1446163436,2087.05,0.6829,ASK
1446163436,2087.94,0.056,BID
1446163438,2087.94,1.517,BID
1446163438,2087.94,1.0,BID
1446163438,2087.94,0.38,BID
1446163438,2087.94,0.06,BID
1446163438,2087.94,0.4789,BID
1446163438,2087.94,0.4955,BID
1446163438,2088.12,0.007,BID
1446163441,2088.54,0.001,BID
1446163441,2088.47,0.1636,ASK
1446163441,2088.24,0.8265,ASK
1446163441,2088.04,0.455,ASK
1446163441,2087.95,0.4789,ASK
1446163441,2087.95,0.0552,ASK
1446163441,2087.95,0.42,ASK
1446163441,2087.95,0.28,ASK
1446163441,2087.94,0.528,ASK
1446163441,2087.94,0.072,ASK
1446163442,2087.93,1.0,BID
1446163442,2087.93,0.024,BID
1446163442,2087.93,0.2694,BID
1446163442,2088.0,0.7306,BID
1446163442,2087.96,0.0477,ASK
1446163442,2087.06,0.9523,ASK
1446163442,2088.0,0.3,BID
1446163444,2088.0,0.001,BID
1446163444,2088.0,0.1,BID
1446163444,2088.0,0.555,BID
1446163444,2088.0,1.442,BID
1446163445,2087.95,0.03,ASK
1446163445,2087.94,0.842,BID
1446163445,2087.94,0.0142,BID
1446163446,2087.94,0.1604,BID
1446163446,2087.94,0.3984,BID
1446163446,2087.99,0.045,BID
1446163446,2087.99,0.1184,BID
1446163446,2088.0,0.8962,BID
1446163446,2088.0,0.182,BID
1446163446,2087.99,15.0,BID
1446163446,2087.99,6.253,BID
1446163447,2087.93,0.0279,BID
1446163447,2088.0,0.7932,BID
1446163447,2088.3,0.0196,ASK
1446163451,2088.54,0.001,ASK
1446163451,2088.31,0.069,ASK
1446163451,2088.31,1.0732,ASK
1446163453,2088.77,0.0132,BID
1446163453,2089.37,0.003,BID
1446163454,2088.31,1.0,ASK
1446163454,2088.76,0.0132,BID
1446163458,2088.76,0.0558,BID
1446163460,2088.76,0.0442,BID
1446163461,2088.76,0.0116,ASK
1446163461,2088.75,0.0442,BID
1446163475,2089.09,0.02,ASK
1446163475,2089.08,0.1,ASK
1446163475,2088.79,0.05,ASK
1446163475,2088.3,0.83,ASK
1446163489,2089.0,1.0,ASK
1446163491,2089.01,0.069,ASK
1446163491,2089.0,0.131,ASK
1446163491,2089.0,0.6,ASK
1446163491,2089.0,0.4,ASK
1446163491,2089.0,0.01,ASK
1446163492,2089.0,1.0,ASK
1446163495,2089.93,0.04,BID
1446163504,2089.01,0.5,ASK
1446163504,2089.01,0.5,ASK
1446163509,2089.91,0.001,BID
1446163509,2089.01,0.1,ASK
1446163509,2089.01,0.0139,ASK
1446163509,2089.01,0.1284,ASK
1446163509,2089.01,0.0551,ASK
1446163509,2089.0,2.7026,ASK
1446163514,2089.91,0.039,BID
1446163514,2089.92,0.0356,BID
1446163514,2089.93,0.4254,BID
1446163520,2089.91,0.069,BID
1446163520,2089.92,0.0291,BID
1446163520,2089.92,0.06,BID
1446163520,2089.93,0.2575,BID
1446163520,2089.93,0.0844,BID
1446163521,2089.03,3.122,BID
1446163529,2089.03,0.069,ASK
1446163529,2089.02,0.0291,ASK
1446163529,2089.02,0.0179,ASK
1446163529,2089.01,0.884,ASK
1446163534,2089.04,0.1,ASK
1446163534,2089.01,0.016,ASK
1446163534,2089.01,0.0177,ASK
1446163534,2089.0,9.1564,ASK
1446163534,2089.0,0.814,ASK
1446163547,2089.91,0.1,BID
1446163547,2089.92,0.0135,BID
1446163547,2089.93,0.2156,BID
1446163547,2089.93,0.0318,BID
1446163547,2089.93,0.0182,BID
1446163547,2089.94,0.5,BID
1446163547,2089.94,0.5,BID
1446163547,2089.94,0.0219,BID
1446163552,2089.92,0.001,ASK
1446163558,2089.01,0.0318,ASK
1446163558,2089.01,0.0182,ASK
1446163558,2089.01,0.0135,ASK
1446163558,2089.0,0.3365,ASK
1446163558,2089.0,0.5,ASK
1446163558,2089.0,0.2,ASK
1446163558,2089.0,0.6,ASK
1446163572,2089.0,1.0,ASK
1446163573,2089.0,0.4237,ASK
1446163574,2088.98,5.0,ASK
1446163574,2088.98,3.979,ASK
1446163575,2088.99,0.01,BID
1446163576,2088.99,0.01,BID
1446163580,2088.99,0.2063,BID
1446163580,2088.99,0.65,BID
1446163580,2089.02,0.001,BID
1446163580,2089.45,0.003,ASK
1446163583,2089.45,0.6,ASK
1446163583,2089.45,0.4682,ASK
1446163583,2089.45,0.4,ASK
1446163583,2089.45,0.4,ASK
1446163584,2089.45,0.3,ASK
1446163584,2089.45,2.0,ASK
1446163585,2089.45,0.4,ASK
1446163586,2089.46,0.01,ASK
1446163586,2089.46,0.59,ASK
1446163586,2089.45,0.879,ASK
1446163586,2089.45,1.0,ASK
1446163587,2089.46,0.1,ASK
1446163587,2089.45,0.4,ASK
1446163587,2089.45,0.01,ASK
1446163591,2089.45,0.769,ASK
1446163594,2089.45,1.0,ASK
1446163594,2089.45,0.01,ASK
1446163596,2089.45,0.01,ASK
1446163597,2089.45,0.01,ASK
1446163601,2089.45,1.0,ASK
1446163601,2089.45,0.01,ASK
1446163602,2089.45,0.01,ASK
1446163620,2089.87,0.02,BID
1446163620,2089.87,0.069,BID
1446163620,2089.87,0.03,BID
1446163620,2089.88,0.0638,BID
1446163620,2089.88,0.6,BID
1446163620,2089.88,4.0,BID
1446163620,2089.89,1.2142,BID
1446163620,2089.95,0.35,BID
1446163620,2089.95,1.0,BID
1446163620,2090.0,2.65,BID
1446163624,2089.83,3.0,BID
1446163624,2089.83,6.0,BID
1446163624,2089.83,8.035,BID
1446163638,2089.01,0.0249,ASK
1446163638,2089.01,0.0109,ASK
1446163638,2089.01,0.069,ASK
1446163638,2089.01,0.123,ASK
1446163638,2089.0,0.7722,ASK
1446163643,2089.79,0.069,BID
1446163643,2089.8,0.1,BID
1446163643,2089.81,0.139,BID
1446163643,2089.83,0.0181,BID
1446163643,2089.84,0.361,BID
1446163643,2089.98,0.8781,BID
1446163643,2090.0,0.0998,BID
1446163648,2089.02,0.069,ASK
1446163648,2089.01,0.02,ASK
1446163648,2089.01,0.0128,ASK
1446163648,2089.01,0.0181,ASK
1446163648,2089.01,0.1,ASK
1446163648,2089.0,0.7801,ASK
1446163651,2089.81,0.0336,ASK
1446163652,2089.82,4.0,ASK
1446163652,2089.82,3.0,ASK
1446163652,2089.82,3.717,ASK
1446163652,2089.81,2.0,ASK
1446163652,2089.81,0.676,ASK
1446163652,2089.81,0.2,ASK
1446163652,2089.81,1.0,ASK
1446163652,2089.81,0.4,ASK
1446163652,2089.81,0.1764,ASK
1446163654,2089.0,0.1,ASK
1446163677,2089.57,0.1,BID
1446163677,2089.59,0.02,BID
1446163677,2089.6,0.62,BID
1446163677,2089.6,0.18,BID
1446163677,2089.79,0.0325,BID
1446163677,2089.8,0.0475,BID
1446163682,2089.0,0.5,ASK
1446163688,2089.01,0.1,ASK
1446163688,2089.0,0.3,ASK
1446163709,2089.76,0.0094,BID
1446163711,2089.01,0.02,ASK
1446163711,2089.0,0.0894,ASK
1446163718,2089.0,0.001,ASK
1446163748,2089.01,0.1,BID
1446163756,2089.17,0.05,ASK
1446163756,2089.0,0.35,ASK
1446163759,2089.0,0.2,ASK
1446163759,2089.0,0.0835,ASK
1446163761,2088.98,0.0638,BID
1446163789,2088.95,0.05,BID
1446163794,2088.95,0.01,BID
1446163812,2088.93,0.04,BID
1446163812,2088.94,0.02,BID
1446163812,2088.97,0.05,BID
1446163812,2088.97,4.0,BID
1446163812,2088.98,0.6192,BID
1446163812,2089.0,0.3192,BID
1446163815,2088.99,0.022,BID
1446163815,2089.0,0.4398,BID
1446163815,2089.06,0.02,BID
1446163815,2089.06,0.0182,BID
1446163816,2088.27,0.01,ASK
1446163821,2088.97,0.0321,BID
1446163821,2088.97,0.0179,BID
1446163821,2089.05,0.0596,BID
1446163821,2089.06,0.0018,BID
1446163821,2089.37,0.071,BID
1446163821,2089.41,0.1468,BID
1446163821,2089.42,0.0708,BID
1446163823,2088.27,0.01,ASK
1446163825,2088.28,0.04,ASK
1446163825,2088.28,0.01,ASK
1446163826,2088.94,1.687,ASK
1446163827,2088.94,0.4,ASK
1446163827,2088.94,0.3,ASK
1446163827,2088.94,0.4,ASK
1446163827,2088.94,1.0,ASK
1446163827,2088.94,0.6,ASK
1446163827,2088.94,1.0,ASK
1446163827,2088.94,1.0,ASK
1446163827,2088.94,1.0,ASK
1446163827,2088.94,0.132,ASK
1446163827,2088.94,0.651,ASK
1446163829,2088.66,0.2,BID
1446163829,2088.84,0.4,BID
1446163829,2088.84,0.01,BID
1446163832,2088.26,0.05,ASK
1446163832,2088.25,1.0,ASK
1446163834,2088.26,0.1,ASK
1446163834,2088.25,0.2,ASK
1446163835,2088.25,0.1,ASK
1446163835,2088.01,0.4789,ASK
1446163835,2088.01,0.4789,ASK
1446163872,2088.01,0.01,ASK
1446163874,2088.01,0.105,ASK
1446163875,2088.01,0.01,ASK
1446163877,2088.01,0.01,ASK
1446163877,2088.02,0.24,ASK
1446163877,2088.02,0.24,ASK
1446163877,2088.02,0.24,ASK
1446163878,2088.02,0.18,ASK
1446163878,2088.02,0.5,ASK
1446163878,2088.01,3.6184,ASK
1446163878,2088.0,0.0538,ASK
1446163883,2088.0,0.01,ASK
1446163883,2088.01,0.24,BID
1446163883,2088.01,0.21,BID
1446163883,2088.01,0.03,BID
1446163884,2088.01,0.42,BID
1446163891,2088.02,0.0589,ASK
1446163891,2088.02,0.2011,ASK
1446163894,2088.02,0.26,ASK
1446163897,2088.02,0.0178,ASK
1446163897,2088.0,0.1122,ASK
1446163914,2088.01,0.1237,ASK
1446163914,2088.01,0.0863,ASK
1446163914,2088.01,0.0095,ASK
1446163914,2088.0,0.2005,ASK
1446163928,2088.44,0.01,BID
1446163929,2088.0,1.6835,ASK
1446163929,2088.0,1.2502,ASK
1446163929,2087.97,0.12,ASK
1446163937,2088.0,0.64,BID
1446163941,2088.02,0.3,ASK
1446163941,2088.02,0.174,ASK
1446163943,2088.01,0.145,BID
1446163943,2088.01,0.029,BID
1446163946,2088.0,0.01,BID
1446163951,2087.51,0.0097,ASK
1446163960,2087.98,0.04,BID
1446163963,2087.98,0.02,BID
1446163963,2087.98,0.0396,BID
1446163963,2087.98,0.0004,BID
1446163967,2087.97,0.03,BID
1446163970,2087.96,0.01,BID
1446163972,2087.95,0.0227,BID
1446163972,2087.96,0.0173,BID
1446163974,2087.96,0.24,BID
1446163977,2087.95,0.0116,BID
1446163977,2087.96,0.2184,BID
1446163983,2087.94,0.04,BID
1446163986,2087.94,0.04,BID
1446163987,2087.94,0.01,BID
1446163987,2087.98,0.012,BID
1446163987,2087.98,0.0413,BID
1446163987,2087.99,0.9,BID
1446163987,2087.99,0.3,BID
1446163987,2087.99,0.6,BID
1446163987,2088.0,4.8937,BID
1446163988,2088.44,18.0,BID
1446163988,2088.44,8.58,BID
1446163994,2088.45,0.1502,BID
1446163999,2088.44,0.01,BID
1446164004,2088.49,0.04,BID
1446164004,2088.5,0.575,BID
1446164004,2088.5,0.01,BID
1446164005,2088.5,0.4788,BID
1446164006,2088.5,0.4788,BID
1446164007,2088.5,0.38,BID
1446164007,2088.5,0.315,BID
1446164008,2088.5,0.4788,BID
1446164008,2088.5,0.4788,BID
1446164008,2088.5,0.02,BID
1446164010,2088.5,0.4788,BID
1446164012,2088.5,0.4788,BID
1446164013,2088.5,0.4788,BID
1446164014,2088.5,0.47,BID
1446164014,2088.5,0.4788,BID
1446164015,2088.5,0.4788,BID
1446164015,2088.5,0.651,BID
1446164016,2088.5,0.4788,BID
1446164017,2088.5,0.4788,BID
1446164017,2088.5,0.01,BID
1446164018,2088.5,0.761,BID
1446164018,2088.5,0.4788,BID
1446164019,2088.5,0.4788,BID
1446164020,2088.5,0.4788,BID
1446164021,2088.5,0.1048,BID
1446164022,2088.51,0.01,ASK
1446164023,2088.61,0.01,ASK
1446164023,2088.51,0.035,ASK
1446164024,2088.51,0.329,ASK
1446164024,2088.51,0.4788,ASK
1446164024,2088.46,0.02,ASK
1446164024,2088.45,0.8923,ASK
1446164024,2088.45,0.07,BID
1446164044,2088.46,0.12,ASK
1446164047,2088.45,0.05,BID
1446164048,2088.45,0.07,BID
1446164048,2088.46,0.05,BID
1446164049,2088.46,0.05,BID
1446164049,2088.46,0.02,BID
1446164050,2088.46,0.1,ASK
1446164054,2088.46,0.01,BID
1446164057,2088.46,0.09,BID
1446164062,2088.63,0.01,BID
1446164062,2088.64,0.06,BID
1446164064,2088.64,0.01,BID
1446164065,2088.8,0.1,BID
1446164065,2088.8,0.042,BID
1446164077,2088.82,0.01,BID
1446164078,2088.82,0.0591,ASK
1446164079,2088.72,0.03,ASK
1446164080,2088.8,0.0829,BID
1446164080,2088.8,0.0171,BID
1446164085,2088.64,0.06,ASK
1446164161,2088.09,0.01,ASK
1446164165,2088.09,0.01,ASK
1446164165,2088.09,0.58,ASK
1446164165,2088.09,0.42,ASK
1446164166,2088.09,0.355,ASK
1446164167,2088.09,0.125,ASK
1446164167,2088.09,0.177,ASK
1446164168,2088.09,0.09,ASK
1446164169,2088.09,0.233,ASK
1446164169,2088.09,0.3,ASK
1446164169,2088.08,0.0635,ASK
1446164173,2088.02,0.01,ASK
1446164175,2088.02,0.01,ASK
1446164187,2088.05,0.02,BID
1446164187,2088.06,0.0435,BID
1446164193,2088.06,0.03,ASK
1446164194,2088.01,0.3,ASK
1446164194,2088.0,9.7982,ASK
1446164197,2088.09,0.5,ASK
1446164197,2088.09,0.01,BID
1446164197,2088.0,0.01,ASK
1446164199,2088.09,0.781,BID
1446164200,2088.09,0.4789,BID
1446164201,2088.09,0.3,BID
1446164201,2088.09,0.4789,BID
1446164203,2088.09,0.4789,BID
1446164204,2088.01,0.01,ASK
1446164204,2088.09,0.4789,BID
1446164205,2088.08,0.01,BID
1446164205,2088.09,0.4689,BID
1446164206,2088.09,0.4789,BID
1446164208,2088.09,0.3761,BID
1446164216,2088.1,0.1028,ASK
1446164216,2088.1,0.1272,ASK
1446164221,2088.1,0.23,ASK
1446164224,2088.1,0.01,ASK
1446164229,2088.1,0.0089,ASK
1446164229,2088.09,0.1038,ASK
1446164229,2088.09,0.0073,ASK
1446164234,2088.09,0.1,ASK
1446164235,2088.09,0.12,ASK
1446164235,2088.09,0.12,ASK
1446164235,2088.09,0.01,ASK
1446164236,2088.1,4.0,ASK
1446164236,2088.1,5.599,ASK
1446164237,2088.09,0.01,ASK
1446164239,2088.09,0.01,ASK
1446164240,2088.09,0.5,ASK
1446164240,2088.09,0.8594,ASK
1446164241,2088.09,1.18,ASK
1446164241,2088.09,0.5,ASK
1446164243,2088.09,0.499,ASK
1446164248,2088.09,1.0,ASK
1446164253,2088.09,1.0,ASK
1446164258,2088.09,0.0843,ASK
1446164267,2088.05,0.9157,BID
1446164267,2088.0,0.43,ASK
1446164268,2088.05,1.0,BID
1446164272,2088.07,0.915,ASK
1446164272,2088.06,0.085,ASK
1446164273,2088.06,0.3939,ASK
1446164276,2088.05,0.55,ASK
1446164290,2088.02,0.027,BID
1446164291,2088.02,0.423,BID
1446164325,2088.03,0.027,ASK
1446164325,2088.03,0.423,ASK
1446164326,2088.0,1.0048,ASK
1446164326,2088.0,0.02,ASK
1446164326,2088.0,0.1552,ASK
1446164326,2088.0,0.8026,ASK
1446164326,2088.0,6.9854,ASK
1446164329,2088.02,0.45,BID
1446164329,2088.05,0.04,BID
1446164341,2088.05,0.0333,ASK
1446164341,2088.03,0.4497,ASK
1446164341,2088.03,0.0003,ASK
1446164341,2088.01,0.015,ASK
1446164341,2088.0,1.1647,ASK
1446164345,2088.01,0.483,BID
1446164345,2088.04,0.0333,BID
1446164345,2088.06,0.2561,BID
1446164345,2088.1,1.2276,BID
1446164346,2088.0,0.01,ASK
1446164347,2088.02,0.308,ASK
1446164348,2088.02,0.01,ASK
1446164349,2088.1,2.0,BID
1446164349,2088.02,0.1609,ASK
1446164349,2088.0,0.6581,ASK
1446164350,2088.0,0.233,ASK
1446164350,2088.01,0.171,BID
1446164350,2088.1,0.3079,BID
1446164351,2088.02,0.01,BID
1446164351,2088.1,0.4689,BID
1446164352,2088.1,0.4789,BID
1446164352,2088.0,0.185,ASK
1446164353,2088.1,0.4789,BID
1446164354,2088.01,0.01,ASK
1446164354,2088.1,0.0319,BID
1446164355,2088.11,0.447,ASK
1446164356,2088.11,0.01,ASK
1446164356,2088.11,0.447,ASK
1446164357,2088.11,0.0219,ASK
1446164357,2088.1,0.001,ASK
1446164357,2088.1,0.0319,ASK
1446164364,2088.09,0.01,BID
1446164364,2088.1,0.5952,BID
1446164364,2088.1,0.4378,BID
1446164366,2088.1,0.0002,BID
1446164374,2088.1,0.02,ASK
1446164376,2088.1,1.3738,BID
1446164377,2088.07,0.01,ASK
1446164377,2088.1,2.58,BID
1446164377,2088.1,1.18,BID
1446164377,2088.1,0.4789,BID
1446164377,2088.08,5.0,BID
1446164377,2088.08,18.998,BID
1446164378,2088.1,0.4,BID
1446164378,2088.1,0.4,BID
1446164378,2088.1,0.4,BID
1446164378,2088.1,2.0,BID
1446164378,2088.1,0.4789,BID
1446164379,2088.1,0.4789,BID
1446164380,2088.1,3.3549,BID
1446164381,2088.11,0.01,ASK
1446164385,2088.11,0.01,ASK
1446164390,2088.11,0.45,ASK
1446164392,2088.98,0.001,BID
1446164395,2088.12,0.01,ASK
1446164395,2088.12,0.01,ASK
1446164399,2088.14,0.01,ASK
1446164399,2088.12,0.01,ASK
1446164403,2088.98,0.0681,BID
1446164403,2088.99,0.01,BID
1446164404,2089.0,0.01,ASK
1446164406,2089.01,0.001,ASK
1446164406,2089.0,0.0119,ASK
1446164428,2088.83,0.02,ASK
1446164428,2088.83,0.061,ASK
1446164459,2088.15,0.08,ASK
1446164459,2088.12,0.0101,ASK
1446164459,2088.12,0.0143,ASK
1446164459,2088.11,0.0089,ASK
1446164459,2088.11,0.2033,ASK
1446164464,2088.65,0.001,BID
1446164464,2088.66,0.01,BID
1446164466,2088.65,0.001,BID
1446164469,2088.65,0.099,BID
1446164469,2088.75,0.01,BID
1446164477,2088.79,0.02,BID
1446164490,2088.79,0.001,BID
1446164491,2088.79,0.001,BID
1446164493,2088.79,0.008,BID
1446164496,2088.8,0.1,ASK
1446164497,2088.8,0.01,ASK
1446164497,2088.8,0.01,ASK
1446164497,2088.8,0.01,ASK
1446164500,2088.81,0.01,ASK
1446164509,2089.0,0.01,ASK
1446164510,2089.55,0.02,BID
1446164510,2089.56,0.002,BID
1446164512,2089.56,0.01,ASK
1446164513,2089.55,0.001,ASK
1446164513,2089.35,0.01,BID
1446164514,2089.54,12.0,ASK
1446164514,2089.54,1.464,ASK
1446164516,2089.55,0.01,ASK
1446164516,2089.48,0.03,ASK
1446164517,2089.48,0.01,ASK
1446164517,2089.48,0.05,ASK
1446164521,2089.34,0.04,BID
1446164522,2089.34,0.01,ASK
1446164523,2089.34,0.01,ASK
1446164524,2089.34,0.01,ASK
1446164526,2089.46,0.0197,BID
1446164526,2089.47,0.1,BID
1446164526,2089.47,0.1,BID
1446164526,2089.47,0.1,BID
1446164526,2089.77,0.0104,BID
1446164526,2089.78,0.5008,BID
1446164527,2089.23,0.01,BID
1446164527,2089.33,0.01,BID
1446164528,2089.48,0.01,ASK
1446164529,2089.48,0.01,ASK
1446164529,2089.48,0.36,ASK
1446164531,2089.25,0.0185,BID
1446164534,2089.23,0.01,ASK
1446164534,2089.46,0.02,BID
1446164534,2089.47,0.38,BID
1446164534,2089.47,0.38,BID
1446164534,2089.47,0.09,BID
1446164534,2089.47,0.2,BID
1446164534,2089.29,6.556,BID
1446164536,2089.27,0.384,BID
1446164536,2089.3,0.01,BID
1446164536,2089.47,0.38,BID
1446164536,2089.47,0.38,BID
1446164536,2089.47,0.38,BID
1446164536,2089.47,0.37,BID
1446164536,2089.47,0.7176,ASK
1446164536,2089.24,0.0691,ASK
1446164536,2089.02,0.1009,ASK
1446164536,2089.02,0.0637,ASK
1446164536,2089.01,0.08,ASK
1446164539,2089.02,0.01,BID
1446164539,2089.02,0.279,BID
1446164540,2089.01,0.1,ASK
1446164541,2089.02,0.4787,BID
1446164542,2089.01,0.65,ASK
1446164543,2089.02,0.4787,BID
1446164543,2089.01,0.65,ASK
1446164544,2089.02,0.4787,BID
1446164545,2089.02,0.4787,BID
1446164545,2089.0,0.207,ASK
1446164546,2089.02,0.4787,BID
1446164547,2089.02,0.352,BID
1446164547,2089.02,0.4787,BID
1446164548,2089.02,0.4787,BID
1446164549,2089.02,0.4787,BID
1446164550,2089.02,0.4787,BID
1446164552,2089.02,0.4787,BID
1446164552,2089.02,1.18,BID
1446164553,2089.02,0.4787,BID
1446164554,2089.01,0.4787,BID
1446164555,2089.01,0.03,BID
1446164557,2089.01,0.01,BID
1446164559,2089.01,0.0813,BID
1446164559,2089.01,0.3307,BID
1446164560,2089.01,0.0913,BID
1446164561,2089.01,0.0913,BID
1446164561,2089.01,0.3867,BID
1446164561,2089.02,0.0253,BID
1446164562,2089.02,0.4787,BID
1446164562,2089.02,0.01,BID
1446164567,2089.01,0.01,BID
1446164571,2089.01,0.24,BID
1446164572,2089.01,0.25,BID
1446164572,2089.02,0.2287,BID
1446164573,2089.02,0.4787,BID
1446164573,2089.0,5.05,ASK
1446164573,2089.02,0.11,BID
1446164574,2089.0,0.65,ASK
1446164575,2089.0,0.65,ASK
1446164575,2089.0,0.0468,ASK
1446164576,2089.0,0.65,ASK
1446164576,2089.01,0.01,BID
1446164577,2089.0,0.01,ASK
1446164577,2089.0,0.65,ASK
1446164577,2089.01,0.02,BID
1446164578,2089.01,0.27,BID
1446164578,2089.01,0.0816,BID
1446164578,2089.01,0.01,BID
1446164578,2089.02,8.6384,BID
1446164579,2089.0,0.65,ASK
1446164580,2089.01,0.1058,BID
1446164580,2089.02,0.1842,BID
1446164580,2089.0,0.65,ASK
1446164581,2089.0,0.01,ASK
1446164581,2089.0,1.315,ASK
1446164581,2089.02,0.3616,BID
1446164582,2089.01,0.02,ASK
1446164582,2089.0,0.63,ASK
1446164583,2089.0,0.7312,ASK
1446164583,2088.99,0.65,BID
1446164583,2089.0,0.53,BID
1446164592,2088.8,1.512,ASK
1446164593,2088.13,0.5,ASK
1446164593,2088.13,0.68,ASK
1446164594,2088.13,0.22,ASK
1446164594,2088.13,0.6,ASK
1446164594,2088.13,0.3,ASK
1446164594,2088.12,11.0501,ASK
1446164595,2088.12,0.02,BID
1446164596,2088.12,0.4,BID
1446164596,2088.12,0.1207,BID
1446164600,2088.87,0.5,BID
1446164600,2088.98,0.3,BID
1446164600,2088.98,0.9,BID
1446164600,2088.99,0.65,BID
1446164600,2089.0,0.6,ASK
1446164601,2089.0,0.5,ASK
1446164602,2089.0,0.25,ASK
1446164602,2089.0,1.9366,ASK
1446164603,2089.0,0.65,ASK
1446164603,2089.0,1.21,ASK
1446164604,2089.0,0.26,ASK
1446164604,2089.0,0.65,ASK
1446164605,2089.0,0.01,ASK
1446164605,2089.0,0.65,ASK
1446164605,2089.0,0.3875,ASK
1446164606,2089.0,0.45,ASK
1446164606,2089.0,0.38,ASK
1446164607,2089.0,0.65,ASK
1446164608,2089.0,0.02,ASK
1446164608,2089.0,0.65,ASK
1446164609,2089.0,0.0352,ASK
1446164609,2089.0,0.1143,ASK
1446164609,2088.99,0.5357,BID
1446164609,2089.01,0.0043,BID
1446164610,2088.99,0.23,BID
1446164626,2089.0,0.1,BID
1446164626,2089.01,0.272,BID
1446164636,2089.02,3.708,BID
1446164640,2089.02,1.4522,BID
1446164640,2089.02,10.3625,BID
1446164641,2089.02,0.5,ASK
1446164642,2089.02,0.4033,ASK
1446164645,2088.87,0.4989,ASK
1446164646,2088.93,0.1,ASK
1446164646,2088.88,0.0579,ASK
1446164646,2088.87,0.4921,ASK
1446164647,2088.87,0.01,ASK
1446164647,2088.88,0.033,ASK
1446164647,2088.87,0.157,ASK
1446164647,2088.86,0.46,BID
1446164647,2088.99,0.0202,BID
1446164647,2089.0,0.403,BID
1446164647,2089.0,0.0377,BID
1446164647,2089.01,0.4033,BID
1446164647,2089.01,0.6,BID
1446164647,2089.01,0.5464,BID
1446164650,2088.81,0.01,BID
1446164650,2088.86,0.368,BID
1446164650,2088.86,0.08,BID
1446164650,2088.86,0.202,BID
1446164650,2089.0,0.033,BID
1446164650,2089.01,0.145,BID
1446164652,2089.01,0.2116,BID
1446164652,2089.01,0.4,BID
1446164652,2089.23,0.5684,BID
1446164657,2088.88,0.01,ASK
1446164662,2089.22,0.01,BID
1446164664,2088.88,0.01,ASK
1446164666,2088.88,0.0018,ASK
1446164670,2088.87,0.0082,ASK
1446164670,2088.87,0.01,ASK
1446164670,2088.88,0.0109,BID
1446164673,2088.87,0.01,ASK
1446164676,2088.87,0.01,ASK
1446164680,2088.88,0.0466,BID
1446164680,2089.22,0.01,BID
1446164680,2089.22,0.01,BID
1446164680,2089.22,0.0127,BID
1446164680,2089.23,1.8316,BID
1446164686,2088.89,0.02,ASK
1446164687,2088.89,0.0266,ASK
1446164687,2088.87,0.0708,ASK
1446164687,2088.87,0.0826,ASK
1446164687,2088.87,0.02,ASK
1446164689,2088.87,0.0064,ASK
1446164692,2088.82,0.01,ASK
1446164696,2088.56,0.0099,ASK
1446164697,2088.86,0.1126,BID
1446164699,2088.86,0.01,ASK
1446164699,2088.56,0.0001,ASK
1446164699,2088.22,0.5,ASK
1446164699,2088.2,0.9,ASK
1446164699,2088.2,0.6,ASK
1446164699,2088.2,0.1271,ASK
1446164744,2088.56,2.6389,BID
1446164745,2088.56,0.4,BID
1446164745,2088.56,0.4,BID
1446164746,2088.56,0.4,BID
1446164746,2088.56,2.0,BID
1446164747,2088.56,0.1536,BID
1446164747,2088.56,0.01,BID
1446164748,2088.56,0.081,BID
1446164748,2088.56,0.3803,BID
1446164761,2089.0,0.72,ASK
1446164761,2088.74,0.11,ASK
1446164761,2088.57,0.233,ASK
1446164761,2088.28,0.1826,ASK
1446164761,2088.27,1.5726,ASK
1446164796,2089.73,0.0114,BID
1446164796,2089.74,0.0691,BID
1446164796,2089.74,0.03,BID
1446164796,2089.75,0.6,BID
1446164798,2089.75,0.145,ASK
1446164798,2089.75,0.0016,ASK
1446164802,2089.38,0.1466,BID
1446164803,2089.38,0.01,BID
1446164803,2089.38,0.1,ASK
1446164806,2089.38,0.0366,ASK
1446164809,2089.37,0.0004,BID
1446164809,2089.37,0.0359,BID
1446164809,2089.73,0.0338,BID
1446164809,2089.74,0.147,BID
1446164809,2089.74,0.147,BID
1446164809,2089.75,0.1466,BID
1446164809,2089.75,0.01,ASK
1446164810,2089.76,17.098,ASK
1446164811,2089.75,0.726,ASK
1446164811,2089.75,0.1388,ASK
1446164811,2089.74,0.7262,BID
1446164811,2089.74,0.865,BID
1446164811,2089.74,0.865,BID
1446164811,2089.81,0.025,BID
1446164811,2089.82,0.5,BID
1446164811,2089.99,0.025,BID
1446164811,2090.0,26.0,BID
1446164811,2090.03,0.5443,BID
1446164811,2090.04,0.101,BID
1446164811,2090.15,0.147,BID
1446164811,2090.2,0.3,BID
1446164811,2090.28,0.047,BID
1446164811,2090.38,0.107,BID
1446164811,2090.47,0.1,BID
1446164811,2090.58,0.85,BID
1446164811,2090.82,1.7975,BID
1446164814,2088.99,0.01,BID
1446164815,2089.27,0.01,ASK
1446164817,2089.27,0.01,ASK
1446164818,2089.27,0.07,ASK
1446164818,2088.97,0.035,BID
1446164820,2088.38,0.1,ASK
1446164821,2088.66,0.08,BID
1446164821,2088.97,0.07,BID
1446164827,2089.06,0.01,ASK
1446164832,2089.55,0.1,BID
1446164832,2089.55,0.02,BID
1446164832,2089.56,0.015,BID
1446164832,2089.57,0.08,BID
1446164832,2089.57,0.08,BID
1446164832,2089.57,0.08,BID
1446164832,2089.57,0.08,BID
1446164832,2089.62,0.09,BID
1446164832,2089.73,0.0146,BID
1446164832,2089.73,0.0278,BID
1446164832,2089.74,0.65,BID
1446164832,2089.74,0.845,BID
1446164834,2089.74,0.02,BID
1446164837,2089.74,1.991,ASK
1446164837,2089.74,0.0009,ASK
1446164838,2088.99,0.1314,ASK
1446164838,2088.99,0.1283,ASK
1446164838,2088.98,1.7403,ASK
1446164843,2089.01,0.0691,ASK
1446164843,2089.0,0.0779,ASK
1446164843,2089.0,0.0221,ASK
1446164843,2089.0,0.0119,ASK
1446164843,2088.99,0.6,ASK
1446164843,2088.98,0.3,ASK
1446164843,2088.98,0.5,ASK
1446164843,2088.97,0.558,ASK
1446164848,2088.97,1.992,ASK
1446164848,2088.97,1.054,ASK
1446164849,2088.97,1.0,ASK
1446164849,2088.97,0.65,ASK
1446164850,2088.97,0.65,ASK
1446164852,2088.97,0.65,ASK
1446164853,2088.97,1.0,ASK
1446164853,2088.98,0.3,BID
1446164853,2088.97,0.65,ASK
1446164853,2088.98,5.0,BID
1446164853,2088.98,12.132,BID
1446164854,2088.97,0.65,ASK
1446164856,2089.0,0.6,ASK
1446164856,2088.98,0.02,ASK
1446164856,2088.97,0.03,ASK
1446164865,2088.97,1.5,ASK
1446164867,2089.24,0.0495,BID
1446164867,2089.25,0.99,BID
1446164867,2089.27,0.1,BID
1446164867,2089.56,0.01,BID
1446164867,2089.57,0.2,BID
1446164867,2089.72,0.05,BID
1446164867,2089.73,1.0,BID
1446164867,2089.98,0.3,BID
1446164867,2089.99,0.5605,BID
1446164873,2089.01,0.0205,ASK
1446164873,2089.0,0.3795,ASK
1446164874,2089.0,0.0205,ASK
1446164875,2089.0,0.01,ASK
1446164875,2089.0,0.0205,ASK
1446164875,2089.0,0.1,ASK
1446164875,2089.0,0.1,ASK
1446164875,2089.01,0.01,ASK
1446164875,2089.01,0.0193,ASK
1446164875,2089.0,0.6747,ASK
1446164876,2089.0,0.5,ASK
1446164876,2089.0,0.0299,ASK
1446164876,2089.0,0.544,ASK
1446164876,2089.0,0.41,ASK
1446164876,2089.0,0.6,ASK
1446164876,2089.0,0.716,ASK
1446164877,2089.0,0.716,ASK
1446164877,2089.0,0.11,ASK
1446164877,2089.0,0.3,ASK
1446164878,2089.0,0.0824,ASK
1446164878,2088.97,0.064,ASK
1446164879,2088.97,0.2,ASK
1446164880,2088.97,1.18,ASK
1446164881,2088.97,0.2,ASK
1446164881,2088.97,0.65,ASK
1446164882,2088.97,0.01,ASK
1446164882,2088.97,0.65,ASK
1446164883,2088.97,1.18,ASK
1446164883,2088.97,0.1,ASK
1446164883,2088.97,0.65,ASK
1446164884,2088.97,0.05,ASK
1446164884,2088.97,0.01,ASK
1446164884,2088.97,0.65,ASK
1446164884,2088.97,0.932,ASK
1446164885,2088.97,0.932,ASK
1446164886,2088.97,1.18,ASK
1446164886,2088.97,0.6,ASK
1446164886,2088.97,0.06,ASK
1446164886,2088.97,0.5,ASK
1446164886,2088.97,0.4,ASK
1446164886,2088.97,0.2,ASK
1446164886,2088.97,0.65,ASK
1446164886,2088.97,0.4,ASK
1446164886,2088.97,0.65,ASK
1446164886,2088.97,0.021,ASK
1446164887,2088.97,0.01,ASK
1446164888,2088.97,0.65,ASK
1446164888,2088.97,0.4049,ASK
1446164891,2088.69,0.1,ASK
1446164891,2088.4,0.3,ASK
1446164891,2088.37,0.068,ASK
1446164891,2088.37,0.3809,ASK
1446164904,2088.67,0.1,BID
1446164904,2088.68,0.1,BID
1446164904,2088.78,0.68,BID
1446164904,2088.9,0.046,BID
1446164904,2088.91,0.01,BID
1446164904,2088.91,0.01,BID
1446164904,2088.91,0.6,BID
1446164904,2088.92,0.2,BID
1446164904,2088.96,0.65,BID
1446164904,2088.97,0.01,BID
1446164904,2088.99,0.65,BID
1446164904,2088.99,0.65,BID
1446164904,2088.99,0.0824,BID
1446164904,2089.1,0.93,BID
1446164904,2089.3,0.5,BID
1446164904,2089.31,0.959,BID
1446164904,2089.4,1.0,BID
1446164904,2089.4,1.0,BID
1446164904,2089.49,0.031,BID
1446164904,2089.55,0.03,BID
1446164904,2089.55,0.9,BID
1446164904,2089.64,0.3,BID
1446164904,2089.65,0.887,BID
1446164904,2089.8,0.515,BID
1446164904,2089.81,0.033,BID
1446164904,2089.97,0.58,BID
1446164904,2089.99,5.0,BID
1446164904,2090.0,0.7,BID
1446164904,2090.0,0.04,BID
1446164904,2090.33,0.032,BID
1446164904,2090.49,0.405,BID
1446164904,2090.54,0.032,BID
1446164904,2090.64,0.081,BID
1446164904,2090.79,0.1301,BID
1446164904,2090.79,0.9995,BID
1446164904,2090.82,0.5556,BID
1446164904,2090.84,1.0,BID
1446164904,2090.94,0.616,BID
1446164904,2090.99,1.0,BID
1446164904,2091.0,2.1965,BID
1446164904,2091.0,0.702,BID
1446164904,2091.23,0.007,BID
1446164904,2091.25,0.033,BID
1446164904,2091.31,0.48,BID
1446164904,2091.4,0.0211,BID
1446164904,2091.41,0.0013,BID
1446164904,2091.56,0.0833,BID
1446164904,2091.56,1.5487,BID
1446164904,2091.69,1.0,BID
1446164904,2091.7,0.05,BID
1446164904,2091.72,1.0,BID
1446164904,2091.73,0.33,BID
1446164904,2091.82,0.03,BID
1446164904,2091.84,0.4,BID
1446164904,2092.0,1.5792,BID
1446164904,2092.21,0.05,BID
1446164904,2092.3,0.3433,BID
1446164907,2088.15,1.0,BID
1446164907,2088.15,5.051,BID
1446164909,2088.64,0.2,BID
1446164910,2088.63,0.025,BID
1446164910,2088.64,0.3,BID
1446164911,2088.64,0.015,ASK
1446164914,2088.66,0.111,ASK
1446164915,2088.66,0.189,ASK
1446164916,2088.65,0.111,BID
1446164916,2088.73,0.026,BID
1446164916,2088.74,0.052,BID
1446164918,2088.65,0.026,BID
1446164918,2088.65,0.026,BID
1446164919,2088.64,0.0109,BID
1446164919,2088.65,0.137,BID
1446164919,2088.74,0.468,BID
1446164920,2088.76,0.0234,ASK
1446164923,2088.76,0.0177,ASK
1446164923,2088.43,0.0223,BID
1446164927,2088.77,0.01,ASK
1446164929,2088.77,0.01,ASK
1446164930,2088.77,0.0577,ASK
1446164930,2088.14,0.015,ASK
1446164930,2088.1,0.001,ASK
1446164930,2088.07,0.01,ASK
1446164930,2088.07,0.02,ASK
1446164930,2088.04,0.0316,ASK
1446164930,2088.03,0.3163,ASK
1446164950,2088.62,0.02,BID
1446164951,2089.4,0.095,BID
1446164956,2088.16,0.3,ASK
1446164956,2088.09,0.2213,ASK
1446164981,2088.76,0.01,ASK
1446164983,2088.67,0.01,ASK
1446164983,2088.17,1.0176,ASK
1446164992,2088.66,0.01,BID
1446165001,2088.77,0.01,BID
1446165001,2088.78,0.02,BID
1446165064,2088.34,0.01,ASK
1446165067,2088.34,0.01,ASK
1446165068,2088.34,0.01,ASK
1446165081,2089.41,0.0185,BID
1446165081,2089.42,0.3,BID
1446165081,2089.43,0.0459,BID
1446165081,2089.43,0.0628,BID
1446165083,2089.46,1.0,ASK
1446165083,2089.46,1.327,ASK
1446165083,2089.46,3.0,ASK
1446165083,2089.46,0.02,ASK
1446165083,2089.46,1.0,ASK
1446165083,2089.46,1.0,ASK
1446165083,2089.46,1.0,ASK
1446165083,2089.46,1.496,ASK
1446165083,2089.46,0.6,ASK
1446165083,2089.46,1.0,ASK
1446165083,2089.46,2.0,ASK
1446165083,2089.46,2.472,ASK
1446165083,2089.46,2.004,ASK
1446165084,2089.39,0.2,BID
1446165084,2089.45,1.3414,BID
1446165084,2088.34,0.0091,ASK
1446165084,2088.34,0.0159,ASK
1446165084,2088.34,0.0453,ASK
1446165084,2088.33,0.9,ASK
1446165084,2088.33,1.0297,ASK
1446165084,2089.45,1.6546,BID
1446165084,2089.45,2.5,BID
1446165084,2089.45,0.5,BID
1446165084,2089.45,0.3454,BID
1446165085,2088.33,2.58,ASK
1446165086,2088.97,0.1552,BID
1446165086,2088.99,1.0,BID
1446165086,2089.15,0.0446,BID
1446165086,2089.16,0.8919,BID
1446165086,2089.16,1.6691,BID
1446165086,2089.36,2.157,BID
1446165086,2089.37,0.2,BID
1446165086,2089.42,0.2,BID
1446165086,2089.42,0.06,BID
1446165086,2089.44,0.934,BID
1446165086,2089.45,0.4646,BID
1446165086,2089.45,0.4632,BID
1446165088,2088.99,0.01,BID
1446165091,2089.1,0.05,BID
1446165091,2089.44,0.0157,BID
1446165091,2089.44,0.01,BID
1446165091,2089.45,0.7473,BID
1446165092,2088.99,0.01,BID
1446165092,2089.09,0.04,BID
1446165092,2088.36,0.0205,ASK
1446165092,2088.36,0.1,ASK
1446165092,2088.36,0.02,ASK
1446165092,2088.35,0.4895,ASK
1446165093,2088.36,1.0,ASK
1446165093,2088.36,3.231,ASK
1446165094,2088.39,0.339,ASK
1446165094,2088.36,0.025,ASK
1446165094,2088.35,0.0105,ASK
1446165096,2088.35,0.31,BID
1446165097,2088.33,0.03,ASK
1446165097,2088.32,0.057,ASK
1446165097,2088.35,0.0005,BID
1446165099,2088.37,0.3095,ASK
1446165099,2088.36,0.2905,ASK
1446165106,2088.36,0.02,ASK
1446165106,2088.36,0.31,ASK
1446165106,2088.35,0.01,ASK
1446165106,2088.31,0.5,ASK
1446165106,2088.3,10.2907,ASK
1446165111,2089.41,0.0291,BID
1446165111,2089.43,0.0205,BID
1446165111,2089.43,0.0245,BID
1446165111,2089.44,0.0429,BID
1446165113,2088.4,0.025,ASK
1446165113,2088.39,0.5,ASK
1446165113,2088.33,0.015,ASK
1446165113,2088.32,0.3,ASK
1446165113,2088.32,0.03,ASK
1446165113,2088.31,0.13,ASK
1446165122,2088.32,0.03,ASK
1446165122,2088.32,0.107,ASK
1446165122,2088.31,0.47,ASK
1446165122,2088.31,0.393,ASK
1446165127,2088.31,1.0,ASK
1446165138,2089.4,0.1,BID
1446165138,2089.41,0.0278,BID
1446165138,2089.42,0.0222,BID
1446165152,2088.38,0.0691,ASK
1446165152,2088.37,0.025,ASK
1446165152,2088.36,0.0379,ASK
1446165154,2089.4,0.02,BID
1446165154,2089.41,0.0567,BID
1446165154,2089.42,0.0783,BID
1446165156,2088.38,0.1,ASK
1446165156,2088.37,0.0231,ASK
1446165156,2088.36,0.4389,ASK
1446165161,2088.36,0.023,ASK
1446165167,2088.39,0.02,ASK
1446165189,2089.41,0.0178,BID
1446165189,2089.42,0.0565,BID
1446165189,2089.42,0.3,BID
1446165189,2089.42,0.0376,BID
1446165189,2089.42,0.0174,BID
1446165189,2089.43,0.0495,BID
1446165191,2089.36,0.02,BID
1446165191,2089.4,0.1,BID
1446165191,2089.43,0.5505,BID
1446165191,2089.43,0.5,BID
1446165191,2089.43,0.4471,BID
1446165205,2088.37,0.1,ASK
1446165205,2088.36,0.0002,ASK
1446165205,2088.33,0.0174,ASK
1446165205,2088.33,0.074,ASK
1446165205,2088.33,0.0178,ASK
1446165205,2088.32,0.7906,ASK
1446165208,2089.43,0.008,BID
1446165210,2089.42,0.008,BID
1446165216,2088.37,0.02,ASK
1446165216,2088.32,0.3,ASK
1446165216,2088.32,0.68,ASK
1446165225,2088.32,4.8951,ASK
1446165225,2088.31,0.6,ASK
1446165225,2088.31,0.5,ASK
1446165225,2088.3,2.1596,ASK
1446165225,2088.18,0.3,ASK
1446165225,2088.17,4.3257,ASK
1446165226,2089.43,0.0372,BID
1446165226,2089.43,0.0452,BID
1446165226,2089.44,0.8163,BID
1446165226,2089.44,0.68,BID
1446165226,2089.44,0.0866,BID
1446165226,2089.44,0.3,BID
1446165226,2089.45,0.5,BID
1446165226,2089.45,0.01,BID
1446165226,2089.45,0.5,BID
1446165226,2089.45,0.5,BID
1446165226,2089.45,0.3857,BID
1446165230,2088.36,0.0202,ASK
1446165230,2088.35,0.404,ASK
1446165230,2088.33,0.02,ASK
1446165230,2088.19,0.1196,ASK
1446165230,2088.19,0.0372,ASK
1446165230,2088.18,0.399,ASK
1446165236,2089.41,0.1,BID
1446165270,2088.99,0.05,BID
1446165270,2089.0,0.55,BID
1446165272,2088.99,0.03,BID
1446165275,2088.43,0.025,ASK
1446165277,2088.43,0.1,BID
1446165278,2088.44,0.0611,ASK
1446165283,2088.99,0.02,BID
1446165283,2089.0,0.45,BID
1446165287,2089.41,0.001,ASK
1446165292,2089.02,0.09,ASK
1446165294,2089.03,0.09,ASK
1446165296,2089.04,0.0691,ASK
1446165296,2089.03,0.01,ASK
1446165296,2088.68,0.0288,ASK
1446165296,2088.67,0.5,ASK
1446165296,2088.67,0.02,ASK
1446165296,2088.67,0.0262,ASK
1446165296,2088.66,1.366,ASK
1446165298,2089.4,0.02,BID
1446165298,2089.43,0.03,BID
1446165298,2089.43,0.0213,BID
1446165298,2089.44,0.3787,BID
1446165299,2089.42,0.036,BID
1446165299,2089.44,0.2213,BID
1446165299,2089.44,0.1427,BID
1446165302,2089.03,0.02,BID
1446165302,2089.02,0.039,BID
1446165303,2089.02,0.0301,BID
1446165303,2089.03,0.0199,BID
1446165303,2089.02,0.058,BID
1446165304,2088.67,0.03,ASK
1446165304,2088.67,4.0,ASK
1446165304,2088.67,0.3,ASK
1446165304,2088.66,8.97,ASK
1446165306,2089.02,0.042,BID
1446165308,2089.19,0.0812,ASK
1446165308,2089.04,0.039,ASK
1446165308,2088.7,0.337,ASK
1446165308,2088.68,0.039,ASK
1446165308,2088.67,0.6,ASK
1446165308,2088.66,5.0267,ASK
1446165308,2088.66,3.1418,ASK
1446165310,2089.44,0.001,BID
1446165311,2089.25,0.02,ASK
1446165315,2089.44,0.0444,BID
1446165315,2089.44,0.0603,BID
1446165315,2089.45,0.0382,BID
1446165315,2089.45,0.0761,BID
1446165315,2089.45,0.0299,BID
1446165315,2089.45,0.4701,BID
1446165315,2089.45,0.0299,BID
1446165315,2089.45,0.4701,BID
1446165315,2089.45,0.1299,BID
1446165315,2089.45,0.3,BID
1446165316,2089.45,0.0701,BID
1446165316,2089.45,0.3299,BID
1446165317,2089.45,0.1057,BID
1446165317,2089.44,0.046,BID
1446165317,2089.45,0.0644,BID
1446165317,2089.45,0.0136,BID
1446165317,2089.46,0.269,BID
1446165318,2089.5,0.01,BID
1446165318,2089.47,0.0109,ASK
1446165318,2089.48,3.0,ASK
1446165318,2089.48,1.0,ASK
1446165318,2089.48,2.304,ASK
1446165319,2089.47,0.039,ASK
1446165320,2089.47,0.3411,ASK
1446165321,2089.46,0.026,BID
1446165321,2089.45,0.1047,ASK
1446165321,2089.38,0.0793,ASK
1446165321,2089.37,0.806,ASK
1446165322,2089.46,0.0239,BID
1446165322,2089.46,0.0861,BID
1446165323,2089.46,0.02,BID
1446165323,2089.46,0.01,BID
1446165323,2089.46,0.264,BID
1446165325,2089.49,0.0495,BID
1446165325,2089.5,0.99,BID
1446165325,2090.0,0.0905,BID
1446165325,2089.62,0.0147,ASK
1446165325,2089.62,0.0151,ASK
1446165327,2089.62,0.1602,ASK
1446165327,2089.62,0.0058,ASK
1446165334,2089.63,0.01,ASK
1446165335,2089.64,0.0691,ASK
1446165335,2089.63,0.09,ASK
1446165335,2089.61,0.02,ASK
1446165335,2089.5,0.0495,ASK
1446165335,2089.48,0.0477,ASK
1446165335,2089.47,0.0177,ASK
1446165337,2089.48,0.0485,ASK
1446165337,2089.47,0.1483,ASK
1446165337,2089.47,0.4,ASK
1446165337,2089.47,0.3552,ASK
1446165338,2089.47,0.0488,ASK
1446165338,2089.47,0.0509,ASK
1446165338,2089.47,0.0503,BID
1446165339,2089.46,1.747,ASK
1446165340,2089.46,0.02,ASK
1446165341,2089.46,0.04,ASK
1446165341,2089.46,0.901,ASK
1446165342,2089.46,0.65,ASK
1446165344,2089.46,0.65,ASK
1446165345,2089.46,0.041,ASK
1446165346,2089.46,0.1,ASK
1446165346,2089.46,0.01,ASK
1446165349,2089.46,0.01,ASK
1446165350,2089.76,0.1,BID
1446165350,2089.98,0.0109,BID
1446165350,2089.99,0.02,BID
1446165350,2089.99,0.0112,BID
1446165350,2089.99,0.6,BID
1446165350,2090.0,0.2235,BID
1446165350,2090.51,0.193,BID
1446165350,2090.68,0.079,BID
1446165350,2090.69,0.202,BID
1446165350,2090.7,0.221,BID
1446165350,2090.71,0.109,BID
1446165350,2090.91,0.03,BID
1446165350,2090.97,0.3,BID
1446165350,2090.97,1.9,BID
1446165350,2090.99,10.5182,BID
1446165350,2091.0,1.9478,BID
1446165350,2091.19,0.03,BID
1446165350,2091.29,0.111,BID
1446165353,2089.75,0.0691,BID
1446165354,2089.76,0.0309,ASK
1446165354,2089.47,0.0756,ASK
1446165354,2089.47,0.0585,ASK
1446165366,2089.76,0.01,BID
1446165380,2089.77,0.001,ASK
1446165380,2089.77,0.01,ASK
1446165386,2089.79,0.1,ASK
1446165386,2089.79,0.1,ASK
1446165387,2089.79,0.2,ASK
1446165387,2089.79,0.078,ASK
1446165387,2089.78,0.4,ASK
1446165387,2089.78,0.6,ASK
1446165387,2089.78,0.4,ASK
1446165387,2089.78,0.6,ASK
1446165387,2089.78,0.642,ASK
1446165387,2089.78,0.5,ASK
1446165387,2089.78,0.4,ASK
1446165387,2089.78,0.4,ASK
1446165387,2089.78,0.3,ASK
1446165388,2089.78,0.219,ASK
1446165389,2089.75,0.2,ASK
1446165389,2089.79,0.478,BID
1446165389,2089.8,0.05,ASK
1446165389,2089.8,0.072,ASK
1446165389,2089.79,0.299,ASK
1446165390,2089.79,1.0,ASK
1446165390,2089.79,0.4,ASK
1446165390,2089.79,0.2,ASK
1446165390,2089.8,0.478,ASK
1446165390,2089.79,0.522,ASK
1446165390,2089.79,0.4,ASK
1446165390,2089.79,0.4139,ASK
1446165392,2089.79,1.9146,ASK
1446165392,2089.79,0.22,ASK
1446165392,2089.8,0.09,ASK
1446165392,2089.79,0.01,ASK
1446165393,2089.79,0.307,ASK
1446165393,2089.79,0.01,ASK
1446165396,2089.79,0.08,ASK
1446165398,2089.75,0.158,ASK
1446165398,2089.75,0.01,ASK
1446165400,2089.76,0.0691,ASK
1446165400,2089.75,1.2577,ASK
1446165400,2089.74,11.0,ASK
1446165400,2089.74,1.0,ASK
1446165400,2089.74,3.524,ASK
1446165406,2089.77,1.7283,ASK
1446165407,2089.77,0.158,ASK
1446165408,2089.77,0.31,ASK
1446165413,2089.81,0.01,BID
1446165413,2089.81,0.1,BID
1446165414,2090.65,0.478,ASK
1446165415,2090.65,2.0,ASK
1446165415,2090.65,0.2,ASK
1446165416,2090.65,0.2,ASK
1446165417,2090.65,5.4359,ASK
1446165417,2090.65,0.65,ASK
1446165417,2090.65,1.0,ASK
1446165417,2090.65,2.0,ASK
1446165417,2090.65,2.5,ASK
1446165417,2090.65,1.0,ASK
1446165417,2090.65,4.194,ASK
1446165417,2090.65,0.2,ASK
1446165417,2090.65,0.2,ASK
1446165417,2090.65,2.0,ASK
1446165417,2090.65,3.0,ASK
1446165417,2090.65,0.8421,ASK
1446165419,2090.36,0.1,BID
1446165420,2090.36,0.064,BID
1446165420,2090.36,0.01,BID
1446165420,2090.47,0.34,BID
1446165420,2090.6,0.2,BID
1446165420,2090.6,0.2,BID
1446165420,2090.63,0.3419,BID
1446165420,2089.83,11.06,BID
1446165423,2090.35,0.01,BID
1446165430,2090.61,0.0046,BID
1446165432,2090.34,0.1,BID
1446165432,2090.62,0.0548,BID
1446165432,2090.63,1.0131,BID
1446165432,2090.63,0.0727,BID
1446165432,2090.64,0.914,BID
1446165432,2090.64,0.01,BID
1446165432,2090.64,0.65,BID
1446165434,2091.0,0.5,ASK
1446165434,2091.0,0.0545,ASK
1446165435,2091.0,1.0,ASK
1446165435,2091.0,3.957,ASK
1446165435,2091.0,0.793,ASK
1446165435,2091.0,0.555,ASK
1446165435,2091.0,0.0226,ASK
1446165438,2090.51,0.02,BID
1446165441,2090.63,0.017,ASK
1446165441,2090.63,0.0078,ASK
1446165441,2090.63,0.0548,ASK
1446165441,2090.62,0.5374,ASK
1446165443,2090.63,0.015,ASK
1446165443,2090.62,0.951,ASK
1446165443,2090.62,0.05,ASK
1446165444,2090.62,0.07,ASK
1446165444,2090.62,0.6605,ASK
1446165444,2090.62,0.2987,ASK
1446165445,2090.62,0.01,ASK
1446165446,2090.62,0.312,ASK
1446165446,2090.62,0.2273,ASK
1446165447,2090.61,0.01,BID
1446165447,2090.44,0.015,ASK
1446165450,2090.61,0.904,BID
1446165451,2090.44,0.039,ASK
1446165451,2090.61,0.4367,BID
1446165451,2090.63,4.0,ASK
1446165451,2090.63,6.225,ASK
1446165452,2090.62,0.0416,ASK
1446165452,2090.45,0.02,ASK
1446165452,2090.44,0.0234,ASK
1446165452,2090.6,0.0218,BID
1446165452,2090.74,0.01,BID
1446165452,2090.84,0.0132,BID
1446165452,2090.85,0.2,BID
1446165452,2090.87,0.015,BID
1446165452,2090.9,0.05,BID
1446165452,2090.93,0.2,BID
1446165452,2090.95,0.2,BID
1446165452,2090.99,0.1,BID
1446165452,2091.38,0.5,BID
1446165452,2091.38,0.1781,BID
1446165452,2091.5,1.0,BID
1446165452,2091.94,0.039,BID
1446165452,2091.95,0.771,BID
1446165452,2091.98,0.185,BID
1446165452,2092.12,4.461,BID
1446165452,2092.12,5.0,BID
1446165452,2092.13,0.005,BID
1446165452,2092.3,0.9069,BID
1446165452,2092.3,0.5,BID
1446165452,2092.34,1.08,BID
1446165452,2092.6,0.14,BID
1446165452,2092.74,0.5,BID
1446165452,2093.01,0.001,BID
1446165452,2093.03,1.0,BID
1446165452,2093.25,0.05,BID
1446165452,2093.25,0.0011,BID
1446165452,2093.35,0.4,BID
1446165452,2093.38,0.039,BID
1446165452,2093.42,0.05,BID
1446165452,2093.94,1.28,BID
1446165452,2094.23,0.1257,BID
1446165453,2090.62,0.085,ASK
1446165454,2090.62,0.1076,ASK
1446165455,2090.62,0.051,ASK
1446165455,2091.82,0.034,BID
1446165455,2091.83,0.054,BID
1446165455,2091.93,1.0,BID
1446165455,2091.94,0.96,BID
1446165455,2092.11,0.772,BID
1446165460,2090.64,0.05,ASK
1446165463,2090.63,0.04,ASK
1446165463,2090.63,0.01,ASK
1446165468,2090.63,0.0006,ASK
1446165468,2090.63,0.01,ASK
1446165468,2090.62,0.1664,ASK
1446165481,2090.62,0.01,ASK
1446165542,2091.98,0.05,BID
1446165542,2091.98,0.0867,BID
1446165542,2091.98,0.0314,BID
1446165542,2092.0,0.626,BID
1446165545,2090.64,0.01,ASK
1446165547,2090.64,0.0193,ASK
1446165547,2090.64,0.05,ASK
1446165547,2090.64,0.0307,ASK
1446165547,2090.64,0.0007,ASK
1446165548,2090.64,0.0093,BID
1446165549,2090.64,0.0774,ASK
1446165549,2090.64,0.0016,ASK
1446165549,2090.64,0.01,ASK
1446165549,2090.64,0.0093,ASK
1446165551,2090.64,0.01,ASK
1446165551,2090.62,0.0365,ASK
1446165551,2090.44,0.5,ASK
1446165551,2090.36,0.3,ASK
1446165551,2090.32,0.3,ASK
1446165551,2090.02,0.076,ASK
1446165551,2089.86,0.642,ASK
1446165554,2090.43,0.25,BID
1446165554,2090.61,0.25,BID
1446165555,2089.86,0.8,ASK
1446165555,2089.87,7.0,ASK
1446165555,2089.87,4.23,ASK
1446165556,2089.86,2.558,ASK
1446165556,2089.82,0.11,ASK
1446165556,2089.79,1.0375,ASK
1446165560,2090.41,0.11,BID
1446165563,2090.61,0.0135,BID
1446165565,2090.81,0.0135,ASK
1446165565,2090.7,0.05,ASK
1446165565,2090.63,0.5395,ASK
1446165565,2090.61,0.034,ASK
1446165565,2090.61,0.01,ASK
1446165565,2090.42,0.11,ASK
1446165565,2090.42,0.11,ASK
1446165565,2090.25,1.0,ASK
1446165565,2090.25,0.917,ASK
1446165565,2090.06,0.858,ASK
1446165565,2090.04,1.0,ASK
1446165565,2089.95,0.908,ASK
1446165565,2089.95,1.0,ASK
1446165565,2089.93,1.0,ASK
1446165565,2089.8,4.0,ASK
1446165565,2089.79,1.0325,ASK
1446165565,2089.78,0.6369,ASK
1446165566,2090.84,0.0135,ASK
1446165569,2090.84,0.4865,ASK
1446165573,2091.36,0.05,BID
1446165573,2091.36,0.01,BID
1446165573,2091.37,0.023,BID
1446165573,2091.38,0.377,BID
1446165573,2091.38,0.033,BID
1446165573,2091.98,15.0,BID
1446165573,2091.98,1.069,BID
1446165573,2091.41,1.0,BID
1446165573,2091.41,1.0,BID
1446165573,2091.41,2.56,BID
1446165578,2091.58,0.069,ASK
1446165581,2091.57,0.01,ASK
1446165581,2091.42,0.01,ASK
1446165581,2091.4,0.06,ASK
1446165583,2090.41,0.0341,ASK
1446165583,2090.22,0.0349,ASK
1446165584,2091.39,0.1,BID
1446165584,2091.39,0.014,BID
1446165584,2091.44,0.03,BID
1446165584,2091.6,0.01,ASK
1446165584,2091.6,0.0173,ASK
1446165587,2091.6,1.0,ASK
1446165587,2091.6,0.02,ASK
1446165587,2091.6,0.454,ASK
1446165587,2091.6,0.01,ASK
1446165587,2091.6,0.62,ASK
1446165590,2091.99,0.0187,BID
1446165590,2092.0,0.3322,BID
1446165591,2091.6,0.023,ASK
1446165591,2091.6,0.1,ASK
1446165593,2091.6,1.0,ASK
1446165593,2091.6,0.7,ASK
1446165593,2091.6,0.01,ASK
1446165595,2091.61,0.0113,ASK
1446165595,2091.61,0.0132,ASK
1446165595,2091.6,0.2255,ASK
1446165595,2091.61,15.063,ASK
1446165601,2091.97,0.069,BID
1446165601,2091.98,0.1,BID
1446165601,2092.0,0.0418,BID
1446165601,2092.45,0.0317,BID
1446165604,2092.48,0.3,ASK
1446165605,2092.48,0.06,ASK
1446165605,2092.48,0.01,ASK
1446165605,2092.48,0.2315,ASK
1446165608,2092.31,0.01,ASK
1446165608,2092.31,0.1694,ASK
1446165610,2092.24,0.08,ASK
1446165611,2092.24,0.02,ASK
1446165615,2092.05,0.03,ASK
1446165617,2091.62,0.0148,ASK
1446165617,2091.61,0.9,ASK
1446165617,2091.6,0.3292,ASK
1446165617,2091.6,0.864,ASK
1446165617,2092.03,6.0,ASK
1446165617,2092.03,6.0,ASK
1446165617,2092.03,2.58,ASK
1446165618,2091.6,0.179,ASK
1446165619,2091.61,0.0299,BID
1446165621,2091.62,0.01,ASK
1446165621,2091.61,0.0392,ASK
1446165621,2091.6,0.1178,ASK
1446165621,2091.9,0.01,BID
1446165621,2091.9,0.1,BID
1446165621,2091.93,0.01,BID
1446165621,2092.04,0.03,BID
1446165621,2092.12,0.02,BID
1446165623,2092.2,0.149,ASK
1446165623,2092.2,0.2,ASK
1446165624,2092.2,0.45,ASK
1446165626,2092.2,0.1,ASK
1446165627,2092.2,1.12,ASK
1446165627,2092.2,1.667,ASK
1446165628,2092.22,0.0691,BID
1446165628,2092.23,0.0586,BID
1446165628,2092.24,0.025,BID
1446165628,2092.25,0.3273,BID
1446165629,2092.2,0.092,ASK
1446165630,2092.23,0.01,ASK
1446165631,2092.25,0.03,BID
1446165632,2092.25,0.1427,BID
1446165634,2092.3,0.092,BID
1446165636,2092.3,0.018,BID
1446165637,2092.31,0.0655,ASK
1446165638,2092.31,0.0265,ASK
1446165638,2092.26,0.03,ASK
1446165638,2092.26,0.1727,ASK
1446165638,2092.23,0.0591,ASK
1446165638,2092.22,0.025,ASK
1446165638,2092.22,0.5,ASK
1446165638,2092.21,1.0,ASK
1446165638,2092.2,2.0817,ASK
1446165639,2092.21,12.0,ASK
1446165639,2092.21,3.316,ASK
1446165640,2092.3,0.01,BID
1446165640,2092.2,0.3541,ASK
1446165641,2092.3,0.01,BID
1446165642,2092.2,0.27,ASK
1446165642,2092.2,2.5,ASK
1446165642,2092.2,1.9552,ASK
1446165644,2092.0,0.1,BID
1446165644,2092.0,0.1,BID
1446165644,2092.1,0.2,BID
1446165644,2092.19,0.3958,BID
1446165644,2092.19,0.625,BID
1446165644,2092.2,0.3972,BID
1446165645,2092.12,0.1,ASK
1446165645,2092.09,0.01,BID
1446165647,2092.09,1.0,BID
1446165648,2092.09,0.311,BID
1446165648,2092.1,0.04,BID
1446165649,2092.1,0.001,ASK
1446165650,2092.1,0.0322,ASK
1446165651,2092.1,0.0938,ASK
1446165651,2092.1,0.311,ASK
1446165653,2092.09,0.0322,BID
1446165653,2092.09,0.127,BID
1446165653,2092.09,0.437,BID
1446165653,2092.1,0.01,BID
1446165653,2092.18,0.045,BID
1446165653,2092.19,0.9,BID
1446165653,2092.19,0.6,BID
1446165653,2092.2,1.1488,BID
1446165657,2092.1,0.1592,ASK
1446165660,2092.06,0.017,BID
1446165662,2092.06,0.053,BID
1446165662,2092.09,0.047,BID
1446165663,2092.09,0.001,BID
1446165664,2092.09,0.01,BID
1446165666,2092.09,0.05,BID
1446165667,2092.09,0.0512,BID
1446165671,2092.19,0.001,BID
1446165671,2092.19,0.089,BID
1446165671,2092.19,0.0356,BID
1446165671,2092.19,0.0268,BID
1446165671,2092.2,2.4286,BID
1446165672,2092.2,0.1256,BID
1446165674,2092.2,0.001,BID
1446165675,2092.2,1.18,BID
1446165677,2092.2,0.478,BID
1446165677,2092.2,0.08,BID
1446165678,2092.2,0.8649,BID
1446165678,2092.3,0.0065,BID
1446165679,2092.3,0.003,ASK
1446165682,2092.37,0.01,BID
1446165683,2092.37,0.01,BID
1446165683,2092.43,0.1,BID
1446165683,2092.47,0.37,BID
1446165683,2092.47,0.2115,BID
1446165684,2092.47,0.01,BID
1446165685,2092.43,0.0899,ASK
1446165685,2092.42,0.1702,ASK
1446165685,2092.39,0.01,ASK
1446165685,2092.31,0.02,ASK
1446165685,2092.3,0.2445,ASK
1446165685,2092.47,0.08,BID
1446165686,2093.14,0.2,BID
1446165686,2093.91,0.98,BID
1446165686,2092.48,0.01,ASK
1446165686,2092.31,0.0175,ASK
1446165686,2092.3,0.296,ASK
1446165687,2092.29,0.0691,BID
1446165687,2092.29,0.0148,BID
1446165687,2092.29,0.08,BID
1446165688,2092.29,0.0531,BID
1446165700,2093.28,0.0058,BID
1446165728,2093.57,0.01,ASK
1446165728,2092.47,0.01,ASK
1446165733,2093.29,0.01,BID
1446165733,2093.57,0.01,BID
1446165733,2093.72,0.01,ASK
1446165735,2093.72,0.0633,ASK
1446165735,2093.72,0.3067,ASK
1446165736,2092.49,0.102,ASK
1446165739,2092.5,0.0449,ASK
1446165739,2092.48,0.6551,ASK
1446165742,2092.53,0.37,ASK
1446165754,2092.52,0.09,ASK
1446165754,2092.51,0.0691,ASK
1446165754,2092.5,0.036,ASK
1446165754,2092.5,0.0375,ASK
1446165754,2092.49,0.1374,ASK
1446165756,2092.51,2.0,ASK
1446165756,2092.51,5.0,ASK
1446165756,2092.51,2.075,ASK
1446165764,2092.53,0.4651,ASK
1446165764,2092.5,0.0306,ASK
1446165764,2092.5,0.0161,ASK
1446165764,2092.49,0.4626,ASK
1446165764,2092.49,0.0256,ASK
1446165766,2092.51,0.1,BID
1446165767,2092.51,0.05,BID
1446165767,2092.51,0.01,BID
1446165767,2092.49,0.8744,ASK
1446165767,2092.49,0.2979,ASK
1446165767,2092.44,0.02,ASK
1446165767,2092.43,0.02,ASK
1446165768,2092.43,0.7021,BID
1446165768,2092.52,0.1,BID
1446165769,2093.0,0.02,ASK
1446165770,2093.0,2.0,ASK
1446165770,2093.0,1.0349,ASK
1446165771,2093.0,0.5,ASK
1446165771,2093.0,0.5,ASK
1446165771,2093.0,5.0,ASK
1446165771,2093.0,2.0,ASK
1446165771,2093.0,0.01,ASK
1446165771,2093.01,1.0,ASK
1446165771,2093.01,6.429,ASK
1446165772,2093.0,1.0,ASK
1446165772,2093.0,0.7,ASK
1446165772,2093.0,0.5,ASK
1446165772,2093.0,14.3767,ASK
1446165773,2093.0,0.2,ASK
1446165773,2093.0,0.7,ASK
1446165773,2093.0,0.5,ASK
1446165773,2093.0,0.2,ASK
1446165773,2093.0,0.5,ASK
1446165774,2093.0,0.01,ASK
1446165775,2093.0,2.167,ASK
1446165775,2093.0,0.2,ASK
1446165775,2093.0,1.0,ASK
1446165776,2093.0,0.5,ASK
1446165776,2093.0,0.5,ASK
1446165776,2093.0,1.3065,ASK
1446165777,2093.0,0.187,ASK
1446165778,2093.0,0.5,ASK
1446165778,2093.0,0.01,ASK
1446165778,2093.0,0.5,ASK
1446165778,2093.0,0.1192,ASK
1446165779,2093.0,0.25,ASK
1446165779,2093.0,0.5,ASK
1446165780,2093.0,0.1502,ASK
1446165780,2093.0,0.7,ASK
1446165780,2093.0,0.01,ASK
1446165780,2093.0,0.5,ASK
1446165781,2093.0,0.5,ASK
1446165781,2093.0,0.2,ASK
1446165781,2093.0,0.2,ASK
1446165781,2093.0,0.5,ASK
1446165781,2093.0,0.2,ASK
1446165781,2093.0,0.5,ASK
1446165782,2093.0,0.2,ASK
1446165782,2093.0,0.5,ASK
1446165783,2093.0,0.5,ASK
1446165785,2093.0,0.5,ASK
1446165786,2093.0,0.2,ASK
1446165787,2093.0,0.2,ASK
1446165787,2093.0,0.5,ASK
1446165787,2093.0,1.0,ASK
1446165788,2093.0,0.2,ASK
1446165790,2093.03,0.5,ASK
1446165790,2093.0,0.2,ASK
1446165791,2093.0,0.13,ASK
1446165792,2093.44,0.05,BID
1446165793,2093.0,0.06,ASK
1446165793,2093.0,0.05,ASK
1446165793,2093.44,10.0,ASK
1446165793,2093.44,7.473,ASK
1446165796,2093.44,0.0191,BID
1446165796,2093.49,0.03,BID
1446165796,2093.53,0.05,BID
1446165796,2093.66,0.045,BID
1446165796,2093.66,0.025,BID
1446165796,2093.67,0.9,BID
1446165796,2093.67,0.5,BID
1446165796,2093.67,0.0316,BID
1446165796,2093.68,0.6,BID
1446165796,2093.68,0.0958,BID
1446165796,2093.71,0.37,BID
1446165796,2093.72,0.0528,BID
1446165796,2093.72,0.0528,BID
1446165796,2094.0,0.9143,BID
1446165796,2094.08,0.643,BID
1446165796,2094.13,0.133,BID
1446165796,2094.17,0.2,BID
1446165796,2094.19,0.643,BID
1446165796,2094.25,2.2511,BID
1446165796,2094.26,0.3,BID
1446165796,2094.28,0.02,BID
1446165796,2094.45,0.298,BID
1446165796,2094.56,0.5,BID
1446165796,2094.76,1.0,BID
1446165796,2094.84,0.236,BID
1446165796,2094.99,5.0345,BID
1446165796,2095.0,1.93,BID
1446165796,2095.0,0.7378,BID
1446165796,2095.0,3.0,BID
1446165796,2095.0,0.1,ASK
1446165798,2095.0,0.1,ASK
1446165798,2095.0,0.5,ASK
1446165799,2095.0,0.011,ASK
1446165799,2095.0,1.0,ASK
1446165799,2095.0,0.1,ASK
1446165800,2095.0,0.1,ASK
1446165800,2095.0,5.0,ASK
1446165800,2095.0,0.5,ASK
1446165801,2095.0,0.01,ASK
1446165801,2095.0,0.2,ASK
1446165801,2095.0,0.88,ASK
1446165801,2095.0,1.7966,ASK
1446165801,2093.1,0.0451,ASK
1446165801,2093.09,1.0,ASK
1446165801,2092.59,0.05,ASK
1446165801,2092.53,0.1,ASK
1446165801,2092.39,0.025,ASK
1446165801,2092.39,0.0316,ASK
1446165801,2092.38,0.7483,ASK
1446165801,2092.38,0.1,ASK
1446165802,2092.38,2.2517,ASK
1446165802,2092.31,0.3283,ASK
1446165805,2092.96,0.05,BID
1446165805,2093.09,0.02,BID
1446165806,2092.43,0.075,ASK
1446165807,2093.09,0.01,BID
1446165808,2092.96,0.01,ASK
1446165808,2093.09,0.67,BID
1446165809,2093.1,0.01,ASK
1446165809,2092.33,0.0239,ASK
1446165809,2092.33,0.0692,ASK
1446165809,2092.32,1.33,ASK
1446165809,2092.31,0.5452,ASK
1446165809,2092.31,2.24,ASK
1446165809,2092.4,1.0,ASK
1446165809,2092.4,18.743,ASK
1446165811,2092.79,0.1,ASK
1446165811,2092.39,1.102,ASK
1446165814,2092.42,0.152,ASK
1446165814,2092.4,0.1989,ASK
1446165816,2092.42,0.5,ASK
1446165816,2092.4,0.3011,ASK
1446165816,2092.4,0.6,ASK
1446165816,2092.4,0.8389,ASK
1446165818,2092.44,0.477,BID
1446165818,2092.4,0.5,ASK
1446165819,2092.44,1.0,BID
1446165819,2092.4,2.0,ASK
1446165819,2092.44,0.4,BID
1446165819,2092.44,0.6,BID
1446165819,2092.44,1.0,BID
1446165820,2092.44,0.4779,BID
1446165821,2092.44,2.0,BID
1446165821,2092.43,0.0943,ASK
1446165821,2092.43,0.4057,ASK
1446165821,2092.43,0.4779,BID
1446165821,2092.43,0.4464,BID
1446165821,2092.43,0.0128,BID
1446165821,2092.44,0.5408,BID
1446165821,2092.44,0.01,BID
1446165822,2092.44,1.6662,BID
1446165823,2092.44,2.0281,BID
1446165823,2092.7,0.1,BID
1446165823,2092.74,4.007,ASK
1446165823,2092.74,0.5,ASK
1446165826,2092.72,0.1659,ASK
1446165826,2092.45,0.4779,ASK
1446165826,2092.45,0.0562,ASK
1446165829,2092.64,0.31,BID
1446165830,2092.47,0.0474,ASK
1446165830,2092.46,0.9,ASK
1446165830,2092.46,0.0211,ASK
1446165830,2092.45,0.4217,ASK
1446165830,2092.45,3.214,ASK
1446165830,2092.45,0.249,ASK
1446165832,2092.63,0.0185,BID
1446165832,2092.64,0.2915,BID
1446165848,2093.55,0.03,BID
1446165848,2093.55,0.0285,BID
1446165848,2093.56,0.6,BID
1446165848,2093.56,0.5,BID
1446165848,2093.56,1.9,BID
1446165848,2093.56,0.9,BID
1446165848,2093.56,0.01,ASK
1446165849,2093.56,0.5,ASK
1446165849,2093.56,0.0692,ASK
1446165850,2093.56,0.112,ASK
1446165851,2093.56,0.27,ASK
1446165851,2093.56,2.362,ASK
1446165851,2093.56,1.0,ASK
1446165851,2093.56,0.5,ASK
1446165851,2093.56,1.0,ASK
1446165851,2093.56,0.6,ASK
1446165851,2093.56,1.553,ASK
1446165851,2093.56,1.434,ASK
1446165851,2093.56,1.69,ASK
1446165851,2093.56,0.3,ASK
1446165851,2093.56,0.6,ASK
1446165851,2093.56,0.5,ASK
1446165851,2093.56,0.2,ASK
1446165851,2093.56,0.08,ASK
1446165851,2093.56,0.65,ASK
1446165851,2093.56,0.933,ASK
1446165852,2093.56,0.2,ASK
1446165852,2093.56,0.65,ASK
1446165853,2093.56,0.2,ASK
1446165853,2093.56,0.2,ASK
1446165853,2093.56,0.61,ASK
1446165853,2093.56,0.143,ASK
1446165853,2093.56,0.529,ASK
1446165854,2093.56,0.65,ASK
1446165854,2093.56,1.6662,ASK
1446165854,2093.56,0.01,ASK
1446165854,2093.56,5.7337,ASK
1446165856,2093.26,0.9,BID
1446165859,2093.37,0.13,BID
1446165859,2093.55,0.266,BID
1446165859,2093.56,0.118,BID
1446165862,2092.68,0.1,ASK
1446165862,2092.66,0.0155,ASK
1446165862,2092.65,0.31,ASK
1446165862,2092.43,0.0325,ASK
1446165862,2092.42,0.6,ASK
1446165862,2092.42,0.05,ASK
1446165862,2092.41,1.0,ASK
1446165862,2092.31,2.8865,ASK
1446165862,2092.3,0.14,ASK
1446165862,2092.25,0.3,ASK
1446165862,2092.2,0.077,ASK
1446165862,2092.13,0.02,ASK
1446165862,2091.99,0.5,ASK
1446165862,2091.88,0.16,ASK
1446165862,2091.88,0.11,ASK
1446165862,2091.74,0.146,ASK
1446165862,2091.74,3.9962,ASK
1446165862,2091.73,0.558,ASK
1446165862,2091.65,0.035,ASK
1446165862,2091.61,0.109,ASK
1446165862,2091.3,0.73,ASK
1446165862,2091.3,0.3,ASK
1446165862,2090.79,0.72,ASK
1446165862,2090.61,2.9316,ASK
1446165869,2092.71,0.0692,ASK
1446165869,2092.7,0.1308,ASK
1446165869,2092.7,0.01,ASK
1446165870,2092.7,0.14,ASK
1446165870,2092.7,0.2,ASK
1446165870,2092.7,0.0192,ASK
1446165871,2091.32,0.5,ASK
1446165872,2091.33,0.0665,ASK
1446165872,2091.32,0.1335,ASK
1446165879,2092.65,0.01,BID
1446165881,2092.65,0.01,BID
1446165882,2092.65,0.0256,BID
1446165882,2092.66,0.912,BID
1446165882,2092.67,0.0094,BID
1446165882,2092.64,0.02,BID
1446165884,2092.44,0.2,ASK
1446165884,2092.44,2.1291,ASK
1446165885,2092.44,0.5389,ASK
1446165892,2092.44,0.08,ASK
1446165893,2092.44,0.09,ASK
1446165894,2092.44,0.01,ASK
1446165894,2092.44,0.06,ASK
1446165895,2092.44,0.406,ASK
1446165896,2092.45,0.01,ASK
1446165897,2092.44,0.08,ASK
1446165898,2092.45,0.01,ASK
1446165899,2092.45,0.0126,ASK
1446165899,2092.44,0.0194,ASK
1446165904,2092.63,0.01,ASK
1446165909,2092.45,0.0176,ASK
1446165909,2092.44,0.1524,ASK
1446165909,2092.44,0.2002,ASK
1446165909,2091.79,0.15,ASK
1446165909,2091.47,0.0018,ASK
1446165911,2092.0,0.37,BID
1446165913,2092.0,2.23,BID
1446165913,2092.0,1.0,BID
1446165913,2092.0,0.6,BID
1446165913,2092.0,0.4,BID
1446165913,2092.0,0.3,BID
1446165913,2092.0,0.6,BID
1446165913,2092.0,0.5,BID
1446165914,2092.0,1.0,BID
1446165914,2092.0,1.0,BID
1446165914,2091.99,0.02,BID
1446165915,2091.99,0.58,BID
1446165915,2091.99,0.3,BID
1446165915,2091.99,0.0392,BID
1446165915,2092.0,0.0808,BID
1446165915,2091.99,0.66,BID
1446165916,2091.99,0.01,BID
1446165916,2091.55,0.096,ASK
1446165917,2091.99,0.23,BID
1446165917,2092.0,1.77,BID
1446165917,2092.0,1.6675,BID
1446165917,2092.0,0.2453,BID
1446165917,2092.26,0.0747,ASK
1446165918,2091.99,0.5588,BID
1446165918,2092.01,0.0115,ASK
1446165918,2092.01,0.0124,ASK
1446165919,2092.29,0.5,ASK
1446165922,2092.56,0.5,BID
1446165922,2092.67,0.0171,BID
1446165922,2092.68,0.2308,BID
1446165922,2092.68,0.299,BID
1446165923,2092.23,0.27,ASK
1446165923,2092.09,0.207,ASK
1446165924,2092.59,0.02,ASK
1446165924,2092.24,0.0135,ASK
1446165924,2092.01,0.401,ASK
1446165924,2092.01,1.69,ASK
1446165925,2092.0,0.5,BID
1446165925,2092.0,0.0176,BID
1446165926,2092.0,2.2814,BID
1446165929,2092.67,0.1,BID
1446165935,2093.05,0.025,BID
1446165938,2093.08,0.0692,ASK
1446165938,2093.07,0.2898,ASK
1446165938,2093.07,0.1852,ASK
1446165941,2092.41,0.475,ASK
1446165944,2093.04,0.0145,BID
1446165944,2093.05,0.2435,BID
1446165948,2092.42,0.025,ASK
1446165948,2092.41,0.004,ASK
1446165948,2092.4,0.95,ASK
1446165948,2092.34,0.01,ASK
1446165948,2092.23,0.0366,BID
1446165949,2092.23,0.0463,BID
1446165949,2092.22,2.0,ASK
1446165949,2092.22,8.655,ASK
1446165949,2092.23,0.444,BID
1446165950,2092.23,3.2669,BID
1446165950,2092.23,0.4,BID
1446165950,2092.23,0.02,BID
1446165950,2092.23,2.5,BID
1446165950,2092.23,6.513,BID
1446165951,2092.23,1.112,BID
1446165951,2092.23,0.198,BID
1446165951,2092.23,0.198,BID
1446165951,2092.23,0.599,BID
1446165952,2092.22,0.5099,BID
1446165952,2092.23,0.2201,BID
1446165953,2092.23,0.01,BID
1446165953,2092.23,2.0,BID
1446165953,2092.23,5.9023,BID
1446165957,2093.41,0.0692,BID
1446165957,2093.41,0.015,BID
1446165957,2093.42,0.3,BID
1446165957,2093.43,0.0766,BID
1446165957,2093.44,3.8532,BID
1446165957,2093.6,1.0,BID
1446165957,2093.83,0.431,BID
1446165957,2093.85,0.599,BID
1446165957,2093.92,0.5,BID
1446165957,2093.92,0.3,BID
1446165957,2093.95,0.06,BID
1446165957,2094.0,4.4127,BID
1446165957,2094.06,0.028,BID
1446165957,2094.06,0.171,BID
1446165957,2094.09,0.03,BID
1446165957,2094.09,0.03,BID
1446165957,2094.17,9.6243,BID
1446165960,2093.39,0.5,BID
1446165978,2092.76,0.019,ASK
1446165978,2092.76,0.1,ASK
1446165978,2092.75,0.38,ASK
1446165978,2092.38,0.237,ASK
1446165978,2092.28,9.633,ASK
1446165978,2092.28,1.3303,ASK
1446165978,2092.26,0.5,ASK
1446165978,2091.97,0.599,ASK
1446165978,2091.97,0.12,ASK
1446165978,2091.97,0.819,ASK
1446165978,2091.91,0.5,ASK
1446165978,2091.9,0.03,ASK
1446165978,2091.7,0.9,ASK
1446165978,2091.7,0.3,ASK
1446165978,2091.7,5.0,ASK
1446165978,2091.65,6.0,ASK
1446165978,2091.54,0.86,ASK
1446165978,2091.26,0.5,ASK
1446165978,2091.23,0.5,ASK
1446165978,2091.22,0.921,ASK
1446165978,2091.2,0.3,ASK
1446165978,2091.15,1.0,ASK
1446165978,2091.09,0.046,ASK
1446165978,2091.0,2.8986,ASK
1446165981,2092.8,4.0,ASK
1446165981,2092.8,5.432,ASK
1446165982,2093.59,0.029,BID
1446165982,2093.6,0.171,BID
1446165982,2092.82,0.1067,ASK
1446165986,2092.83,0.0692,ASK
1446165986,2092.82,0.2388,ASK
1446165987,2093.59,0.01,BID
1446165988,2092.82,0.0692,ASK
1446165991,2092.78,0.01,BID
1446165991,2092.78,0.0405,BID
1446165994,2093.29,0.02,ASK
1446165995,2093.3,0.02,ASK
1446165997,2093.29,0.02,BID
1446165997,2093.57,0.0692,BID
1446165997,2093.58,0.1,BID
1446165997,2093.59,0.011,BID
1446165997,2093.59,0.01,BID
1446165997,2093.59,0.0193,BID
1446165997,2093.6,0.0705,BID
1446165999,2093.6,0.05,BID
1446165999,2093.24,0.0505,ASK
1446166000,2093.6,0.136,BID
1446166001,2093.6,0.08,BID
1446166001,2093.6,0.01,BID
1446166002,2093.6,0.4776,BID
1446166003,2093.37,0.01,ASK
1446166004,2093.6,0.0049,BID
1446166007,2093.61,0.01,ASK
1446166007,2093.61,0.071,ASK
1446166008,2093.61,0.01,ASK
1446166010,2093.61,0.03,ASK
1446166010,2093.61,0.101,ASK
1446166010,2093.61,0.101,ASK
1446166010,2093.62,0.0692,ASK
1446166010,2093.61,0.0318,ASK
1446166011,2093.61,0.1179,ASK
1446166012,2093.54,0.1,BID
1446166022,2093.53,0.01,BID
1446166027,2093.5,0.1038,BID
1446166028,2093.5,0.01,BID
1446166029,2093.5,0.02,BID
1446166031,2093.5,0.01,BID
1446166035,2093.5,0.0155,BID
1446166035,2093.5,0.01,BID
1446166037,2093.49,0.01,BID
1446166038,2093.49,0.01,BID
1446166057,2093.49,0.01,BID
1446166059,2093.45,0.01,BID
1446166060,2093.45,0.04,BID
1446166060,2093.45,0.03,BID
1446166062,2093.45,0.18,BID
1446166063,2093.45,0.12,BID
1446166063,2093.49,0.07,BID
1446166063,2093.5,0.81,BID
1446166065,2093.5,0.01,BID
1446166065,2093.5,0.5,BID
1446166066,2093.5,0.3,BID
1446166066,2093.5,0.01,BID
1446166066,2093.5,0.2007,BID
1446166067,2093.52,0.02,ASK
1446166067,2093.53,0.01,BID
1446166069,2093.53,0.04,BID
1446166069,2093.54,0.06,BID
1446166070,2093.54,0.03,BID
1446166074,2094.04,0.0692,BID
1446166074,2094.05,1.758,BID
1446166074,2094.05,0.5,BID
1446166074,2094.06,1.3303,BID
1446166074,2094.21,0.3,BID
1446166074,2094.22,0.05,BID
1446166074,2094.29,0.5,BID
1446166074,2094.34,0.097,BID
1446166074,2094.35,0.2,BID
1446166074,2094.66,1.0,BID
1446166074,2094.67,0.205,BID
1446166074,2094.88,0.205,BID
1446166074,2094.9,0.892,BID
1446166074,2094.99,0.5,BID
1446166074,2094.99,0.1635,BID
1446166074,2093.73,14.0,BID
1446166074,2093.73,5.0,BID
1446166074,2093.73,3.137,BID
1446166115,2094.96,0.2003,BID
1446166121,2094.96,0.01,BID
1446166123,2094.96,0.168,BID
1446166123,2094.96,0.77,BID
1446166126,2094.96,1.0,BID
1446166126,2094.96,0.192,BID
1446166126,2094.96,0.01,BID
1446166127,2094.97,1.2603,BID
1446166128,2094.97,0.7397,BID
1446166128,2094.97,0.001,BID
1446166128,2094.99,0.2593,BID
1446166131,2094.99,0.01,BID
1446166131,2094.99,0.0672,BID
1446166131,2094.99,0.5,BID
1446166131,2094.99,0.0828,BID
1446166132,2094.99,0.4172,BID
1446166132,2094.99,0.5,BID
1446166132,2095.0,0.2863,BID
1446166132,2095.01,0.12,BID
1446166132,2095.15,0.2,BID
1446166132,2095.23,0.5,BID
1446166132,2095.23,0.5,BID
1446166132,2095.23,0.5,BID
1446166132,2095.23,0.5,BID
1446166132,2095.23,0.5,BID
1446166132,2095.23,0.5,BID
1446166133,2095.38,0.2,BID
1446166134,2095.38,0.045,BID
1446166134,2095.4,2.535,BID
1446166134,2095.24,0.6897,ASK
1446166136,2095.4,1.18,BID
1446166136,2095.4,0.101,BID
1446166136,2095.4,1.5703,BID
1446166137,2095.46,0.1604,BID
1446166138,2095.46,0.3396,BID
1446166138,2095.47,0.014,BID
1446166138,2095.48,0.3,BID
1446166138,2095.65,0.1792,BID
1446166138,2095.85,0.8543,BID
1446166138,2095.98,0.1,BID
1446166138,2096.0,0.2129,BID
1446166138,2095.48,0.2102,ASK
1446166139,2095.99,13.0,BID
1446166139,2095.99,1.0,BID
1446166139,2095.99,1.922,BID
1446166142,2095.51,0.08,ASK
1446166142,2095.51,0.09,ASK
1446166143,2095.52,0.0125,ASK
1446166143,2095.51,0.08,ASK
1446166143,2095.49,0.0175,ASK
1446166143,2096.0,0.66,BID
1446166144,2095.49,0.0516,ASK
1446166144,2095.49,0.1,ASK
1446166144,2095.48,0.4398,ASK
1446166144,2095.48,0.1086,ASK
1446166145,2095.99,0.0125,BID
1446166145,2096.0,0.3675,BID
1446166150,2095.99,0.001,BID
1446166151,2095.52,0.02,ASK
1446166152,2095.31,0.03,ASK
1446166152,2095.3,0.6,ASK
1446166152,2095.16,0.037,ASK
1446166152,2095.15,0.03,ASK
1446166152,2095.15,0.71,ASK
1446166152,2095.04,0.02,ASK
1446166153,2095.14,0.03,BID
1446166155,2095.17,0.01,BID
1446166155,2095.25,0.12,BID
1446166155,2095.28,0.02,BID
1446166155,2095.77,1.0,BID
1446166155,2095.98,0.02,BID
1446166155,2095.98,0.037,BID
1446166155,2095.99,0.0681,BID
1446166155,2096.0,0.7249,BID
1446166160,2095.34,0.0189,BID
1446166162,2095.34,0.0811,BID
1446166165,2095.99,0.0253,BID
1446166165,2096.0,0.5057,BID
1446166166,2096.17,0.05,BID
1446166166,2096.18,1.0,BID
1446166166,2096.52,0.01,BID
1446166169,2096.68,1.04,ASK
1446166170,2096.26,0.02,ASK
1446166170,2096.26,0.02,ASK
1446166170,2096.18,0.081,ASK
1446166170,2095.46,0.11,ASK
1446166170,2095.45,0.03,ASK
1446166170,2095.35,0.1,ASK
1446166170,2095.31,0.0167,ASK
1446166170,2095.15,0.4773,ASK
1446166170,2095.12,0.185,ASK
1446166170,2096.03,0.1,BID
1446166170,2096.64,0.2,BID
1446166170,2096.67,0.39,BID
1446166170,2096.67,1.0,BID
1446166170,2096.67,0.4,BID
1446166170,2096.67,1.04,BID
1446166170,2096.67,0.0607,BID
1446166172,2096.04,0.0179,ASK
1446166172,2095.36,0.5,ASK
1446166172,2095.25,0.1821,ASK
1446166173,2096.21,0.05,BID
1446166175,2096.21,0.05,BID
1446166176,2096.22,0.05,ASK
1446166176,2096.22,0.001,ASK
1446166178,2096.4,0.01,ASK
1446166178,2096.4,0.02,ASK
1446166178,2096.22,0.099,ASK
1446166180,2095.28,0.15,ASK
1446166181,2096.35,0.001,BID
1446166188,2096.18,0.01,BID
1446166193,2096.35,0.009,BID
1446166194,2096.35,0.042,ASK
1446166194,2096.34,0.068,BID
1446166194,2096.64,0.0214,BID
1446166194,2096.64,0.01,BID
1446166194,2096.65,0.0816,BID
1446166198,2096.65,0.09,BID
1446166198,2096.19,0.1,ASK
1446166201,2096.61,0.156,ASK
1446166202,2096.61,0.0003,ASK
1446166203,2096.2,0.0149,ASK
1446166203,2096.19,0.1411,ASK
1446166206,2096.34,0.0706,ASK
1446166206,2096.6,0.05,BID
1446166206,2096.6,0.106,BID
1446166206,2096.61,0.1563,BID
1446166206,2096.64,0.0909,BID
1446166206,2096.65,1.7284,BID
1446166206,2096.66,0.024,BID
1446166206,2096.67,0.5893,BID
1446166206,2096.88,0.01,BID
1446166206,2096.98,0.1,BID
1446166206,2096.99,0.3137,BID
1446166207,2096.34,0.014,ASK
1446166214,2096.99,0.2863,BID
1446166214,2096.99,0.1411,BID
1446166214,2097.0,1.5726,BID
1446166216,2096.37,0.0691,ASK
1446166216,2096.37,0.0122,ASK
1446166216,2096.37,0.0187,ASK
1446166219,2096.38,0.0291,ASK
1446166219,2096.37,0.4709,ASK
1446166220,2096.94,0.0691,BID
1446166220,2096.95,0.0122,BID
1446166220,2096.95,0.0128,BID
1446166220,2096.96,0.3769,BID
1446166222,2096.96,0.1231,BID
1446166227,2096.96,0.01,ASK
1446166228,2096.96,0.113,ASK
1446166231,2096.93,0.02,BID
1446166231,2096.93,0.0163,BID
1446166231,2096.94,0.3437,BID
1446166232,2096.7,12.0,BID
1446166232,2096.7,3.827,BID
1446166233,2096.94,0.0363,BID
1446166233,2096.94,0.0134,BID
1446166233,2096.95,0.145,BID
1446166233,2096.95,0.123,BID
1446166234,2096.95,0.0623,ASK
1446166234,2096.69,0.02,ASK
1446166235,2096.26,2.0,ASK
1446166235,2096.26,3.192,ASK
1446166236,2096.34,0.729,BID
1446166236,2096.34,0.4,BID
1446166236,2096.34,0.2432,BID
1446166238,2096.35,0.26,ASK
1446166240,2096.78,0.0145,BID
1446166240,2096.95,0.01,BID
1446166240,2097.0,0.1255,BID
1446166241,2097.0,3.3019,BID
1446166241,2097.0,4.0183,BID
1446166242,2096.62,0.01,ASK
1446166242,2096.51,0.013,ASK
1446166242,2096.5,0.237,ASK
1446166242,2096.5,0.023,ASK
1446166242,2096.42,0.68,ASK
1446166242,2096.36,0.0691,ASK
1446166242,2096.36,0.6,ASK
1446166242,2096.35,0.0825,ASK
1446166243,2096.51,0.013,ASK
1446166243,2096.37,0.0335,ASK
1446166243,2096.35,0.0545,ASK
1446166243,2096.35,0.159,ASK
1446166244,2096.36,2.0,ASK
1446166244,2096.36,1.0,ASK
1446166244,2096.36,2.078,ASK
1446166245,2096.41,0.1759,BID
1446166246,2096.41,0.3241,BID
1446166246,2096.74,0.0159,BID
1446166246,2096.75,0.16,BID
1446166247,2096.4,0.001,BID
1446166247,2096.4,0.0152,BID
1446166251,2096.61,0.16,ASK
1446166251,2096.47,0.05,ASK
1446166251,2096.43,0.0231,ASK
1446166251,2096.42,0.4618,ASK
1446166251,2096.42,0.025,ASK
1446166251,2096.37,0.02,ASK
1446166251,2096.35,0.318,ASK
1446166251,2096.35,8.4676,ASK
1446166251,2096.73,0.01,BID
1446166251,2096.37,22.0,ASK
1446166251,2096.37,7.389,ASK
1446166253,2096.6,0.16,BID
1446166253,2096.98,0.0173,BID
1446166253,2096.98,0.0127,BID
1446166253,2096.99,0.47,BID
1446166256,2096.91,0.1,BID
1446166256,2096.98,0.0591,BID
1446166256,2096.99,0.13,BID
1446166256,2096.99,0.0311,BID
1446166256,2097.0,0.2708,BID
1446166260,2096.99,0.01,BID
1446166260,2096.99,0.0073,BID
1446166260,2097.0,0.4927,BID
1446166260,2097.0,14.783,BID
1446166261,2097.0,0.339,BID
1446166262,2097.0,0.5,BID
1446166263,2097.0,0.38,BID
1446166263,2097.0,0.1539,BID
1446166263,2097.0,0.4769,BID
1446166263,2097.0,0.137,BID
1446166264,2097.0,0.1873,BID
1446166264,2097.01,0.2896,BID
1446166265,2097.01,0.1104,BID
1446166265,2097.2,0.008,BID
1446166267,2097.34,0.052,ASK
1446166267,2097.01,0.3665,ASK
1446166267,2097.01,0.101,ASK
1446166267,2097.0,0.1805,ASK
1446166268,2097.02,0.1,ASK
1446166269,2097.34,0.12,ASK
1446166269,2097.31,0.38,ASK
1446166269,2097.35,0.05,ASK
1446166270,2097.35,0.0191,ASK
1446166270,2097.35,0.01,ASK
1446166270,2097.32,0.1709,ASK
1446166270,2097.62,0.001,BID
1446166270,2097.97,0.033,BID
1446166270,2097.98,0.1,BID
1446166270,2097.98,0.2,ASK
1446166271,2097.98,0.166,ASK
1446166271,2097.32,0.4291,ASK
1446166271,2097.02,0.0104,ASK
1446166271,2097.01,0.02,ASK
1446166271,2096.97,0.083,ASK
1446166271,2096.84,0.0866,ASK
1446166271,2097.15,0.2,BID
