timestamp,price,amount,side
1444953085,1648.28,0.024,BID
1444953098,1648.58,0.007,BID
1444953113,1648.88,0.01,BID
1444953117,1648.89,0.01,BID
1444953124,1648.88,0.02,BID
1444953124,1648.88,0.0004,BID
1444953124,1648.89,0.0115,BID
1444953124,1649.37,0.0669,BID
1444953124,1649.38,0.0812,BID
1444953139,1649.38,0.01,BID
1444953140,1649.38,0.01,BID
1444953147,1649.38,0.01,BID
1444953161,1648.76,0.0304,ASK
1444953161,1648.75,0.06,ASK
1444953161,1648.74,0.17,ASK
1444953163,1647.92,0.5,BID
1444953163,1647.92,0.2,BID
1444953164,1647.92,1.129,BID
1444953164,1647.92,0.494,BID
1444953164,1647.92,0.05,BID
1444953164,1647.92,0.3666,BID
1444953167,1647.93,0.01,ASK
1444953168,1648.54,0.0454,BID
1444953168,1648.99,0.0304,BID
1444953168,1649.0,1.2532,BID
1444953181,1648.72,0.01,BID
1444953187,1648.52,0.01,BID
1444953194,1648.72,0.0039,BID
1444953194,1648.73,0.0061,BID
1444953205,1648.71,0.01,BID
1444953212,1648.71,0.04,BID
1444953212,1648.74,4.1,BID
1444953213,1648.74,0.542,BID
1444953215,1648.74,0.01,BID
1444953218,1648.74,0.5,BID
1444953223,1648.73,0.01,BID
1444953231,1648.73,0.01,BID
1444953238,1648.73,0.01,BID
1444953242,1648.73,0.01,BID
1444953248,1648.73,0.01,BID
1444953250,1648.73,0.01,BID
1444953256,1648.73,0.01,BID
1444953265,1648.73,0.01,BID
1444953266,1648.73,0.01,BID
1444953267,1648.73,0.01,BID
1444953271,1648.73,0.01,BID
1444953272,1648.73,0.3919,BID
1444953272,1648.74,0.1081,BID
1444953274,1648.56,13.47,BID
1444953277,1648.74,0.01,BID
1444953286,1648.74,0.01,BID
1444953287,1648.6,0.05,ASK
1444953288,1648.6,0.2,BID
1444953295,1648.6,1.065,BID
1444953296,1648.6,0.2,BID
1444953298,1648.6,0.5,BID
1444953300,1648.6,0.2,BID
1444953300,1648.6,0.07,BID
1444953303,1648.6,0.5,BID
1444953308,1648.6,0.01,BID
1444953311,1648.6,0.2,BID
1444953311,1648.6,0.13,BID
1444953312,1648.6,0.5,BID
1444953314,1648.28,0.01,BID
1444953315,1648.28,0.0163,BID
1444953315,1648.6,0.0837,BID
1444953317,1648.59,0.753,BID
1444953322,1648.58,0.05,BID
1444953322,1648.59,0.45,BID
1444953324,1648.39,0.06,ASK
1444953325,1648.39,0.01,BID
1444953325,1648.39,0.03,BID
1444953325,1648.59,0.204,BID
1444953325,1648.59,0.36,BID
1444953325,1648.38,0.026,ASK
1444953326,1648.38,0.034,BID
1444953326,1648.59,0.766,BID
1444953329,1648.59,0.01,BID
1444953330,1648.59,0.1446,BID
1444953330,1648.6,0.9773,BID
1444953330,1648.74,0.1421,BID
1444953331,1648.74,0.113,BID
1444953331,1648.74,0.2,BID
1444953333,1648.58,0.06,BID
1444953333,1648.74,0.44,BID
1444953335,1648.74,0.01,BID
1444953337,1648.74,0.2,BID
1444953337,1648.74,0.093,BID
1444953337,1648.73,4.577,BID
1444953340,1648.74,0.01,BID
1444953341,1648.74,0.14,BID
1444953341,1648.74,0.113,BID
1444953342,1648.74,0.5,BID
1444953343,1648.74,0.16,BID
1444953344,1648.74,0.01,BID
1444953344,1648.74,0.109,BID
1444953345,1648.74,0.121,BID
1444953347,1648.74,0.2,BID
1444953348,1648.74,0.01,BID
1444953349,1648.74,0.838,BID
1444953350,1648.74,0.01,BID
1444953350,1648.74,0.5,BID
1444953353,1648.74,0.494,BID
1444953356,1648.74,1.625,BID
1444953358,1648.74,0.2,BID
1444953359,1648.74,0.5,BID
1444953360,1648.12,3.0,BID
1444953360,1648.12,10.0,BID
1444953360,1648.12,1.991,BID
1444953368,1648.74,0.1347,BID
1444953368,1649.0,0.01,BID
1444953369,1649.0,0.2,BID
1444953371,1649.0,0.5,BID
1444953372,1649.0,0.2,BID
1444953373,1649.0,0.134,BID
1444953374,1649.0,0.01,BID
1444953374,1649.0,0.5,BID
1444953375,1648.95,0.01,ASK
1444953376,1649.0,0.2,BID
1444953377,1648.94,0.0416,ASK
1444953377,1649.0,0.01,BID
1444953377,1649.0,0.5,BID
1444953380,1649.0,0.01,BID
1444953380,1649.0,0.16,BID
1444953381,1649.0,0.5,BID
1444953386,1649.0,0.01,BID
1444953391,1649.0,1.74,BID
1444953393,1648.9,0.06,ASK
1444953393,1648.9,0.01,BID
1444953394,1648.9,0.001,BID
1444953394,1648.9,0.029,BID
1444953394,1649.0,0.542,BID
1444953398,1649.0,1.5,BID
1444953413,1648.79,0.03,ASK
1444953414,1648.99,0.01,BID
1444953417,1648.78,0.006,ASK
1444953417,1648.75,0.004,ASK
1444953420,1648.75,0.1307,ASK
1444953421,1648.74,0.0103,BID
1444953421,1648.79,0.0057,BID
1444953434,1648.74,0.01,BID
1444953435,1648.69,0.0163,ASK
1444953435,1648.68,0.1137,ASK
1444953436,1648.68,0.2133,ASK
1444953437,1648.67,0.0163,BID
1444953438,1648.64,0.01,ASK
1444953438,1648.61,0.0303,ASK
1444953438,1648.6,0.5597,ASK
1444953439,1648.6,0.0303,ASK
1444953449,1648.67,0.001,BID
1444953451,1648.67,0.0964,BID
1444953451,1648.67,0.116,BID
1444953452,1648.66,0.0212,BID
1444953452,1648.67,0.211,BID
1444953453,1648.7,0.01,BID
1444953454,1648.68,0.191,ASK
1444953454,1648.68,0.0002,ASK
1444953454,1648.68,0.1908,ASK
1444953454,1648.68,0.191,ASK
1444953454,1648.68,0.0416,ASK
1444953457,1648.6,0.0165,ASK
1444953465,1648.46,0.02,ASK
1444953465,1648.45,0.002,ASK
1444953477,1647.93,0.108,ASK
1444953482,1647.93,0.006,ASK
1444953482,1647.93,0.29,ASK
1444953491,1648.03,0.01,ASK
1444953491,1647.79,0.004,ASK
1444953491,1647.65,0.473,ASK
1444953503,1648.02,0.01,BID
1444953503,1648.02,0.01,BID
1444953503,1648.02,0.07,BID
1444953503,1648.41,0.022,BID
1444953503,1648.41,0.01,BID
1444953503,1648.41,1.091,BID
1444953503,1647.64,0.296,ASK
1444953510,1648.4,0.0197,BID
1444953510,1648.41,0.0203,BID
1444953514,1647.65,0.06,ASK
1444953514,1647.64,0.24,ASK
1444953514,1647.64,0.6,ASK
1444953515,1647.64,0.108,ASK
1444953524,1647.64,0.1435,ASK
1444953524,1647.13,0.3205,ASK
1444953529,1647.63,0.143,BID
1444953529,1647.63,0.143,BID
1444953529,1647.63,0.143,BID
1444953529,1647.97,0.1837,BID
1444953529,1648.0,1.0,BID
1444953529,1648.4,0.06,BID
1444953530,1648.45,0.0509,ASK
1444953530,1647.6,0.01,BID
1444953538,1647.15,0.06,ASK
1444953538,1647.14,0.0148,ASK
1444953538,1647.13,0.0682,ASK
1444953540,1647.14,0.332,ASK
1444953544,1647.36,0.1465,ASK
1444953544,1647.14,1.2575,ASK
1444953545,1647.14,0.331,ASK
1444953550,1647.14,0.146,ASK
1444953551,1647.14,0.0135,ASK
1444953552,1647.0,0.159,ASK
1444953554,1647.13,0.01,BID
1444953555,1647.0,0.141,ASK
1444953558,1646.99,0.0264,BID
1444953559,1646.99,0.01,BID
1444953568,1646.98,0.01,BID
1444953575,1646.98,0.01,BID
1444953583,1646.81,0.01,ASK
1444953599,1646.99,0.01,BID
1444953622,1646.98,0.01,BID
1444953633,1646.98,0.04,BID
1444953634,1646.99,0.04,BID
1444953636,1646.99,0.01,BID
1444953638,1646.99,0.081,BID
1444953640,1647.12,0.001,BID
1444953642,1647.12,0.01,BID
1444953647,1646.99,0.243,ASK
1444953648,1646.99,0.276,ASK
1444953648,1646.99,0.243,ASK
1444953649,1647.12,0.0038,BID
1444953649,1647.13,0.0062,BID
1444953649,1647.0,0.06,ASK
1444953649,1646.99,0.157,ASK
1444953649,1646.99,0.1832,ASK
1444953649,1646.98,0.2498,ASK
1444953655,1647.13,0.01,BID
1444953663,1647.11,0.01,BID
1444953669,1647.1,0.01,BID
1444953674,1647.1,0.0014,BID
1444953678,1647.1,0.001,BID
1444953679,1647.1,0.0014,BID
1444953680,1647.1,0.01,BID
1444953688,1647.1,0.01,BID
1444953688,1647.1,0.0014,BID
1444953692,1647.1,0.0014,BID
1444953695,1647.0,0.0944,ASK
1444953695,1647.0,0.0136,ASK
1444953696,1647.0,0.0002,ASK
1444953696,1646.99,0.108,ASK
1444953696,1647.1,0.017,BID
1444953697,1647.1,0.0564,BID
1444953697,1647.1,0.06,BID
1444953698,1647.11,0.01,BID
1444953698,1647.11,0.0734,BID
1444953699,1647.11,0.0418,BID
1444953699,1647.12,0.0225,BID
1444953699,1647.13,0.0087,BID
1444953704,1647.13,0.165,BID
1444953705,1647.13,0.01,BID
1444953705,1647.13,0.2671,BID
1444953708,1647.35,0.146,BID
1444953709,1647.35,0.0005,BID
1444953712,1647.95,0.001,BID
1444953712,1647.99,0.015,BID
1444953712,1648.0,0.13,BID
1444953717,1648.0,0.01,BID
1444953723,1648.0,0.01,BID
1444953725,1647.38,13.0,BID
1444953725,1647.38,4.0,BID
1444953725,1647.38,1.971,BID
1444953729,1648.0,0.01,BID
1444953734,1647.86,0.0014,ASK
1444953734,1647.38,0.01,ASK
1444953734,1647.37,0.06,ASK
1444953734,1647.36,0.1036,ASK
1444953735,1648.0,0.01,BID
1444953741,1648.0,0.01,BID
1444953747,1647.99,0.01,BID
1444953752,1648.0,0.01,BID
1444953752,1648.0,0.001,BID
1444953754,1648.0,0.001,BID
1444953755,1648.0,0.001,BID
1444953759,1647.99,0.01,BID
1444953761,1647.99,0.001,BID
1444953765,1647.99,0.01,BID
1444953768,1648.0,0.001,BID
1444953771,1648.0,0.01,BID
1444953771,1647.99,0.001,BID
1444953776,1647.99,0.01,BID
1444953782,1647.99,0.01,BID
1444953786,1647.99,0.001,BID
1444953787,1647.43,0.01,ASK
1444953787,1647.42,0.03,ASK
1444953788,1647.99,0.001,BID
1444953788,1647.99,0.007,BID
1444953788,1648.0,0.003,BID
1444953793,1647.41,0.015,ASK
1444953795,1648.0,0.001,BID
1444953795,1647.99,13.826,BID
1444953801,1648.0,0.0014,BID
1444953801,1648.0,0.01,BID
1444953803,1648.0,0.0014,BID
1444953807,1647.5,0.01,BID
1444953807,1647.99,0.03,BID
1444953807,1648.0,0.0792,BID
1444953807,1648.09,0.0461,BID
1444953807,1648.09,0.0233,BID
1444953807,1648.1,1.3875,BID
1444953807,1648.49,0.001,BID
1444953807,1648.49,0.001,BID
1444953807,1648.74,0.1207,BID
1444953807,1648.79,0.0104,BID
1444953807,1648.89,0.1051,BID
1444953807,1648.9,5.1511,BID
1444953807,1648.91,4.0719,BID
1444953807,1649.0,0.7991,BID
1444953807,1649.38,0.0893,BID
1444953807,1649.39,0.166,BID
1444953807,1649.61,0.9083,BID
1444953811,1648.5,0.01,ASK
1444953815,1648.5,0.0089,BID
1444953815,1648.51,0.001,BID
1444953818,1648.67,0.0001,ASK
1444953826,1648.09,0.0161,BID
1444953832,1648.9,0.001,BID
1444953834,1648.9,0.001,BID
1444953840,1648.89,0.01,BID
1444953847,1648.55,0.0014,ASK
1444953847,1648.5,0.06,ASK
1444953847,1648.49,0.001,ASK
1444953849,1648.14,0.0998,BID
1444953854,1648.48,0.01,BID
1444953859,1648.47,0.01,BID
1444953865,1648.46,0.0014,BID
1444953866,1648.46,0.01,BID
1444953870,1648.49,0.0014,BID
1444953875,1648.49,0.0014,BID
1444953876,1648.47,0.05,BID
1444953876,1648.49,0.213,BID
1444953876,1648.49,0.263,BID
1444953876,1648.49,0.263,BID
1444953877,1648.49,0.32,BID
1444953877,1648.49,0.024,BID
1444953878,1648.49,0.137,BID
1444953878,1648.37,0.01,ASK
1444953878,1648.35,0.0014,BID
1444953879,1648.35,0.0599,BID
1444953879,1648.49,0.0881,BID
1444953880,1648.49,0.6066,BID
1444953881,1648.49,0.0014,BID
1444953883,1648.49,0.4,BID
1444953884,1648.49,0.5,BID
1444953896,1648.49,0.0047,BID
1444953896,1648.89,0.0053,BID
1444953903,1648.89,0.01,BID
1444953909,1648.88,0.01,BID
1444953910,1648.51,0.0245,ASK
1444953910,1648.5,0.0587,ASK
1444953910,1648.5,0.242,ASK
1444953914,1648.87,0.01,BID
1444953920,1648.9,0.001,BID
1444953920,1649.01,0.001,BID
1444953921,1649.03,0.008,ASK
1444953923,1648.51,0.06,ASK
1444953923,1648.51,0.197,ASK
1444953925,1648.5,0.01,ASK
1444953926,1648.52,0.141,ASK
1444953926,1648.52,0.0118,ASK
1444953926,1648.5,0.1042,ASK
1444953926,1648.51,13.0,ASK
1444953926,1648.51,3.919,ASK
1444953929,1648.88,0.01,BID
1444953943,1649.53,0.05,BID
1444953943,1648.51,0.02,ASK
1444953943,1648.5,0.0354,ASK
1444953944,1649.57,0.01,BID
1444953954,1648.52,0.04,ASK
1444953954,1648.52,0.0194,ASK
1444953954,1648.51,0.061,ASK
1444953961,1648.9,0.01,BID
1444953967,1648.89,0.002,BID
1444953967,1648.9,0.0463,BID
1444953967,1648.9,0.1204,BID
1444953967,1648.91,0.9253,BID
1444953968,1648.91,0.01,BID
1444953969,1648.91,0.166,BID
1444953970,1648.76,0.008,ASK
1444953971,1648.9,0.0014,BID
1444953971,1648.89,6.0,ASK
1444953971,1648.89,11.0,ASK
1444953971,1648.89,3.362,ASK
1444953976,1648.89,0.01,BID
1444953979,1648.63,0.0304,ASK
1444953979,1648.62,0.0014,ASK
1444953979,1648.55,0.068,ASK
1444953981,1648.89,0.0014,BID
1444953988,1648.87,0.01,BID
1444953990,1648.87,0.0014,BID
1444953992,1648.75,0.038,ASK
1444953993,1648.86,0.0014,BID
1444954000,1648.74,0.0014,BID
1444954002,1648.74,0.01,BID
1444954008,1648.73,0.019,BID
1444954008,1648.74,0.0266,BID
1444954008,1648.86,0.1525,BID
1444954008,1648.89,0.1319,BID
1444954008,1648.89,0.02,BID
1444954008,1648.9,0.05,BID
1444954008,1648.74,0.06,BID
1444954008,1648.9,0.35,BID
1444954008,1648.91,0.117,BID
1444954009,1648.91,0.01,BID
1444954013,1648.65,0.0304,ASK
1444954013,1648.64,0.0439,ASK
1444954013,1648.59,0.0255,ASK
1444954017,1648.9,0.01,BID
1444954039,1648.9,0.017,BID
1444954042,1648.56,0.06,ASK
1444954044,1648.89,0.01,BID
1444954052,1648.56,0.053,BID
1444954052,1648.56,0.01,BID
1444954053,1648.56,0.0368,BID
1444954053,1648.9,0.5477,BID
1444954055,1648.9,0.06,ASK
1444954055,1648.91,0.4,BID
1444954056,1648.9,1.116,ASK
1444954057,1648.9,0.4,ASK
1444954057,1648.9,0.65,ASK
1444954058,1648.91,0.099,BID
1444954058,1648.9,0.01,ASK
1444954058,1648.9,0.65,ASK
1444954058,1648.9,0.666,ASK
1444954058,1648.9,0.0089,ASK
1444954059,1648.91,0.6065,BID
1444954059,1648.91,0.01,BID
1444954060,1648.91,0.6,BID
1444954060,1648.91,0.6065,BID
1444954060,1648.91,0.0014,BID
1444954060,1648.9,3.0,ASK
1444954060,1648.9,0.3,ASK
1444954060,1648.9,0.4,ASK
1444954062,1648.91,0.0014,BID
1444954063,1648.9,0.977,ASK
1444954065,1648.9,0.38,ASK
1444954065,1648.91,0.0014,BID
1444954066,1648.9,0.65,ASK
1444954066,1648.91,0.8525,BID
1444954067,1648.91,0.5343,ASK
1444954067,1648.9,0.1157,ASK
1444954067,1648.94,0.001,BID
1444954067,1649.03,0.009,ASK
1444954067,1648.9,1.095,ASK
1444954068,1648.9,0.6,ASK
1444954070,1648.91,0.0909,ASK
1444954070,1648.91,0.03,ASK
1444954070,1648.9,0.4791,ASK
1444954079,1648.95,0.06,ASK
1444954079,1648.92,0.0113,ASK
1444954101,1649.11,0.01,BID
1444954102,1649.09,0.0014,ASK
1444954102,1648.92,0.058,ASK
1444954102,1648.91,6.7313,ASK
1444954102,1648.91,0.1,ASK
1444954102,1648.91,0.001,ASK
1444954102,1648.91,0.001,ASK
1444954104,1648.9,0.0014,BID
1444954105,1648.89,0.0204,BID
1444954105,1648.9,3.3481,BID
1444954105,1649.1,0.06,BID
1444954107,1649.11,2.4063,ASK
1444954107,1649.11,0.195,ASK
1444954108,1649.11,0.0935,ASK
1444954112,1648.61,0.0014,BID
1444954114,1648.61,0.0014,BID
1444954115,1648.61,0.0902,BID
1444954115,1648.92,0.0033,BID
1444954117,1648.92,0.093,BID
1444954118,1648.84,0.0089,ASK
1444954129,1648.83,0.0014,ASK
1444954129,1648.79,0.0586,ASK
1444954130,1648.79,0.0014,ASK
1444954131,1648.78,0.0014,BID
1444954132,1648.78,0.0572,BID
1444954136,1648.8,0.0268,ASK
1444954136,1648.79,0.0586,ASK
1444954136,1648.69,0.0014,ASK
1444954136,1648.62,0.0034,ASK
1444954137,1648.78,2.0,ASK
1444954137,1648.78,3.406,ASK
1444954160,1648.62,0.0868,ASK
1444954160,1648.57,0.0012,ASK
1444954164,1648.58,0.0304,ASK
1444954164,1648.57,0.0618,ASK
1444954164,1648.55,0.0463,ASK
1444954164,1648.52,0.001,ASK
1444954164,1648.5,0.0395,ASK
1444954173,1648.5,0.0002,ASK
1444954179,1648.49,0.001,ASK
1444954181,1648.47,0.001,ASK
1444954181,1648.44,0.001,ASK
1444954181,1648.44,0.001,ASK
1444954183,1648.22,0.001,ASK
1444954183,1648.22,0.001,ASK
1444954183,1648.2,0.001,ASK
1444954183,1648.2,0.001,ASK
1444954183,1648.14,0.001,ASK
1444954183,1648.01,0.001,ASK
1444954183,1648.0,0.094,ASK
1444954185,1648.0,0.1,ASK
1444954186,1648.0,0.1,ASK
1444954190,1648.0,1.3856,ASK
1444954190,1648.0,0.1,ASK
1444954191,1648.0,0.1,ASK
1444954198,1648.0,0.52,ASK
1444954199,1648.33,0.06,BID
1444954203,1648.35,0.04,ASK
1444954206,1648.36,0.02,ASK
1444954207,1648.46,11.851,ASK
1444954209,1648.36,0.04,ASK
1444954209,1648.0,3.6004,ASK
1444954209,1647.53,0.0377,ASK
1444954209,1647.51,0.001,ASK
1444954209,1647.41,0.1583,ASK
1444954209,1647.4,0.3,ASK
1444954209,1647.4,3.8033,ASK
1444954223,1648.25,0.001,BID
1444954223,1648.26,0.0108,BID
1444954223,1648.27,0.2249,BID
1444954223,1648.3,0.06,BID
1444954223,1648.31,0.01,BID
1444954223,1648.32,0.001,BID
1444954223,1648.35,0.04,BID
1444954223,1648.45,0.02,BID
1444954223,1648.46,0.4,BID
1444954223,1648.49,1.8123,BID
1444954225,1648.48,0.166,BID
1444954225,1648.49,0.0519,ASK
1444954242,1648.48,0.5481,BID
1444954242,1648.5,0.548,BID
1444954243,1648.48,0.001,BID
1444954243,1648.5,0.009,BID
1444954246,1648.5,0.4,BID
1444954248,1648.5,0.04,BID
1444954249,1648.17,0.0185,ASK
1444954251,1648.07,0.0231,BID
1444954251,1648.49,0.0185,BID
1444954251,1648.5,0.0584,BID
1444954252,1648.5,0.1,BID
1444954252,1648.5,0.01,BID
1444954252,1648.5,0.483,BID
1444954252,1648.5,0.129,BID
1444954259,1648.48,0.001,BID
1444954259,1648.5,0.009,BID
1444954260,1648.5,7.4,BID
1444954260,1648.5,0.0014,BID
1444954260,1648.09,16.0,BID
1444954260,1648.09,1.96,BID
1444954261,1648.49,12.0,BID
1444954261,1648.49,4.491,BID
1444954267,1648.5,0.01,BID
1444954269,1648.5,0.0014,BID
1444954283,1648.37,0.01,BID
1444954283,1648.37,0.0798,BID
1444954283,1648.38,0.0102,BID
1444954285,1648.38,0.073,BID
1444954294,1648.48,0.001,BID
1444954294,1648.48,0.001,BID
1444954294,1648.5,0.008,BID
1444954306,1648.46,0.0014,ASK
1444954306,1648.03,0.06,ASK
1444954306,1648.03,0.369,ASK
1444954306,1648.02,0.0383,ASK
1444954306,1648.0,2.1113,ASK
1444954308,1648.5,0.01,BID
1444954310,1648.5,0.0014,BID
1444954315,1648.49,0.01,BID
1444954317,1648.49,0.0014,BID
1444954318,1648.49,0.01,BID
1444954318,1648.49,0.01,BID
1444954327,1648.47,0.01,BID
1444954337,1648.47,0.01,BID
1444954344,1648.47,0.01,BID
1444954352,1648.48,0.001,BID
1444954352,1648.5,0.009,BID
1444954359,1648.21,0.05,ASK
1444954359,1648.2,0.025,ASK
1444954359,1648.19,0.5,ASK
1444954359,1648.01,0.1719,ASK
1444954359,1648.0,0.4331,ASK
1444954362,1648.02,0.0014,ASK
1444954362,1648.0,1.9986,ASK
1444954370,1648.04,0.0014,ASK
1444954370,1648.0,0.4986,ASK
1444954373,1648.0,0.634,ASK
1444954375,1648.02,0.0014,ASK
1444954375,1648.01,0.01,ASK
1444954375,1648.0,0.3646,ASK
1444954381,1648.0,0.0089,ASK
1444954408,1648.0,0.1,ASK
1444954409,1648.0,0.122,ASK
1444954410,1648.0,0.65,ASK
1444954411,1648.0,0.5752,ASK
1444954414,1647.98,0.001,ASK
1444954414,1647.98,0.001,ASK
1444954439,1647.79,0.1534,ASK
1444954439,1647.78,0.1856,ASK
1444954440,1647.78,0.0829,ASK
1444954441,1647.77,0.001,ASK
1444954441,1647.75,0.001,ASK
1444954442,1647.71,0.008,BID
1444954442,1647.78,0.0301,BID
1444954442,1647.78,0.0971,BID
1444954443,1647.78,0.0159,BID
1444954443,1647.78,0.113,BID
1444954444,1647.79,0.06,ASK
1444954451,1647.87,0.1214,BID
1444954451,1647.79,0.01,ASK
1444954452,1647.87,0.6068,BID
1444954453,1647.79,0.0333,ASK
1444954454,1647.79,0.01,ASK
1444954454,1647.79,0.0139,ASK
1444954458,1647.77,0.06,ASK
1444954458,1647.54,0.002,ASK
1444954458,1647.48,0.001,ASK
1444954458,1647.48,0.001,ASK
1444954458,1647.39,0.001,ASK
1444954458,1647.36,0.0424,ASK
1444954458,1647.32,0.001,ASK
1444954458,1647.25,0.001,ASK
1444954458,1647.25,0.001,ASK
1444954458,1647.25,0.001,ASK
1444954458,1647.22,0.001,ASK
1444954458,1647.19,0.6,ASK
1444954458,1647.18,0.4,ASK
1444954458,1647.15,0.001,ASK
1444954458,1647.14,0.175,ASK
1444954458,1647.14,0.2771,ASK
1444954458,1647.13,5.6844,ASK
1444954458,1647.12,0.1252,ASK
1444954458,1647.0,0.3,ASK
1444954458,1647.0,0.3,ASK
1444954458,1646.99,0.269,ASK
1444954458,1646.99,0.513,ASK
1444954458,1646.99,5.617,ASK
1444954458,1646.99,1.2833,ASK
1444954459,1647.77,8.382,ASK
1444954473,1647.75,0.06,BID
1444954473,1647.76,0.06,BID
1444954473,1647.78,0.0433,BID
1444954473,1647.83,0.02,BID
1444954473,1647.84,0.4,BID
1444954473,1647.84,0.1274,BID
1444954473,1647.85,4.272,BID
1444954473,1647.95,0.2798,BID
1444954473,1647.96,0.2624,BID
1444954473,1647.99,0.0748,BID
1444954473,1647.99,0.65,BID
1444954473,1648.0,0.0238,BID
1444954473,1648.19,0.0713,BID
1444954473,1648.22,0.001,BID
1444954473,1648.22,0.001,BID
1444954473,1648.25,0.001,BID
1444954473,1648.25,0.001,BID
1444954473,1648.44,0.2905,BID
1444954483,1647.36,0.0014,ASK
1444954483,1647.32,0.0086,ASK
1444954559,1647.23,0.05,ASK
1444954559,1647.22,0.001,ASK
1444954559,1647.22,0.001,ASK
1444954559,1647.22,0.001,ASK
1444954559,1647.02,0.02,ASK
1444954559,1647.01,0.4,ASK
1444954560,1647.0,0.0705,ASK
1444954561,1646.99,0.206,ASK
1444954561,1646.99,0.0017,ASK
1444954561,1646.99,0.5983,ASK
1444954562,1646.99,0.6047,ASK
1444954562,1646.99,0.0569,ASK
1444954562,1646.98,0.5469,ASK
1444954562,1646.98,0.6,ASK
1444954562,1646.98,0.05,ASK
1444954562,1646.98,0.5,ASK
1444954563,1646.98,4.9029,ASK
1444954564,1646.98,0.322,ASK
1444954564,1646.98,0.1,ASK
1444954567,1646.99,0.319,BID
1444954567,1646.99,0.0165,BID
1444954567,1646.99,0.206,BID
1444954567,1646.99,0.8461,BID
1444954567,1646.98,0.1695,ASK
1444954569,1646.98,0.07,ASK
1444954571,1646.98,0.3295,ASK
1444954572,1646.98,0.2142,ASK
1444954572,1646.98,0.3,ASK
1444954573,1646.98,0.315,ASK
1444954574,1646.98,0.65,ASK
1444954576,1646.98,0.01,ASK
1444954576,1646.98,0.65,ASK
1444954576,1646.98,0.4,ASK
1444954577,1646.98,5.0,ASK
1444954577,1646.98,0.3295,ASK
1444954578,1646.98,1.4639,ASK
1444954578,1646.98,1.0,ASK
1444954578,1646.98,0.6,ASK
1444954580,1646.99,0.001,ASK
1444954580,1646.98,6.7303,ASK
1444954585,1646.98,0.6,ASK
1444954596,1646.98,0.48,ASK
1444954597,1646.98,0.65,ASK
1444954605,1647.46,0.06,BID
1444954605,1647.47,0.03,BID
1444954605,1647.48,0.6,BID
1444954605,1647.48,0.0738,BID
1444954605,1647.49,0.1652,BID
1444954605,1647.49,0.05,BID
1444954606,1647.45,0.0113,BID
1444954606,1647.48,0.0653,BID
1444954606,1647.49,0.4234,BID
1444954606,1647.49,0.01,BID
1444954606,1647.49,0.2256,BID
1444954607,1647.49,0.319,BID
1444954607,1647.49,0.1944,BID
1444954607,1647.49,0.2806,BID
1444954609,1647.49,0.1194,BID
1444954609,1647.5,0.4806,BID
1444954609,1647.5,0.1,BID
1444954609,1647.5,0.6,BID
1444954609,1647.5,0.4,BID
1444954609,1647.5,0.3,BID
1444954609,1647.5,0.6,BID
1444954609,1647.5,0.6,BID
1444954609,1647.5,0.913,BID
1444954611,1647.5,0.607,BID
1444954611,1647.49,22.218,BID
1444954612,1647.5,0.157,BID
1444954612,1647.5,0.1,BID
1444954612,1647.5,0.1194,BID
1444954613,1647.5,0.607,BID
1444954614,1647.5,0.227,BID
1444954614,1647.5,0.3247,BID
1444954614,1647.51,0.001,BID
1444954614,1647.52,8.008,BID
1444954617,1647.6,0.001,BID
1444954617,1647.65,0.001,BID
1444954617,1647.86,0.001,BID
1444954617,1648.0,0.0073,BID
1444954617,1648.22,0.001,BID
1444954617,1648.22,0.001,BID
1444954617,1648.22,0.0047,BID
1444954619,1647.59,0.01,ASK
1444954620,1647.58,0.01,BID
1444954621,1647.53,4.334,BID
1444954622,1647.52,0.01,ASK
1444954625,1647.52,0.0041,ASK
1444954625,1647.52,0.01,ASK
1444954625,1647.51,0.2809,ASK
1444954626,1647.51,0.0004,ASK
1444954626,1647.5,0.001,ASK
1444954633,1647.01,0.001,BID
1444954635,1647.01,0.091,BID
1444954642,1647.23,0.01,ASK
1444954659,1647.54,0.001,ASK
1444954659,1647.53,0.06,ASK
1444954717,1647.98,0.07,BID
1444954717,1647.99,0.0141,BID
1444954717,1647.99,0.01,BID
1444954717,1648.0,0.6,BID
1444954717,1648.0,0.2999,BID
1444954720,1648.0,0.0001,BID
1444954720,1648.07,0.0099,BID
1444954722,1647.99,0.2183,ASK
1444954723,1648.07,1.75,BID
1444954725,1648.08,0.255,ASK
1444954727,1648.08,0.081,ASK
1444954727,1648.1,0.001,BID
1444954728,1648.2,0.009,ASK
1444954728,1648.08,0.236,ASK
1444954728,1648.08,0.0348,ASK
1444954728,1648.06,3.0,ASK
1444954728,1648.06,3.707,ASK
1444954734,1648.07,0.001,BID
1444954736,1648.07,0.571,BID
1444954736,1648.07,0.3518,BID
1444954736,1648.34,0.001,BID
1444954736,1648.34,0.001,BID
1444954736,1648.48,0.001,BID
1444954736,1648.55,0.001,BID
1444954736,1648.67,0.004,BID
1444954736,1648.79,0.0268,BID
1444954736,1648.79,0.0416,BID
1444954736,1648.83,0.1808,BID
1444954738,1648.09,7.0,BID
1444954738,1648.09,2.42,BID
1444954739,1648.08,0.081,ASK
1444954747,1648.09,0.0303,ASK
1444954747,1648.08,0.0507,ASK
1444954762,1648.12,0.0139,ASK
1444954768,1648.13,0.023,ASK
1444954768,1648.12,0.06,ASK
1444954768,1648.12,0.161,ASK
1444954770,1648.14,0.01,ASK
1444954783,1648.14,1.3771,ASK
1444954783,1648.09,0.0238,ASK
1444954783,1648.08,0.4751,ASK
1444954783,1648.07,0.001,ASK
1444954783,1648.07,0.001,ASK
1444954783,1648.0,0.1058,ASK
1444954784,1648.0,0.1927,BID
1444954793,1648.25,0.0227,BID
1444954793,1648.46,0.122,BID
1444954793,1648.54,0.0473,BID
1444954799,1648.26,0.01,ASK
1444954803,1648.26,0.01,ASK
1444954824,1648.27,0.01,ASK
1444954848,1648.27,0.05,ASK
1444954848,1648.26,0.0027,ASK
1444954848,1648.17,0.1463,ASK
1444954851,1648.17,0.132,BID
1444954852,1648.17,0.01,BID
1444954852,1648.17,1.158,BID
1444954853,1648.16,0.2192,BID
1444954853,1648.17,0.3875,BID
1444954854,1648.17,6.165,BID
1444954854,1648.17,0.6067,BID
1444954857,1648.17,0.0351,BID
1444954857,1648.17,1.3869,BID
1444954858,1648.17,0.0002,BID
1444954862,1648.39,0.02,BID
1444954862,1648.48,0.011,BID
1444954862,1648.49,0.1749,BID
1444954862,1648.49,0.0109,BID
1444954862,1648.5,9.5832,BID
1444954878,1648.2,0.01,ASK
1444954886,1648.19,0.0119,ASK
1444954886,1648.19,0.01,ASK
1444954886,1648.19,0.0084,ASK
1444954886,1648.18,0.0216,ASK
1444954890,1648.19,0.0292,ASK
1444954890,1648.18,0.3508,ASK
1444954893,1648.19,0.01,ASK
1444954895,1648.19,0.0017,ASK
1444954896,1648.19,0.0083,BID
1444954897,1648.19,0.0034,ASK
1444954897,1648.18,0.2316,ASK
1444954898,1648.18,0.0025,ASK
1444954930,1647.99,0.011,ASK
1444954930,1647.95,0.001,ASK
1444954930,1647.83,0.001,ASK
1444954930,1647.83,0.001,ASK
1444954932,1647.48,0.206,BID
1444954934,1648.16,0.01,BID
1444954935,1647.81,2.0,BID
1444954935,1647.81,2.34,BID
1444954939,1647.8,0.2049,ASK
1444954940,1647.8,0.0011,ASK
1444954943,1647.76,0.01,ASK
1444954945,1647.76,0.01,ASK
1444954949,1647.68,0.01,ASK
1444954950,1647.68,0.01,ASK
1444954951,1647.67,2.0,ASK
1444954951,1647.67,16.355,ASK
1444954974,1647.45,0.2317,ASK
1444954974,1647.33,0.0552,ASK
1444954976,1647.32,1.863,BID
1444954976,1647.32,0.4,BID
1444954976,1647.32,0.3842,BID
1444954976,1647.44,0.01,BID
1444954987,1647.43,0.07,BID
1444954987,1647.44,0.152,BID
1444954987,1647.44,0.0697,BID
1444954987,1647.64,0.0136,BID
1444954987,1647.65,0.2715,BID
1444954991,1647.65,0.01,ASK
1444954991,1647.65,0.01,ASK
1444954992,1647.65,0.545,ASK
1444954993,1647.65,0.65,ASK
1444954994,1647.65,0.65,ASK
1444954994,1647.65,0.01,ASK
1444954994,1647.65,0.351,ASK
1444954995,1647.65,0.65,ASK
1444954996,1647.65,0.65,ASK
1444954997,1647.65,1.304,ASK
1444954997,1647.65,0.01,ASK
1444954997,1647.65,0.8882,ASK
1444954997,1647.56,0.0118,ASK
1444955000,1647.56,0.01,ASK
1444955033,1647.45,0.04,ASK
1444955033,1647.44,0.0649,ASK
1444955034,1647.44,0.0051,ASK
1444955044,1647.33,0.105,ASK
1444955045,1647.33,0.502,ASK
1444955051,1647.21,0.01,ASK
1444955052,1647.21,0.0967,ASK
1444955052,1647.06,0.5033,ASK
1444955053,1647.06,0.0967,ASK
1444955056,1647.05,0.503,BID
1444955057,1647.05,0.0003,BID
1444955058,1647.2,0.1067,BID
1444955058,1647.31,0.06,BID
1444955058,1647.32,0.105,BID
1444955060,1647.55,0.306,ASK
1444955061,1647.55,0.5,ASK
1444955062,1647.55,0.6,ASK
1444955062,1647.55,2.2223,ASK
1444955064,1647.28,0.01,BID
1444955064,1647.53,0.05,BID
1444955070,1647.07,0.0251,ASK
1444955070,1647.06,0.4779,ASK
1444955071,1647.06,0.0251,ASK
1444955074,1647.05,0.101,BID
1444955075,1647.05,0.012,BID
1444955076,1647.05,0.101,BID
1444955077,1647.05,0.2639,BID
1444955079,1647.12,0.011,BID
1444955105,1647.2,0.0195,BID
1444955105,1647.21,0.0005,BID
1444955117,1647.18,0.036,BID
1444955122,1647.18,0.0004,BID
1444955122,1647.19,0.0356,BID
1444955126,1647.18,0.03,BID
1444955126,1647.19,0.6921,BID
1444955126,1647.2,0.0059,BID
1444955131,1647.19,0.01,ASK
1444955133,1647.19,0.02,ASK
1444955133,1647.15,0.0694,ASK
1444955133,1647.14,1.388,ASK
1444955133,1647.13,0.049,ASK
1444955133,1647.08,0.01,ASK
1444955133,1647.07,0.0239,ASK
1444955133,1647.06,0.113,ASK
1444955133,1647.06,0.1461,ASK
1444955135,1647.07,4.0,ASK
1444955135,1647.07,9.525,ASK
1444955149,1647.19,0.06,BID
1444955150,1647.2,0.0136,BID
1444955166,1647.2,0.01,ASK
1444955175,1647.21,0.389,BID
1444955176,1647.2,0.0364,ASK
1444955176,1647.2,0.1486,ASK
1444955177,1647.2,0.507,ASK
1444955182,1647.19,0.089,BID
1444955185,1647.18,0.0397,BID
1444955185,1647.19,0.054,BID
1444955185,1647.19,0.2153,BID
1444955186,1647.19,0.4347,BID
1444955189,1647.21,0.0004,BID
1444955189,1647.44,0.02,BID
1444955189,1647.44,0.0144,BID
1444955189,1647.44,0.0392,BID
1444955189,1647.45,0.36,BID
1444955215,1647.21,0.01,ASK
1444955217,1647.21,0.01,ASK
1444955226,1647.21,0.01,ASK
1444955229,1647.2,0.1724,ASK
1444955262,1647.54,0.067,BID
1444955262,1647.54,0.65,BID
1444955262,1647.54,0.067,BID
1444955262,1647.63,0.6,BID
1444955262,1647.64,0.65,BID
1444955262,1647.64,1.388,BID
1444955262,1647.65,8.4659,BID
1444955262,1647.67,0.0672,BID
1444955262,1648.0,0.0624,BID
1444955262,1648.17,0.2316,BID
1444955262,1648.3,0.1232,BID
1444955262,1648.3,0.184,BID
1444955262,1648.5,4.6458,BID
1444955262,1648.5,2.5179,BID
1444955265,1648.49,14.915,BID
1444955287,1647.49,0.0046,BID
1444955305,1647.34,0.03,ASK
1444955305,1647.33,0.0033,ASK
1444955305,1647.33,0.01,ASK
1444955309,1647.34,0.01,ASK
1444955312,1647.35,0.01,ASK
1444955313,1647.35,0.01,ASK
1444955315,1647.36,0.01,ASK
1444955317,1647.36,0.01,ASK
1444955320,1647.37,0.01,ASK
1444955322,1647.38,0.01,ASK
1444955326,1647.43,0.134,BID
1444955333,1647.49,0.0254,BID
1444955333,1647.5,0.025,BID
1444955333,1647.51,0.5,BID
1444955333,1647.51,0.1595,ASK
1444955334,1647.51,0.01,ASK
1444955346,1647.53,0.01,ASK
1444955349,1647.53,0.59,ASK
1444955349,1647.51,0.01,ASK
1444955351,1647.54,0.4,ASK
1444955351,1647.51,0.462,ASK
1444955352,1647.51,0.65,ASK
1444955354,1647.51,0.01,ASK
1444955354,1647.51,0.082,ASK
1444955355,1647.51,0.65,ASK
1444955356,1647.51,0.65,ASK
1444955363,1647.51,0.01,ASK
1444955383,1648.28,0.001,BID
1444955408,1647.81,0.2026,BID
1444955408,1648.04,5.0,BID
1444955408,1648.05,0.01,BID
1444955408,1648.06,0.153,BID
1444955408,1648.07,0.01,BID
1444955408,1648.19,0.0115,BID
1444955408,1648.2,0.5139,BID
1444955422,1647.53,0.05,ASK
1444955422,1647.52,0.026,ASK
1444955422,1647.51,0.5194,ASK
1444955422,1647.5,0.0254,ASK
1444955422,1647.41,0.015,ASK
1444955422,1647.4,0.3,ASK
1444955422,1647.33,0.1124,ASK
1444955422,1647.32,1.6517,ASK
1444955424,1647.52,0.05,BID
1444955428,1647.54,0.05,ASK
1444955434,1647.54,0.0309,ASK
1444955435,1647.54,0.618,ASK
1444955437,1647.77,0.025,BID
1444955437,1647.78,0.5,BID
1444955437,1648.06,0.0107,BID
1444955437,1648.07,0.215,BID
1444955437,1648.19,0.4178,BID
1444955443,1647.79,0.06,ASK
1444955443,1647.78,0.0249,ASK
1444955443,1647.78,0.0001,ASK
1444955443,1647.55,0.0249,ASK
1444955443,1647.54,0.0001,ASK
1444955459,1647.65,0.06,BID
1444955459,1648.0,0.189,BID
1444955459,1648.0,0.013,BID
1444955461,1648.0,0.677,ASK
1444955461,1648.0,0.319,ASK
1444955461,1648.0,0.488,ASK
1444955462,1648.0,0.4,ASK
1444955462,1648.0,0.3,ASK
1444955462,1648.0,0.65,ASK
1444955463,1648.0,0.45,ASK
1444955463,1648.0,0.65,ASK
1444955463,1648.0,0.165,ASK
1444955464,1648.01,0.26,BID
1444955464,1648.01,0.34,ASK
1444955464,1648.0,0.26,ASK
1444955465,1648.0,0.6,ASK
1444955465,1648.0,0.506,ASK
1444955465,1648.0,0.4513,ASK
1444955465,1647.91,0.06,ASK
1444955467,1647.66,0.06,ASK
1444955470,1647.45,0.0129,ASK
1444955470,1647.45,0.0108,ASK
1444955470,1647.44,0.1746,ASK
1444955471,1647.44,0.0499,ASK
1444955473,1647.44,0.1,ASK
1444955474,1647.44,0.65,ASK
1444955477,1647.44,0.1647,ASK
1444955479,1647.44,0.65,ASK
1444955480,1647.44,0.65,ASK
1444955481,1647.44,0.65,ASK
1444955482,1647.44,0.65,ASK
1444955482,1647.44,0.169,ASK
1444955483,1647.44,0.0097,ASK
1444955492,1647.32,0.1,ASK
1444955493,1647.32,0.1913,ASK
1444955493,1647.33,11.0,ASK
1444955493,1647.33,5.087,ASK
1444955493,1647.32,0.4265,ASK
1444955494,1647.32,0.399,ASK
1444955494,1647.32,0.65,ASK
1444955494,1647.32,0.398,ASK
1444955494,1647.42,0.06,BID
1444955494,1647.43,0.6403,BID
1444955494,1647.44,0.0842,BID
1444955494,1647.44,0.0568,BID
1444955494,1647.45,1.1587,BID
1444955497,1647.33,0.0568,ASK
1444955497,1647.33,0.0432,ASK
1444955497,1647.33,0.0411,ASK
1444955497,1647.32,0.1867,ASK
1444955498,1647.32,0.65,ASK
1444955499,1647.32,0.1602,ASK
1444955500,1647.32,0.1,ASK
1444955500,1647.33,0.06,ASK
1444955500,1647.32,0.092,ASK
1444955500,1647.32,0.01,ASK
1444955508,1647.32,0.189,ASK
1444955510,1647.32,0.443,ASK
1444955510,1647.32,0.06,ASK
1444955511,1647.32,0.04,ASK
1444955511,1647.32,0.1,ASK
1444955512,1647.32,0.0998,ASK
1444955512,1647.32,0.65,ASK
1444955512,1647.32,0.44,ASK
1444955513,1647.32,0.65,ASK
1444955515,1647.32,0.113,ASK
1444955515,1647.32,0.1455,ASK
1444955516,1647.32,0.201,ASK
1444955516,1647.32,0.1,ASK
1444955517,1647.32,0.142,ASK
1444955517,1647.32,0.242,ASK
1444955518,1647.32,0.65,ASK
1444955518,1647.32,0.001,ASK
1444955518,1647.32,0.1,ASK
1444955519,1647.32,0.65,ASK
1444955520,1647.32,0.1254,ASK
1444955520,1647.32,0.5246,ASK
1444955521,1647.32,0.1,ASK
1444955521,1647.32,0.65,ASK
1444955521,1647.32,0.05,ASK
1444955523,1647.32,0.4,ASK
1444955523,1647.32,0.3679,ASK
1444955524,1647.32,0.364,ASK
1444955524,1647.32,0.01,ASK
1444955525,1647.32,0.3469,ASK
1444955527,1647.32,0.1,ASK
1444955528,1647.32,0.1,ASK
1444955529,1647.32,0.1,ASK
1444955530,1647.32,1.0,ASK
1444955531,1647.32,0.719,ASK
1444955531,1647.32,1.066,ASK
1444955531,1647.32,0.1,ASK
1444955531,1647.32,0.142,ASK
1444955531,1647.32,0.65,ASK
1444955531,1647.32,2.2183,ASK
1444955533,1647.22,0.119,BID
1444955533,1647.22,0.399,BID
1444955534,1647.22,0.6071,BID
1444955534,1647.05,0.008,ASK
1444955534,1647.0,0.002,ASK
1444955535,1647.22,0.6071,BID
1444955537,1647.21,0.06,BID
1444955539,1647.32,0.2511,ASK
1444955539,1647.32,0.0019,ASK
1444955539,1647.22,0.06,ASK
1444955541,1647.01,0.001,ASK
1444955542,1647.01,0.01,ASK
1444955543,1647.01,0.012,ASK
1444955549,1647.01,0.01,ASK
1444955550,1647.01,0.001,ASK
1444955567,1647.01,0.001,ASK
1444955573,1647.08,0.042,BID
1444955581,1647.01,0.1939,ASK
1444955584,1647.01,0.753,BID
1444955585,1647.01,0.6072,BID
1444955586,1647.01,0.1038,BID
1444955592,1647.02,0.01,ASK
1444955632,1647.03,0.0356,ASK
1444955644,1647.58,0.04,BID
1444955644,1647.59,0.0107,BID
1444955644,1647.6,0.2146,BID
1444955644,1647.7,0.1252,BID
1444955645,1647.03,0.01,ASK
1444955652,1647.03,0.07,ASK
1444955652,1647.03,0.0106,ASK
1444955652,1647.02,0.6072,ASK
1444955652,1647.02,0.4642,ASK
1444955652,1647.02,0.143,ASK
1444955652,1647.0,0.357,ASK
1444955653,1647.0,0.5,ASK
1444955653,1647.0,1.0,ASK
1444955653,1647.0,0.5,ASK
1444955653,1647.0,0.5,ASK
1444955654,1647.0,1.0,ASK
1444955655,1647.0,0.231,ASK
1444955655,1647.0,0.377,ASK
1444955656,1647.0,0.5,ASK
1444955656,1647.0,1.0,ASK
1444955656,1647.01,0.153,BID
1444955656,1647.0,0.223,ASK
1444955656,1647.0,0.277,ASK
1444955657,1647.0,0.723,ASK
1444955657,1647.0,0.133,ASK
1444955657,1647.0,0.1768,ASK
1444955657,1646.99,0.001,ASK
1444955657,1646.99,0.001,ASK
1444955657,1646.98,0.0965,ASK
1444955657,1646.72,0.002,ASK
1444955657,1646.65,0.001,ASK
1444955658,1646.5,0.7217,BID
1444955658,1646.5,0.1,BID
1444955658,1646.99,0.65,BID
1444955658,1646.99,0.65,BID
1444955658,1647.0,1.0,BID
1444955658,1647.65,0.01,BID
1444955658,1647.65,0.01,BID
1444955658,1647.93,0.03,BID
1444955658,1647.94,0.0348,BID
1444955658,1647.94,0.6,BID
1444955658,1647.95,0.749,BID
1444955658,1648.0,0.0072,BID
1444955658,1648.18,0.132,BID
1444955658,1648.2,1.4528,BID
1444955658,1648.55,0.001,BID
1444955658,1648.59,0.001,BID
1444955658,1648.83,0.001,BID
1444955658,1648.83,0.001,BID
1444955658,1648.88,0.0666,BID
1444955658,1648.89,0.001,BID
1444955658,1648.91,0.4628,BID
1444955658,1648.92,0.0035,BID
1444955658,1648.94,0.001,BID
1444955658,1648.95,0.001,BID
1444955658,1649.14,0.001,BID
1444955658,1649.2,0.001,BID
1444955658,1649.2,0.001,BID
1444955658,1649.6,0.0618,BID
1444955658,1649.86,19.2358,BID
1444955658,1649.89,4.596,BID
1444955658,1649.9,0.0998,BID
1444955658,1649.91,0.008,BID
1444955658,1650.0,0.025,BID
1444955658,1650.0,1.598,BID
1444955660,1646.84,1.0,BID
1444955660,1646.99,0.6,BID
1444955661,1647.0,0.14,ASK
1444955662,1647.0,0.41,ASK
1444955664,1646.22,0.0959,ASK
1444955664,1646.22,0.4041,ASK
1444955665,1646.5,0.01,BID
1444955665,1647.0,0.0386,BID
1444955666,1646.23,0.0159,ASK
1444955666,1646.22,5.6211,ASK
1444955666,1646.22,0.1,ASK
1444955668,1647.0,0.236,BID
1444955669,1647.0,1.0,ASK
1444955670,1647.0,0.3581,ASK
1444955670,1646.24,0.0292,ASK
1444955670,1646.24,0.0608,ASK
1444955671,1646.49,0.295,BID
1444955671,1646.81,0.122,BID
1444955673,1646.84,1.0,BID
1444955673,1646.98,0.0496,BID
1444955673,1646.98,0.13,BID
1444955673,1646.99,0.972,BID
1444955673,1646.99,0.4284,BID
1444955673,1646.99,0.066,BID
1444955673,1646.83,0.188,ASK
1444955674,1646.83,0.05,ASK
1444955674,1646.83,0.07,ASK
1444955675,1646.83,0.844,ASK
1444955675,1646.49,0.484,ASK
1444955678,1646.49,0.016,ASK
1444955680,1646.41,0.584,BID
1444955680,1646.72,0.117,BID
1444955680,1646.81,0.0141,BID
1444955680,1646.82,0.65,BID
1444955680,1646.84,1.0,BID
1444955680,1646.98,0.0759,BID
1444955680,1646.99,0.1056,BID
1444955680,1646.99,0.81,BID
1444955681,1646.26,0.132,ASK
1444955682,1646.41,0.584,ASK
1444955682,1646.26,0.271,ASK
1444955682,1646.26,0.08,ASK
1444955682,1646.26,0.025,ASK
1444955682,1646.25,0.4225,ASK
1444955684,1646.27,0.0121,ASK
1444955684,1646.26,0.1169,ASK
1444955684,1646.26,0.0171,ASK
1444955684,1646.25,0.0699,ASK
1444955687,1646.27,0.012,ASK
1444955688,1646.27,0.01,ASK
1444955691,1646.27,0.457,ASK
1444955694,1646.27,0.6,ASK
1444955696,1646.27,0.01,ASK
1444955704,1646.28,0.01,ASK
1444955709,1646.33,0.121,ASK
1444955709,1646.45,0.001,BID
1444955710,1646.33,0.1,ASK
1444955711,1646.33,0.531,ASK
1444955712,1646.32,0.06,BID
1444955716,1646.29,0.0245,ASK
1444955716,1646.28,0.0755,ASK
1444955719,1646.28,0.1,ASK
1444955722,1646.32,0.059,BID
1444955722,1646.32,0.65,BID
1444955722,1646.32,0.447,BID
1444955722,1646.31,0.0294,BID
1444955722,1646.32,0.203,BID
1444955733,1646.74,0.01,BID
1444955733,1646.74,0.0276,BID
1444955733,1646.75,0.0724,BID
1444955743,1646.94,0.6,BID
1444955745,1646.94,0.08,BID
1444955755,1646.95,0.01,ASK
1444955761,1646.98,0.025,BID
1444955761,1646.99,0.316,BID
1444955764,1646.46,0.063,ASK
1444955797,1646.88,0.186,BID
1444955806,1646.86,0.06,BID
1444955806,1646.99,0.124,BID
1444955820,1646.87,0.0217,ASK
1444955825,1646.86,0.04,BID
1444955834,1646.86,0.02,BID
1444955844,1646.98,0.06,BID
1444955844,1646.99,0.06,BID
1444955845,1646.99,0.003,ASK
1444955845,1646.43,0.0119,ASK
1444955845,1646.42,0.0231,ASK
1444955848,1646.42,0.2157,ASK
1444955848,1646.39,0.454,ASK
1444955848,1646.37,0.0223,BID
1444955848,1646.43,0.0081,ASK
1444955848,1646.33,0.3,ASK
1444955848,1646.33,0.268,ASK
1444955848,1646.33,0.6074,ASK
1444955848,1646.33,0.6,ASK
1444955849,1646.06,0.004,ASK
1444955849,1646.0,0.112,ASK
1444955850,1646.14,0.01,BID
1444955851,1646.0,0.188,ASK
1444955851,1645.8,0.055,ASK
1444955853,1645.8,0.1,ASK
1444955854,1645.99,0.029,BID
1444955854,1645.99,0.159,BID
1444955854,1646.0,0.188,BID
1444955855,1646.01,0.0633,ASK
1444955856,1646.14,0.09,BID
1444955856,1646.34,0.273,BID
1444955857,1646.15,0.04,ASK
1444955859,1646.15,0.0013,ASK
1444955860,1646.15,0.0487,ASK
1444955860,1646.02,0.06,ASK
1444955860,1646.01,0.0897,ASK
1444955860,1646.0,0.1286,ASK
1444955862,1646.0,0.0594,ASK
1444955862,1646.0,0.0173,ASK
1444955862,1645.99,0.3093,ASK
1444955864,1645.99,0.0013,ASK
1444955864,1645.99,0.0354,ASK
1444955864,1645.8,0.0646,ASK
1444955873,1645.98,0.0367,BID
1444955873,1646.13,0.06,BID
1444955873,1646.14,0.05,BID
1444955874,1646.37,1.0,BID
1444955874,1646.37,17.327,BID
1444955880,1646.16,0.01,ASK
1444955881,1646.16,0.05,ASK
1444955881,1645.99,0.0367,ASK
1444955887,1645.82,0.01,ASK
1444955899,1645.92,0.0013,BID
1444955899,1645.95,0.05,BID
1444955899,1645.95,0.05,BID
1444955903,1645.97,0.01,ASK
1444955906,1646.07,0.06,BID
1444955909,1646.08,0.01,ASK
1444955914,1646.15,0.06,BID
1444955916,1646.16,0.01,ASK
1444955936,1646.1,0.01,ASK
1444955943,1646.12,0.0013,ASK
1444955944,1646.37,0.0241,BID
1444955944,1646.38,0.0146,BID
1444955944,1646.39,0.291,BID
1444955944,1646.44,0.1359,BID
1444955944,1646.45,0.4533,BID
1444955947,1646.12,0.01,ASK
1444955954,1646.12,0.01,ASK
1444955960,1646.11,0.01,ASK
1444955965,1646.12,0.01,ASK
1444955971,1646.42,0.02,BID
1444955972,1646.43,0.0013,ASK
1444955973,1646.43,0.0304,ASK
1444955973,1646.43,0.309,ASK
1444955976,1646.43,0.01,ASK
1444955978,1646.43,0.598,ASK
1444955980,1646.43,0.0013,ASK
1444955982,1646.44,0.0317,BID
1444955982,1646.45,0.5173,BID
1444955982,1646.45,0.549,BID
1444955982,1646.45,0.3,BID
1444955982,1646.43,2.0,ASK
1444955982,1646.45,0.4,BID
1444955983,1646.45,0.0317,BID
1444955983,1646.43,0.0013,ASK
1444955984,1646.43,0.01,ASK
1444955985,1646.43,1.2709,ASK
1444955985,1646.34,0.06,ASK
1444955985,1646.11,0.0041,ASK
1444955985,1646.1,0.0742,ASK
1444955985,1646.02,0.0147,ASK
1444955985,1646.02,0.1193,ASK
1444955985,1646.01,0.0165,ASK
1444955985,1646.0,1.0203,ASK
1444955986,1646.12,0.153,BID
1444955986,1646.42,0.158,BID
1444955991,1646.41,0.0246,BID
1444955991,1646.42,0.2864,BID
1444955993,1646.4,0.07,BID
1444955993,1646.42,0.2056,BID
1444955993,1646.44,0.0534,BID
1444955996,1646.44,0.0346,BID
1444955996,1646.45,0.3654,BID
1444955997,1646.45,0.326,BID
1444956004,1646.82,0.0229,BID
1444956004,1646.82,0.015,BID
1444956004,1646.83,0.881,BID
1444956004,1646.47,0.0304,ASK
1444956004,1646.47,0.06,ASK
1444956004,1646.46,0.0096,ASK
1444956009,1646.47,0.0432,ASK
1444956009,1646.46,0.2678,ASK
1444956010,1646.46,0.1,ASK
1444956010,1646.46,0.01,ASK
1444956011,1646.47,0.0166,ASK
1444956011,1646.46,0.1794,ASK
1444956020,1646.46,0.0013,ASK
1444956021,1646.46,0.0415,ASK
1444956027,1646.25,0.0089,BID
1444956047,1646.06,0.0252,ASK
1444956051,1646.12,0.0013,BID
1444956053,1646.12,0.0013,ASK
1444956055,1646.07,0.01,ASK
1444956056,1646.08,0.0013,BID
1444956071,1646.31,0.06,BID
1444956071,1646.74,0.0432,BID
1444956071,1646.75,0.1468,BID
1444956071,1646.75,0.25,BID
1444956071,1646.75,0.2,BID
1444956071,1646.75,0.1,BID
1444956077,1646.76,0.0013,ASK
1444956079,1646.76,0.1,ASK
1444956079,1646.76,0.062,ASK
1444956080,1646.76,0.01,ASK
1444956088,1646.76,0.01,ASK
1444956089,1646.76,0.0167,ASK
1444956109,1646.72,0.0304,BID
1444956109,1646.73,0.1029,BID
1444956109,1646.74,0.1724,BID
1444956109,1646.76,0.0217,BID
1444956109,1646.82,0.0134,BID
1444956109,1646.83,0.2688,BID
1444956110,1647.0,0.0013,ASK
1444956111,1647.0,0.369,ASK
1444956111,1647.0,0.3,ASK
1444956111,1647.0,0.6,ASK
1444956111,1647.0,0.522,ASK
1444956112,1647.01,22.776,ASK
1444956112,1647.0,0.372,ASK
1444956112,1647.0,0.606,ASK
1444956112,1647.0,0.4,ASK
1444956113,1647.0,0.2803,ASK
1444956113,1647.0,0.268,ASK
1444956113,1647.0,0.366,ASK
1444956113,1647.0,0.6,ASK
1444956113,1647.0,0.65,ASK
1444956114,1647.0,0.372,ASK
1444956117,1647.0,0.1,ASK
1444956117,1647.0,0.0013,ASK
1444956118,1647.01,0.027,ASK
1444956119,1647.01,0.0034,ASK
1444956119,1647.0,0.5966,ASK
1444956119,1647.0,0.676,ASK
1444956120,1647.01,0.06,ASK
1444956120,1647.0,0.04,ASK
1444956120,1647.0,0.65,ASK
1444956121,1647.0,0.0013,ASK
1444956123,1647.18,0.0089,ASK
1444956123,1647.0,0.1,ASK
1444956123,1647.0,0.027,ASK
1444956126,1647.18,0.0134,ASK
1444956141,1647.02,0.0103,ASK
1444956141,1647.01,0.2056,ASK
1444956141,1647.01,0.1196,ASK
1444956141,1647.0,0.1775,ASK
1444956144,1647.01,0.01,ASK
1444956150,1647.01,0.01,ASK
1444956152,1647.01,0.0013,ASK
1444956153,1647.01,0.0323,ASK
1444956153,1647.0,0.0107,ASK
1444956156,1647.0,0.01,ASK
1444956160,1647.34,0.06,BID
1444956160,1647.35,0.0013,ASK
1444956161,1648.17,0.2207,BID
1444956161,1648.18,0.1321,BID
1444956161,1648.18,0.0536,BID
1444956161,1648.19,0.5936,BID
1444956161,1647.35,0.0207,ASK
1444956162,1647.33,0.0008,BID
1444956162,1648.16,0.011,BID
1444956162,1648.19,2.4702,BID
1444956162,1647.0,0.02,ASK
1444956163,1647.02,3.0,BID
1444956163,1647.02,1.0,BID
1444956163,1647.02,15.737,BID
1444956165,1647.16,0.01,BID
1444956165,1647.16,0.1,BID
1444956165,1647.77,0.0013,BID
1444956165,1647.78,0.0167,BID
1444956166,1647.78,0.118,BID
1444956173,1647.17,0.01,ASK
1444956179,1647.01,0.01,ASK
1444956185,1647.03,0.01,ASK
1444956191,1647.01,0.01,ASK
1444956191,1647.01,0.0337,ASK
1444956191,1647.01,0.0109,ASK
1444956191,1647.01,0.0154,ASK
1444956191,1647.01,0.0287,ASK
1444956191,1647.0,0.0167,ASK
1444956192,1647.03,8.0,ASK
1444956192,1647.03,11.611,ASK
1444956193,1647.02,0.06,ASK
1444956193,1647.0,0.0387,ASK
1444956194,1647.0,0.65,ASK
1444956195,1647.09,0.0013,BID
1444956195,1647.15,0.0087,BID
1444956196,1647.01,0.01,ASK
1444956197,1647.01,0.0013,ASK
1444956206,1647.06,0.0013,BID
1444956206,1647.47,0.0597,BID
1444956206,1647.01,0.01,ASK
1444956206,1647.01,0.011,ASK
1444956208,1647.47,0.0003,BID
1444956209,1647.48,0.0013,ASK
1444956210,1647.48,0.0013,ASK
1444956211,1647.5,12.438,ASK
1444956212,1647.49,0.0304,ASK
1444956212,1647.48,0.0303,ASK
1444956212,1647.48,0.01,ASK
1444956212,1647.48,0.0178,ASK
1444956214,1647.19,0.025,BID
1444956214,1647.19,0.0153,BID
1444956214,1647.47,0.0447,BID
1444956215,1647.2,0.0403,ASK
1444956215,1647.19,0.0089,ASK
1444956215,1647.01,0.0098,ASK
1444956218,1647.2,0.01,ASK
1444956218,1647.2,0.03,ASK
1444956218,1647.01,0.0461,ASK
1444956218,1647.0,0.0983,ASK
1444956219,1647.26,0.0013,BID
1444956219,1647.47,0.0134,BID
1444956220,1647.47,0.0013,ASK
1444956222,1647.47,0.0013,ASK
1444956223,1647.47,0.0127,ASK
1444956224,1647.0,0.0013,ASK
1444956226,1647.15,0.0304,BID
1444956226,1647.16,0.01,BID
1444956226,1647.16,0.014,BID
1444956226,1647.38,0.0134,BID
1444956227,1647.4,0.0013,ASK
1444956227,1647.4,0.06,ASK
1444956227,1647.4,0.1,ASK
1444956229,1647.4,0.0199,ASK
1444956229,1647.01,0.0133,ASK
1444956229,1647.0,0.1267,ASK
1444956229,1647.02,0.0013,BID
1444956229,1647.39,0.0291,BID
1444956230,1647.0,0.1,ASK
1444956231,1647.0,0.034,ASK
1444956232,1647.0,0.015,ASK
1444956232,1647.0,0.01,ASK
1444956233,1647.0,0.1,ASK
1444956235,1647.0,0.034,ASK
1444956235,1647.0,0.1,ASK
1444956236,1647.0,0.65,ASK
1444956237,1647.01,0.06,ASK
1444956237,1647.0,0.1987,ASK
1444956238,1646.85,0.004,ASK
1444956239,1646.76,0.006,BID
1444956239,1646.79,0.002,BID
1444956240,1646.79,0.098,BID
1444956240,1646.98,0.0521,BID
1444956240,1646.99,0.2159,BID
1444956245,1646.53,0.103,ASK
1444956246,1646.53,0.65,ASK
1444956247,1646.53,0.6365,ASK
1444956247,1646.52,0.002,ASK
1444956250,1646.52,0.0115,BID
1444956250,1646.52,0.3125,BID
1444956250,1646.51,0.06,BID
1444956250,1646.52,0.04,BID
1444956251,1646.52,0.1,BID
1444956251,1646.52,0.1975,BID
1444956257,1646.53,0.01,ASK
1444956258,1646.78,0.0013,BID
1444956263,1646.79,0.0013,ASK
1444956264,1646.79,0.0587,ASK
1444956268,1646.57,0.04,BID
1444956268,1646.57,0.1,BID
1444956268,1646.58,0.0013,ASK
1444956272,1646.58,0.0013,ASK
1444956273,1646.58,0.01,ASK
1444956277,1646.58,0.0274,ASK
1444956280,1646.63,0.0013,BID
1444956280,1646.63,0.0274,ASK
1444956285,1646.29,0.0222,ASK
1444956285,1646.28,0.0488,ASK
1444956288,1646.46,0.0713,BID
1444956297,1646.62,0.0013,BID
1444956300,1646.68,0.1202,ASK
1444956300,1646.62,0.1,ASK
1444956300,1646.5,0.02,ASK
1444956301,1646.5,0.078,ASK
1444956305,1646.5,0.012,ASK
1444956334,1646.51,0.502,ASK
1444956336,1646.51,0.0004,ASK
1444956336,1646.5,0.1176,ASK
1444956340,1646.51,0.03,ASK
1444956340,1646.5,0.035,ASK
1444956341,1646.51,0.6,ASK
1444956341,1646.5,0.05,ASK
1444956342,1646.5,0.65,ASK
1444956347,1646.5,0.249,ASK
1444956350,1646.5,1.109,ASK
1444956357,1646.5,0.03,ASK
1444956363,1646.5,0.087,ASK
1444956366,1646.5,0.05,ASK
1444956373,1646.5,0.0013,ASK
1444956375,1646.5,0.423,ASK
1444956377,1646.66,0.0089,BID
1444956378,1646.5,0.01,ASK
1444956381,1646.5,0.013,ASK
1444956387,1646.5,0.0013,ASK
1444956395,1646.51,0.0013,ASK
1444956396,1646.51,0.0187,ASK
1444956396,1646.5,0.0013,ASK
1444956397,1646.5,0.0013,ASK
1444956401,1646.5,0.156,ASK
1444956403,1646.5,0.366,ASK
1444956406,1646.5,0.0013,ASK
1444956408,1646.5,0.0013,ASK
1444956411,1646.5,2.066,ASK
1444956416,1646.5,1.0,ASK
1444956416,1646.5,0.01,ASK
1444956417,1646.5,0.0013,ASK
1444956418,1646.5,0.03,ASK
1444956426,1646.5,0.533,ASK
1444956427,1646.5,0.324,ASK
1444956428,1646.5,0.769,ASK
1444956432,1646.5,0.01,ASK
1444956432,1646.5,1.483,ASK
1444956432,1646.5,0.101,ASK
1444956432,1646.5,0.398,ASK
1444956433,1646.5,0.624,ASK
1444956433,1646.5,0.3995,ASK
1444956433,1646.64,2.0,ASK
1444956433,1646.64,1.0,ASK
1444956433,1646.64,1.007,ASK
1444956436,1646.5,0.1,ASK
1444956438,1646.5,0.01,ASK
1444956446,1646.5,0.01,ASK
1444956450,1646.5,0.151,ASK
1444956450,1646.5,0.103,ASK
1444956454,1646.5,0.01,ASK
1444956460,1646.5,0.01,ASK
1444956465,1646.5,0.0104,ASK
1444956466,1646.5,0.01,ASK
1444956472,1646.5,0.01,ASK
1444956473,1646.5,1.18,ASK
1444956476,1646.5,0.5,ASK
1444956478,1646.5,0.01,ASK
1444956479,1646.5,0.5,ASK
1444956483,1646.5,0.272,ASK
1444956487,1646.5,0.01,ASK
1444956488,1646.5,0.09,ASK
1444956489,1646.5,0.5,ASK
1444956492,1646.5,0.0514,ASK
1444956492,1646.47,0.0713,ASK
1444956492,1646.12,0.0321,ASK
1444956492,1646.09,0.2551,ASK
1444956492,1646.01,0.7701,ASK
1444956494,1646.0,0.01,ASK
1444956506,1646.58,0.07,BID
1444956506,1646.59,0.01,BID
1444956506,1646.6,0.0282,BID
1444956506,1646.61,0.563,BID
1444956508,1646.66,0.001,ASK
1444956511,1646.66,0.2378,ASK
1444956525,1646.02,0.01,ASK
1444956544,1646.5,0.931,BID
1444956546,1646.49,0.1233,BID
1444956546,1646.5,1.1417,BID
1444956546,1646.5,0.008,BID
1444956546,1646.5,1.99,BID
1444956548,1646.5,0.4,BID
1444956548,1646.5,0.365,BID
1444956550,1646.49,0.4,BID
1444956550,1646.5,0.018,BID
1444956550,1646.06,0.192,ASK
1444956550,1646.02,0.06,ASK
1444956551,1646.02,0.59,BID
1444956553,1646.02,0.439,BID
1444956553,1646.02,0.1085,BID
1444956553,1646.5,0.4385,BID
1444956554,1646.18,0.01,ASK
1444956557,1646.1,0.06,BID
1444956557,1646.49,0.305,BID
1444956557,1646.49,0.17,BID
1444956562,1646.49,0.125,BID
1444956562,1646.49,0.0139,BID
1444956562,1646.5,2.4411,BID
1444956570,1646.15,0.2281,ASK
1444956570,1646.12,0.06,ASK
1444956570,1646.11,0.06,ASK
1444956570,1646.05,0.0681,ASK
1444956570,1646.04,0.5838,ASK
1444956571,1646.39,0.08,BID
1444956571,1646.49,0.0161,BID
1444956571,1646.49,0.0154,BID
1444956571,1646.5,0.2885,BID
1444956571,1646.5,0.237,BID
1444956572,1646.49,0.0681,BID
1444956572,1646.5,0.1689,BID
1444956575,1646.49,0.5512,BID
1444956575,1646.5,0.6288,BID
1444956576,1646.5,0.5512,BID
1444956576,1646.5,0.067,BID
1444956577,1646.5,2.0,BID
1444956577,1646.5,0.386,BID
1444956578,1646.5,0.226,BID
1444956578,1646.5,0.6073,BID
1444956579,1646.5,0.01,BID
1444956581,1646.5,0.301,BID
1444956582,1646.5,0.6073,BID
1444956583,1646.5,1.696,BID
1444956583,1646.5,0.6073,BID
1444956584,1646.5,4.1844,BID
1444956584,1646.5,0.06,BID
1444956584,1646.67,0.1202,BID
1444956584,1646.99,0.1754,BID
1444956584,1646.99,0.65,BID
1444956584,1647.0,0.3,BID
1444956584,1647.0,3.0,BID
1444956587,1647.0,1.65,ASK
1444956591,1647.01,0.06,ASK
1444956591,1647.01,0.007,ASK
1444956592,1647.01,0.01,ASK
1444956599,1647.02,0.383,ASK
1444956601,1647.02,0.217,ASK
1444956601,1647.02,0.366,ASK
1444956601,1647.0,0.017,ASK
1444956603,1647.01,4.0,ASK
1444956603,1647.01,15.884,ASK
1444956603,1647.0,0.01,ASK
1444956613,1647.02,0.0156,ASK
1444956616,1647.19,0.06,BID
1444956616,1647.2,0.0208,BID
1444956616,1647.47,0.1772,BID
1444956620,1647.2,0.01,ASK
1444956626,1647.74,0.0304,BID
1444956626,1647.75,0.6,BID
1444956626,1647.76,2.1221,BID
1444956626,1647.84,1.0,BID
1444956626,1648.0,0.1576,BID
1444956626,1648.0,0.5357,BID
1444956626,1648.23,0.004,BID
1444956626,1648.46,0.5838,BID
1444956626,1648.64,0.2564,BID
1444956637,1647.34,0.1691,ASK
1444956641,1647.35,0.0109,ASK
1444956641,1647.34,0.0141,ASK
1444956653,1647.55,0.141,ASK
1444956654,1647.55,0.01,ASK
1444956656,1647.55,0.052,ASK
1444956656,1647.45,0.01,ASK
1444956657,1647.57,20.458,ASK
1444956660,1647.57,0.052,ASK
1444956665,1647.45,0.01,ASK
1444956673,1647.45,0.03,ASK
1444956673,1647.45,0.01,ASK
1444956674,1647.45,0.02,ASK
1444956675,1647.42,0.0304,BID
1444956675,1647.34,0.0348,ASK
1444956675,1647.26,0.02,ASK
1444956675,1647.26,0.0052,ASK
1444956676,1647.42,0.0574,BID
1444956681,1647.44,0.01,ASK
1444956684,1647.43,0.0304,ASK
1444956684,1647.43,0.0876,ASK
1444956688,1647.43,0.0002,ASK
1444956689,1647.26,0.0248,ASK
1444956689,1647.26,0.02,ASK
1444956689,1647.25,0.0002,ASK
1444956692,1647.26,0.0212,ASK
1444956692,1647.26,0.0252,ASK
1444956692,1647.25,0.0636,ASK
1444956693,1647.25,0.5364,ASK
1444956698,1647.22,0.128,BID
1444956699,1647.22,0.6071,BID
1444956704,1647.22,0.114,BID
1444956705,1647.22,0.6071,BID
1444956705,1647.22,3.0,BID
1444956706,1647.22,0.6071,BID
1444956707,1647.22,0.6071,BID
1444956708,1647.22,0.6071,BID
1444956709,1647.22,0.015,BID
1444956709,1647.22,0.6071,BID
1444956710,1647.22,0.6071,BID
1444956711,1647.22,0.6071,BID
1444956712,1647.2,0.05,ASK
1444956712,1647.04,0.02,ASK
1444956712,1647.03,0.3996,ASK
1444956712,1647.03,0.0492,ASK
1444956712,1647.02,0.9844,ASK
1444956712,1647.0,1.0768,ASK
1444956728,1647.18,0.06,BID
1444956728,1647.19,0.05,BID
1444956728,1647.21,0.016,BID
1444956729,1647.2,0.1,BID
1444956731,1647.2,0.1,BID
1444956732,1647.2,0.3,BID
1444956732,1647.21,0.0031,BID
1444956732,1647.21,0.0969,BID
1444956736,1647.19,0.01,ASK
1444956737,1647.21,0.0305,BID
1444956737,1647.21,0.03,BID
1444956737,1647.21,0.02,BID
1444956737,1647.22,0.1135,BID
1444956738,1647.22,0.0605,BID
1444956744,1647.22,0.194,BID
1444956744,1647.2,1.18,ASK
1444956744,1647.22,0.117,BID
1444956745,1647.22,0.6071,BID
1444956746,1647.22,0.6071,BID
1444956747,1647.22,0.6071,BID
1444956748,1647.22,0.6071,BID
1444956749,1647.22,0.1728,BID
1444956751,1647.24,0.1136,BID
1444956756,1647.26,0.01,ASK
1444956757,1647.27,6.557,ASK
1444956767,1647.26,0.01,ASK
1444956771,1647.26,0.05,ASK
1444956771,1647.25,0.1674,ASK
1444956771,1647.25,0.1136,ASK
1444956771,1647.23,0.129,ASK
1444956775,1647.24,0.01,ASK
1444956786,1647.24,0.0005,ASK
1444956786,1647.24,0.0095,ASK
1444956801,1647.24,0.0256,ASK
1444956801,1647.24,0.02,ASK
1444956801,1647.23,0.3053,ASK
1444956801,1647.23,0.6071,ASK
1444956803,1647.23,1.375,BID
1444956803,1647.23,0.12,BID
1444956803,1647.23,0.12,BID
1444956804,1647.23,0.6071,BID
1444956805,1647.23,0.7,BID
1444956805,1647.23,0.1,BID
1444956806,1647.23,0.6071,BID
1444956807,1647.23,0.12,BID
1444956808,1647.23,0.469,BID
1444956808,1647.23,0.101,BID
1444956808,1647.23,0.01,BID
1444956809,1647.23,0.6071,BID
1444956810,1647.23,4.671,BID
1444956810,1647.23,0.6071,BID
1444956810,1647.23,0.302,BID
1444956811,1647.22,14.0,BID
1444956811,1647.22,16.657,BID
1444956812,1647.23,0.01,BID
1444956812,1647.23,0.01,BID
1444956813,1647.21,1.0,BID
1444956813,1647.21,2.475,BID
1444956819,1647.23,0.6,BID
1444956820,1647.23,1.582,BID
1444956822,1647.23,0.12,BID
1444956827,1647.23,0.253,BID
1444956828,1647.23,0.6071,BID
1444956829,1647.23,0.6071,BID
1444956830,1647.23,0.4764,BID
1444956830,1647.23,0.0456,BID
1444956830,1647.23,0.0851,BID
1444956834,1647.23,0.01,BID
1444956838,1647.21,0.02,ASK
1444956838,1647.21,0.03,ASK
1444956838,1647.21,0.01,ASK
1444956838,1647.2,1.0,ASK
1444956838,1647.2,0.12,ASK
1444956839,1647.21,16.0,ASK
1444956839,1647.21,1.0,ASK
1444956839,1647.21,2.057,ASK
1444956840,1647.2,0.06,ASK
1444956841,1647.2,0.187,ASK
1444956841,1647.19,0.05,ASK
1444956841,1647.19,0.01,ASK
1444956844,1647.22,0.0542,BID
1444956844,1647.23,0.3458,BID
1444956844,1647.23,0.01,BID
1444956845,1647.23,0.0542,BID
1444956850,1647.22,0.0274,BID
1444956850,1647.23,0.5726,BID
1444956851,1647.23,0.1023,BID
1444956860,1647.25,0.05,BID
1444956861,1647.49,0.0263,BID
1444956861,1648.22,0.1177,BID
1444956863,1647.3,0.01,ASK
1444956867,1647.48,0.026,BID
1444956875,1647.31,0.1497,ASK
1444956875,1647.43,0.0108,BID
1444956875,1647.76,1.6263,BID
1444956880,1647.32,0.04,ASK
1444956880,1647.31,0.521,ASK
1444956883,1647.31,0.218,ASK
1444956885,1647.3,0.06,ASK
1444956885,1647.24,0.101,ASK
1444956888,1647.24,0.01,ASK
1444956888,1647.24,0.099,ASK
1444956889,1647.24,0.2948,ASK
1444956890,1647.19,0.174,ASK
1444956890,1647.19,0.01,ASK
1444956894,1647.19,0.1823,ASK
1444956901,1647.19,0.1438,ASK
1444956901,1647.19,0.01,ASK
1444956903,1647.19,0.1854,ASK
1444956904,1647.19,0.65,ASK
1444956905,1647.19,0.65,ASK
1444956906,1647.19,0.65,ASK
1444956909,1647.19,0.1801,ASK
1444956909,1647.19,0.01,ASK
1444956909,1647.19,0.4,ASK
1444956910,1647.19,0.65,ASK
1444956910,1647.2,14.889,ASK
1444956911,1647.19,0.65,ASK
1444956912,1647.19,0.65,ASK
1444956914,1647.19,0.281,ASK
1444956915,1647.22,0.01,BID
1444956915,1647.19,0.65,ASK
1444956916,1647.22,0.0156,BID
1444956916,1647.23,0.109,BID
1444956916,1647.23,0.2384,BID
1444956918,1647.23,0.1654,BID
1444956918,1647.26,0.0998,BID
1444956918,1647.29,0.0698,BID
1444956922,1647.57,0.0128,BID
1444956922,1647.58,0.0122,BID
1444956925,1647.36,0.01,ASK
1444956925,1647.22,0.07,ASK
1444956925,1647.19,0.004,ASK
1444956927,1647.56,0.02,BID
1444956927,1647.57,0.0122,BID
1444956927,1647.58,0.2368,BID
1444956928,1647.55,0.0304,BID
1444956928,1647.58,0.007,BID
1444956933,1647.75,0.0889,BID
1444956933,1647.76,0.0001,BID
1444956933,1647.61,4.0,BID
1444956933,1647.61,4.465,BID
1444956934,1647.76,0.0889,BID
1444956943,1647.7,0.228,BID
1444956945,1647.75,0.0845,BID
1444956945,1647.76,0.1435,BID
1444956946,1647.72,0.01,ASK
1444956946,1647.76,0.403,BID
1444956946,1647.73,8.749,BID
1444956948,1647.76,0.631,BID
1444956949,1647.76,0.5116,BID
1444956949,1647.77,0.0163,ASK
1444956955,1647.77,0.079,ASK
1444956955,1647.77,0.016,ASK
1444956955,1647.77,0.5406,ASK
1444956976,1648.15,0.0122,BID
1444956976,1648.16,0.07,BID
1444956976,1648.16,0.1608,BID
1444956995,1648.3,0.206,BID
1444957006,1647.79,0.025,ASK
1444957080,1648.0,0.326,ASK
1444957081,1648.0,0.65,ASK
1444957095,1648.01,0.03,ASK
1444957105,1648.0,0.03,ASK
1444957105,1648.28,0.1478,BID
1444957105,1648.29,0.0002,ASK
1444957116,1648.2,0.1582,BID
1444957116,1648.44,0.007,BID
1444957118,1648.5,0.05,ASK
1444957119,1648.5,0.1954,ASK
1444957120,1648.5,0.011,ASK
1444957120,1648.5,0.65,ASK
1444957121,1648.51,0.0304,ASK
1444957121,1648.5,0.1199,ASK
1444957121,1648.5,0.65,ASK
1444957122,1648.5,0.65,ASK
1444957123,1648.5,0.65,ASK
1444957124,1648.5,0.65,ASK
1444957127,1648.5,1.211,ASK
1444957128,1648.5,0.65,ASK
1444957129,1648.5,0.65,ASK
1444957139,1648.51,0.04,ASK
1444957144,1648.51,0.02,ASK
1444957144,1648.5,0.1702,ASK
1444957156,1648.5,10.35,ASK
1444957157,1648.5,0.65,ASK
1444957158,1648.5,0.65,ASK
1444957158,1648.5,0.01,ASK
1444957159,1648.5,0.65,ASK
1444957160,1648.5,0.65,ASK
1444957161,1648.5,0.65,ASK
1444957162,1648.5,0.65,ASK
1444957163,1648.5,0.65,ASK
1444957164,1648.5,0.65,ASK
1444957165,1648.5,0.65,ASK
1444957166,1648.5,0.3313,ASK
1444957168,1648.5,0.0217,ASK
1444957169,1648.6,0.06,BID
1444957169,1648.67,0.153,BID
1444957174,1648.7,0.151,BID
1444957174,1648.7,0.01,BID
1444957175,1648.7,0.0017,BID
1444957177,1648.71,0.01,ASK
1444957182,1648.71,0.0864,ASK
1444957183,1648.71,0.0646,ASK
1444957183,1648.63,0.06,ASK
1444957183,1648.61,0.06,ASK
1444957183,1648.51,0.0119,ASK
1444957183,1648.51,0.0311,ASK
1444957183,1648.51,0.0161,ASK
1444957183,1648.5,0.1932,ASK
1444957183,1648.5,0.019,ASK
1444957187,1648.51,0.0591,BID
1444957187,1648.5,0.177,ASK
1444957187,1648.61,0.06,BID
1444957187,1648.71,0.151,BID
1444957187,1648.73,0.0444,BID
1444957187,1648.74,0.8887,BID
1444957187,1648.77,0.002,BID
1444957187,1648.79,0.015,BID
1444957187,1648.8,0.3,BID
1444957187,1649.43,0.004,BID
1444957187,1649.94,0.03,BID
1444957187,1649.95,0.4499,BID
1444957195,1648.76,0.017,ASK
1444957196,1648.76,0.013,ASK
1444957196,1648.51,0.0036,ASK
1444957198,1649.1,0.1481,BID
1444957198,1649.94,0.1074,BID
1444957198,1649.95,0.1045,BID
1444957210,1648.53,0.06,ASK
1444957218,1648.5,0.069,ASK
1444957222,1648.54,0.048,ASK
1444957268,1649.59,0.0304,BID
1444957268,1649.6,0.0105,BID
1444957268,1649.6,0.0125,BID
1444957268,1649.61,0.4,BID
1444957268,1649.61,0.0166,BID
1444957271,1649.98,0.0044,BID
1444957273,1649.12,0.0304,ASK
1444957273,1649.11,0.1276,ASK
1444957279,1649.12,0.03,ASK
1444957302,1649.48,0.0106,BID
1444957302,1649.48,0.0304,BID
1444957302,1649.93,0.0335,BID
1444957302,1649.93,0.07,BID
1444957302,1649.93,0.0221,BID
1444957302,1649.94,3.1334,BID
1444957325,1649.84,0.01,BID
1444957330,1649.84,0.01,ASK
1444957330,1649.04,0.0452,ASK
1444957330,1649.04,0.1118,ASK
1444957331,1650.0,0.7199,BID
1444957331,1649.99,7.0,ASK
1444957331,1649.99,7.0,ASK
1444957331,1649.99,1.651,ASK
1444957332,1650.0,0.5978,BID
1444957332,1650.0,0.0083,BID
1444957333,1649.98,6.0,BID
1444957333,1649.98,1.0,BID
1444957333,1649.98,8.909,BID
1444957338,1649.25,0.0304,ASK
1444957338,1649.15,0.06,ASK
1444957338,1649.06,0.082,ASK
1444957338,1649.05,0.0026,ASK
1444957360,1649.28,0.03,ASK
1444957360,1649.27,0.121,ASK
1444957387,1649.96,0.01,BID
1444957391,1649.55,0.1764,ASK
1444957391,1649.55,0.6,ASK
1444957391,1649.41,0.0254,ASK
1444957391,1649.41,0.0142,ASK
1444957391,1649.4,1.0,ASK
1444957392,1649.25,0.5,BID
1444957392,1649.25,0.1401,BID
1444957394,1649.25,0.1361,BID
1444957394,1649.95,0.06,BID
1444957394,1649.99,0.0286,BID
1444957394,1650.0,0.5715,BID
1444957415,1650.02,0.0208,ASK
1444957442,1649.69,0.04,ASK
1444957442,1649.68,0.02,ASK
1444957443,1650.57,0.0204,BID
1444957443,1650.6,0.3465,BID
1444957443,1650.61,0.02,BID
1444957443,1650.63,0.0387,BID
1444957444,1649.68,0.06,ASK
1444957450,1649.8,0.0185,ASK
1444957455,1649.7,0.02,ASK
1444957455,1649.69,0.02,ASK
1444957458,1650.0,0.03,ASK
1444957467,1650.27,0.1674,ASK
1444957467,1650.02,0.0304,ASK
1444957467,1650.02,0.0285,ASK
1444957467,1650.01,0.143,ASK
1444957467,1650.01,0.02,ASK
1444957467,1650.01,0.6107,ASK
1444957468,1650.62,0.04,BID
1444957468,1650.63,0.0093,BID
1444957468,1650.74,0.008,BID
1444957468,1650.99,0.0437,BID
1444957469,1650.9,0.01,ASK
1444957478,1650.61,0.02,BID
1444957481,1650.61,0.01,ASK
1444957481,1650.51,0.04,ASK
1444957481,1650.15,0.178,ASK
1444957482,1650.97,0.01,BID
1444957484,1650.16,0.0264,ASK
1444957484,1650.15,0.2016,ASK
1444957489,1650.97,0.01,BID
1444957497,1650.97,0.02,BID
1444957497,1650.97,0.0104,BID
1444957497,1650.98,0.0306,BID
1444957497,1650.98,0.389,BID
1444957497,1650.98,0.011,BID
1444957497,1650.99,0.1004,BID
1444957497,1651.0,0.085,BID
1444957497,1651.0,0.3,BID
1444957497,1651.0,1.0925,BID
1444957498,1650.98,11.0,BID
1444957498,1650.98,2.14,BID
1444957499,1650.96,0.03,BID
1444957499,1650.99,0.0284,BID
1444957499,1651.0,0.1876,BID
1444957501,1650.49,0.175,ASK
1444957504,1650.22,0.041,ASK
1444957508,1650.23,0.041,ASK
1444957517,1650.25,0.06,ASK
1444957517,1650.23,0.009,ASK
1444957523,1650.24,0.0885,ASK
1444957523,1650.24,0.0385,ASK
1444957529,1650.98,0.06,BID
1444957529,1650.99,0.041,BID
1444957529,1650.99,0.0385,BID
1444957529,1650.99,0.0975,BID
1444957529,1651.0,1.338,BID
1444957529,1651.0,0.6,BID
1444957532,1651.0,0.01,BID
1444957537,1651.0,0.01,BID
1444957540,1650.29,0.0304,ASK
1444957540,1650.29,0.01,ASK
1444957540,1650.27,0.0196,ASK
1444957541,1651.0,0.2023,BID
1444957544,1650.99,0.01,BID
1444957545,1650.3,0.0146,ASK
1444957545,1650.29,0.1089,ASK
1444957545,1650.28,0.2765,ASK
1444957550,1650.31,0.014,ASK
1444957552,1650.98,0.02,BID
1444957552,1650.99,0.03,BID
1444957552,1650.99,0.0789,BID
1444957552,1651.0,0.0301,BID
1444957552,1650.97,0.0304,BID
1444957552,1651.0,0.1056,BID
1444957554,1651.0,0.215,BID
1444957556,1651.0,0.136,BID
1444957558,1651.0,0.01,BID
1444957558,1650.99,0.297,ASK
1444957559,1650.98,0.267,BID
1444957562,1650.98,0.03,BID
1444957562,1650.99,0.0146,BID
1444957562,1651.0,0.9554,BID
1444957563,1651.0,0.072,BID
1444957566,1650.99,0.03,ASK
1444957566,1650.9,0.06,ASK
1444957572,1650.49,0.081,BID
1444957575,1650.74,0.01,ASK
1444957575,1650.74,0.06,ASK
1444957575,1650.74,0.021,ASK
1444957575,1650.59,0.081,ASK
1444957575,1650.51,0.236,ASK
1444957575,1650.5,0.081,ASK
1444957575,1650.33,0.0304,ASK
1444957575,1650.32,0.0209,ASK
1444957575,1650.31,0.4,ASK
1444957575,1650.31,0.1441,ASK
1444957575,1650.31,0.0318,ASK
1444957577,1650.31,0.392,BID
1444957578,1650.31,0.1,BID
1444957579,1650.31,0.6059,BID
1444957580,1650.31,0.6059,BID
1444957581,1650.31,0.1,BID
1444957581,1650.31,0.6059,BID
1444957582,1650.31,0.6059,BID
1444957583,1650.31,1.8091,BID
1444957586,1650.98,0.0304,BID
1444957586,1650.99,0.0529,BID
1444957586,1651.0,0.0436,BID
1444957587,1651.0,1.0145,BID
1444957587,1651.0,0.041,BID
1444957587,1651.86,0.775,BID
1444957587,1651.98,0.155,BID
1444957587,1651.99,0.019,BID
1444957587,1652.0,0.1807,BID
1444957587,1652.0,0.2,BID
1444957587,1652.3,0.1948,BID
1444957587,1651.68,0.626,BID
1444957587,1652.3,0.4052,BID
1444957587,1652.34,0.1488,BID
1444957596,1650.65,0.01,ASK
1444957596,1650.95,0.01,BID
1444957597,1650.95,0.49,BID
1444957599,1651.0,1.037,ASK
1444957603,1651.02,0.0304,ASK
1444957603,1651.01,0.0528,ASK
1444957603,1651.01,0.0191,ASK
1444957603,1651.01,0.06,ASK
1444957603,1651.0,0.7587,ASK
1444957608,1651.0,0.31,ASK
1444957610,1651.01,1.336,ASK
1444957612,1651.01,0.01,ASK
1444957612,1651.01,0.316,ASK
1444957613,1651.01,0.237,ASK
1444957613,1651.01,0.0102,ASK
1444957615,1651.01,0.516,ASK
1444957617,1651.01,0.267,ASK
1444957617,1651.01,0.608,ASK
1444957619,1651.01,0.588,ASK
1444957622,1651.02,0.6,ASK
1444957622,1651.02,1.387,ASK
1444957622,1651.0,0.269,ASK
1444957622,1651.0,0.01,ASK
1444957624,1651.0,0.039,ASK
1444957627,1651.0,1.442,ASK
1444957628,1651.0,2.333,ASK
1444957634,1651.0,0.01,ASK
1444957645,1651.0,0.116,ASK
1444957646,1651.0,0.096,ASK
1444957648,1651.0,0.236,ASK
1444957650,1651.0,0.01,ASK
1444957655,1651.0,0.5,ASK
1444957657,1651.0,0.226,ASK
1444957658,1651.0,10.0,ASK
1444957658,1651.0,0.2939,ASK
1444957659,1651.0,0.4,ASK
1444957661,1651.0,0.52,ASK
1444957662,1651.0,0.077,ASK
1444957664,1651.0,0.1,ASK
1444957666,1651.0,0.7264,ASK
1444957666,1651.0,1.8536,ASK
1444957667,1651.0,0.71,ASK
1444957668,1651.0,0.3,ASK
1444957669,1651.0,0.1,ASK
1444957672,1651.0,0.1,ASK
1444957672,1651.0,0.9364,ASK
1444957672,1651.0,0.3,ASK
1444957672,1650.32,0.6059,ASK
1444957672,1650.01,0.1577,ASK
1444957675,1650.01,1.18,ASK
1444957708,1650.0,0.116,ASK
1444957712,1650.0,0.184,ASK
1444957715,1650.0,0.1,BID
1444957718,1649.99,0.06,BID
1444957718,1650.0,0.756,BID
1444957719,1650.0,0.286,BID
1444957722,1650.0,0.06,ASK
1444957725,1650.94,0.0215,BID
1444957725,1650.95,0.4,BID
1444957727,1650.95,0.778,ASK
1444957729,1650.95,0.0005,ASK
1444957730,1650.86,0.06,ASK
1444957730,1650.01,0.077,ASK
1444957736,1650.02,0.01,ASK
1444957737,1650.9,0.778,BID
1444957740,1650.02,0.0005,ASK
1444957740,1650.02,0.01,ASK
1444957740,1650.01,0.1265,ASK
1444957743,1650.01,0.0825,ASK
1444957743,1650.0,0.8645,ASK
1444957746,1650.29,0.1624,BID
1444957746,1650.62,1.0,BID
1444957746,1650.88,0.01,BID
1444957746,1650.89,0.06,BID
1444957746,1650.89,0.01,BID
1444957746,1650.89,0.0416,BID
1444957746,1650.9,0.9269,BID
1444957746,1650.0,0.01,ASK
1444957748,1650.0,0.286,ASK
1444957749,1650.0,0.116,ASK
1444957753,1650.2,0.0101,BID
1444957753,1650.21,0.1914,BID
1444957753,1650.01,0.01,ASK
1444957755,1650.01,0.05,ASK
1444957755,1650.0,0.142,ASK
1444957756,1650.0,0.06,ASK
1444957759,1650.0,0.0832,ASK
1444957762,1650.0,0.06,ASK
1444957763,1650.5,0.02,BID
1444957764,1650.0,0.482,ASK
1444957771,1650.01,0.016,ASK
1444957771,1650.0,0.055,ASK
1444957771,1650.0,0.1042,ASK
1444957776,1650.01,0.04,ASK
1444957776,1650.0,0.002,ASK
1444957779,1650.0,0.048,ASK
1444957780,1650.0,0.1114,ASK
1444957780,1650.0,0.1886,ASK
1444957784,1650.5,0.02,BID
1444957784,1650.0,0.1967,ASK
1444957785,1650.01,7.0,ASK
1444957785,1650.01,3.813,ASK
1444957785,1650.0,0.116,ASK
1444957787,1650.01,0.01,ASK
1444957789,1650.01,0.3,ASK
1444957789,1650.01,0.073,ASK
1444957793,1650.01,0.02,ASK
1444957796,1650.01,0.007,ASK
1444957796,1650.01,0.0168,ASK
1444957796,1650.01,0.0192,ASK
1444957797,1650.01,0.0008,ASK
1444957797,1650.0,0.0092,ASK
1444957800,1650.02,0.02,ASK
1444957800,1650.0,0.117,ASK
1444957803,1650.0,0.06,ASK
1444957804,1650.0,0.01,ASK
1444957805,1650.0,0.3,ASK
1444957806,1650.01,0.0832,BID
1444957806,1650.01,0.0168,ASK
1444957806,1650.0,0.6332,ASK
1444957810,1650.0,0.856,ASK
1444957811,1650.0,0.65,ASK
1444957813,1650.0,0.137,ASK
1444957817,1650.0,0.137,ASK
1444957823,1650.0,2.618,ASK
1444957828,1650.03,0.06,ASK
1444957831,1650.03,0.0998,ASK
1444957832,1650.03,0.3402,ASK
1444957832,1650.0,0.0004,ASK
1444957832,1649.67,0.0994,ASK
1444957852,1650.04,0.01,ASK
1444957860,1650.85,0.0704,BID
1444957860,1650.86,0.07,BID
1444957860,1650.86,1.3385,BID
1444957860,1650.87,0.002,BID
1444957860,1651.0,0.0128,BID
1444957860,1651.13,0.0346,BID
1444957860,1651.14,0.666,BID
1444957860,1651.97,0.271,BID
1444957860,1651.98,0.0226,BID
1444957860,1651.99,1.387,BID
1444957860,1652.0,0.3,BID
1444957860,1652.34,0.5,BID
1444957860,1652.35,7.019,BID
1444957878,1649.91,0.0139,ASK
1444957878,1649.9,0.2631,ASK
1444957881,1650.51,3.0,ASK
1444957884,1650.82,0.01,BID
1444957884,1650.83,0.189,BID
1444957888,1650.53,0.0738,ASK
1444957888,1650.52,1.2942,ASK
1444957892,1650.55,0.121,ASK
1444957893,1650.55,0.068,ASK
1444957898,1650.54,0.01,BID
1444957903,1650.54,0.111,BID
1444957906,1650.87,0.002,BID
1444957906,1650.99,0.015,BID
1444957906,1651.0,0.283,BID
1444957923,1651.0,0.017,BID
1444957923,1651.68,0.184,BID
1444957923,1651.99,0.0132,BID
1444957923,1652.0,0.2631,BID
1444957923,1652.3,0.02,BID
1444957923,1652.31,0.4,BID
1444957923,1652.32,0.104,BID
1444957923,1652.33,2.08,BID
1444957923,1652.34,1.2942,BID
1444957923,1652.35,13.2245,BID
1444957929,1650.56,0.0104,ASK
1444957935,1652.0,0.03,BID
1444957941,1651.0,0.03,ASK
1444957942,1651.0,0.321,ASK
1444957945,1651.0,0.134,ASK
1444957945,1651.0,0.167,ASK
1444957945,1651.01,0.01,ASK
1444957945,1651.01,0.05,ASK
1444957945,1651.01,0.135,ASK
1444957953,1651.08,0.002,ASK
1444957953,1651.01,0.237,ASK
1444957957,1651.02,0.163,ASK
1444957957,1651.02,0.01,ASK
1444957961,1651.02,0.116,ASK
1444957961,1651.02,0.0998,ASK
1444957962,1651.02,0.5,ASK
1444957966,1651.52,0.0304,BID
1444957966,1651.52,0.01,BID
1444957966,1651.53,0.0812,BID
1444957969,1651.31,0.0304,ASK
1444957969,1651.3,0.2772,ASK
1444957969,1651.03,0.0199,ASK
1444957969,1651.02,0.1085,ASK
1444957972,1651.38,0.002,ASK
1444957972,1651.03,0.0196,ASK
1444957972,1651.02,0.3714,ASK
1444957972,1651.29,0.216,BID
1444957972,1651.51,0.0304,BID
1444957972,1651.52,0.07,BID
1444957973,1651.52,0.218,ASK
1444957973,1651.52,0.134,ASK
1444957974,1651.52,0.6,ASK
1444957975,1651.52,0.369,ASK
1444957975,1651.52,0.6,ASK
1444957975,1651.52,0.65,ASK
1444957976,1651.52,0.369,ASK
1444957976,1651.52,0.6,ASK
1444957977,1651.52,0.1,ASK
1444957977,1651.52,0.01,ASK
1444957977,1651.52,0.0336,ASK
1444957981,1651.23,0.1,BID
1444957981,1651.51,0.4,BID
1444957981,1651.03,0.02,ASK
1444957983,1651.03,0.06,ASK
1444957983,1651.02,0.0205,ASK
1444957983,1651.01,0.0175,ASK
1444957983,1651.0,0.271,ASK
1444957985,1651.0,0.369,ASK
1444957985,1651.49,0.02,BID
1444957985,1651.5,0.2772,BID
1444957985,1651.51,0.2164,BID
1444957985,1651.51,0.65,BID
1444957985,1651.58,0.002,BID
1444957985,1651.66,0.018,BID
1444957985,1651.67,0.36,BID
1444957986,1651.97,0.06,ASK
1444957987,1651.97,1.0,ASK
1444957988,1651.97,0.29,ASK
1444957988,1651.97,0.5,ASK
1444957988,1651.97,0.17,ASK
1444957988,1651.97,0.6,ASK
1444957988,1651.97,0.214,ASK
1444957988,1651.97,0.31,ASK
1444957988,1651.97,0.572,ASK
1444957989,1651.97,0.5,ASK
1444957990,1651.98,0.06,BID
1444957990,1651.97,0.025,ASK
1444957990,1651.97,0.17,ASK
1444957990,1651.97,0.699,ASK
1444957990,1651.97,0.137,ASK
1444957990,1651.97,0.107,ASK
1444957990,1651.97,0.5,ASK
1444957991,1651.97,1.0,ASK
1444957991,1651.98,0.0394,BID
1444957991,1651.99,0.0135,BID
1444957991,1651.99,0.0465,ASK
1444957991,1651.97,1.7665,ASK
1444957991,1651.97,1.0,ASK
1444957993,1651.97,0.213,ASK
1444957993,1651.97,7.2673,ASK
1444957993,1651.01,0.018,ASK
1444957993,1651.01,0.0135,ASK
1444957993,1651.0,2.9702,ASK
1444957998,1651.47,1.18,BID
1444957998,1651.47,0.5,BID
1444958001,1651.47,0.537,BID
1444958001,1651.2,0.2773,ASK
1444958001,1651.09,0.0304,ASK
1444958001,1651.08,0.002,ASK
1444958001,1651.0,0.2613,ASK
1444958004,1651.46,0.0392,BID
1444958004,1651.46,0.0304,BID
1444958004,1651.47,0.783,BID
1444958005,1651.53,0.571,ASK
1444958011,1651.53,0.1699,ASK
1444958012,1651.53,0.2727,ASK
1444958013,1651.53,0.073,ASK
1444958017,1651.53,0.137,ASK
1444958021,1651.59,0.002,BID
1444958022,1651.53,0.116,ASK
1444958023,1651.53,0.217,ASK
1444958024,1651.53,0.1797,ASK
1444958026,1651.03,0.216,BID
1444958030,1651.03,0.0003,BID
1444958032,1651.12,0.06,BID
1444958032,1651.04,0.06,ASK
1444958036,1651.14,0.0304,ASK
1444958036,1651.13,0.0296,ASK
1444958037,1651.13,0.0304,ASK
1444958037,1651.04,0.1557,ASK
1444958037,1651.03,0.0139,ASK
1444958038,1651.69,0.0139,BID
1444958041,1651.03,0.012,ASK
1444958043,1651.69,0.0139,BID
1444958043,1651.7,0.2631,BID
1444958046,1651.11,0.002,ASK
1444958046,1651.04,0.06,ASK
1444958046,1651.04,0.0487,ASK
1444958046,1651.03,0.3563,ASK
1444958049,1651.7,0.0142,BID
1444958050,1651.7,0.0158,ASK
1444958054,1651.2,0.015,BID
1444958054,1651.68,0.049,BID
1444958056,1651.19,0.0146,BID
1444958060,1651.22,0.01,ASK
1444958063,1651.21,0.0004,ASK
1444958063,1651.04,0.0196,ASK
1444958064,1651.05,20.025,ASK
1444958070,1651.22,0.01,ASK
1444958070,1651.22,0.013,ASK
1444958075,1651.22,0.047,ASK
1444958078,1651.12,0.002,ASK
1444958079,1651.03,0.218,ASK
1444958082,1651.03,0.399,ASK
1444958084,1651.03,0.0008,ASK
1444958084,1651.0,1.2281,ASK
1444958086,1651.0,0.012,ASK
1444958091,1651.0,0.322,ASK
1444958093,1651.17,0.01,BID
1444958095,1651.0,3.0,ASK
1444958097,1651.08,0.002,ASK
1444958097,1651.0,1.2328,ASK
1444958099,1651.0,0.001,ASK
1444958101,1651.0,0.116,ASK
1444958104,1651.0,0.01,ASK
1444958105,1651.0,3.0,ASK
1444958106,1651.17,0.06,BID
1444958107,1651.18,0.062,BID
1444958107,1651.18,0.0004,BID
1444958110,1651.18,0.059,ASK
1444958111,1651.18,0.0006,ASK
1444958112,1651.02,0.0094,BID
1444958117,1651.19,0.05,ASK
1444958117,1651.19,0.0006,ASK
1444958117,1651.02,0.0094,ASK
1444958120,1651.0,0.0998,ASK
1444958121,1651.0,0.748,ASK
1444958122,1651.04,0.01,BID
1444958124,1651.0,0.032,ASK
1444958125,1651.0,0.06,ASK
1444958128,1651.51,0.01,BID
1444958128,1651.52,0.073,BID
1444958128,1651.0,0.3,ASK
1444958130,1651.35,0.01,BID
1444958133,1651.04,0.01,ASK
1444958134,1651.36,0.01,ASK
1444958135,1651.36,0.06,ASK
1444958139,1651.36,0.075,ASK
1444958139,1651.36,0.135,ASK
1444958139,1651.36,0.07,ASK
1444958140,1651.52,0.01,BID
1444958141,1651.52,0.0002,BID
1444958141,1651.53,0.0098,ASK
1444958141,1651.36,0.075,ASK
1444958141,1651.36,0.0492,BID
1444958141,1651.36,0.0958,ASK
1444958141,1651.12,0.002,ASK
1444958141,1651.02,0.4022,ASK
1444958145,1651.54,0.01,ASK
1444958146,1651.53,0.01,ASK
1444958148,1651.36,0.06,BID
1444958149,1651.0,0.106,ASK
1444958153,1651.0,0.418,ASK
1444958153,1651.0,0.01,ASK
1444958157,1651.08,0.002,ASK
1444958157,1651.0,0.7808,ASK
1444958157,1650.61,0.1574,ASK
1444958157,1650.6,0.2678,ASK
1444958164,1651.24,0.153,BID
1444958189,1651.24,0.183,ASK
1444958189,1651.24,0.031,ASK
1444958191,1650.73,0.002,ASK
1444958191,1650.65,0.0678,ASK
1444958192,1650.64,0.0299,BID
1444958193,1650.64,0.0001,BID
1444958193,1650.74,0.0129,BID
1444958193,1650.74,0.2011,BID
1444958199,1651.11,0.013,BID
1444958203,1651.12,0.155,ASK
1444958212,1651.24,0.1815,BID
1444958213,1651.35,0.03,ASK
1444958214,1651.35,0.97,ASK
1444958214,1651.35,0.013,ASK
1444958215,1651.35,0.2148,ASK
1444958216,1651.35,0.223,ASK
1444958217,1651.35,0.2108,ASK
1444958220,1651.35,0.01,ASK
1444958222,1651.36,0.0298,BID
1444958223,1651.35,0.1841,ASK
1444958224,1651.37,0.002,BID
1444958226,1651.37,0.0278,ASK
1444958226,1651.35,0.385,ASK
1444958226,1651.26,0.06,ASK
1444958231,1650.85,0.01,BID
1444958234,1650.85,0.0862,BID
1444958235,1650.76,1.0,BID
1444958235,1650.76,6.494,BID
1444958239,1650.89,0.018,ASK
1444958240,1651.48,0.06,BID
1444958240,1651.63,0.01,BID
1444958240,1651.64,0.018,BID
1444958240,1651.69,0.1574,BID
1444958240,1651.82,0.0076,BID
1444958246,1651.37,0.1,ASK
1444958247,1651.37,0.036,ASK
1444958247,1651.37,0.0298,ASK
1444958247,1651.37,0.01,ASK
1444958260,1651.39,0.04,ASK
1444958266,1651.39,0.01,ASK
1444958267,1651.39,0.01,ASK
1444958267,1651.37,0.05,ASK
1444958274,1651.37,0.2136,ASK
1444958286,1651.39,0.0304,ASK
1444958286,1651.37,0.0694,ASK
1444958291,1651.38,0.2191,ASK
1444958291,1651.38,0.1809,ASK
1444958291,1651.37,2.8191,ASK
1444958295,1651.37,0.1429,ASK
1444958296,1651.39,0.002,BID
1444958297,1651.38,0.0826,BID
1444958297,1651.39,2.4974,BID
1444958303,1651.37,0.1892,ASK
1444958304,1651.37,0.082,ASK
1444958304,1651.37,0.155,ASK
1444958307,1651.37,0.1679,ASK
1444958310,1651.37,3.0,ASK
1444958312,1651.37,0.1749,ASK
1444958315,1651.39,0.002,BID
1444958317,1651.37,0.1717,ASK
1444958320,1651.37,0.01,ASK
1444958320,1651.37,0.01,ASK
1444958320,1651.37,0.2299,ASK
1444958323,1651.37,0.253,ASK
1444958327,1651.39,0.0764,BID
1444958327,1651.47,0.06,BID
1444958327,1651.83,0.106,BID
1444958327,1651.83,0.0108,BID
1444958327,1651.83,0.0392,BID
1444958327,1651.84,0.7076,BID
1444958328,1651.37,0.169,ASK
1444958332,1651.4,0.076,ASK
1444958336,1651.42,0.0304,BID
1444958336,1651.44,0.0696,ASK
1444958336,1651.4,0.0004,ASK
1444958336,1651.38,0.0107,ASK
1444958336,1651.38,0.0613,ASK
1444958344,1651.52,0.002,ASK
1444958344,1651.45,0.028,ASK
1444958345,1651.45,0.0024,ASK
1444958345,1651.44,0.06,ASK
1444958345,1651.43,0.0304,ASK
1444958345,1651.38,0.0482,ASK
1444958345,1651.38,0.0214,ASK
1444958345,1651.37,0.0267,ASK
1444958347,1651.37,0.01,ASK
1444958348,1651.37,0.018,ASK
1444958348,1651.72,0.1695,BID
1444958348,1651.82,0.0304,BID
1444958348,1651.87,0.002,BID
1444958348,1651.89,0.004,BID
1444958348,1651.95,0.0407,BID
1444958348,1651.95,0.0538,BID
1444958348,1651.96,0.5,BID
1444958348,1651.96,1.3892,BID
1444958348,1651.97,0.186,BID
1444958348,1652.0,0.27,BID
1444958348,1652.16,0.01,BID
1444958348,1652.26,0.6,BID
1444958348,1652.27,0.4,BID
1444958348,1652.35,0.3444,BID
1444958353,1651.38,0.0407,ASK
1444958353,1651.38,0.0537,ASK
1444958353,1651.38,0.0305,ASK
1444958353,1651.37,0.4801,ASK
1444958357,1651.83,0.12,ASK
1444958358,1651.83,0.3626,ASK
1444958363,1651.37,2.67,ASK
1444958363,1651.37,0.1638,ASK
1444958363,1651.82,0.1068,BID
1444958363,1651.82,0.4,BID
1444958364,1651.84,0.0152,ASK
1444958370,1651.38,0.01,ASK
1444958371,1651.37,1.1,ASK
1444958375,1651.37,0.539,ASK
1444958385,1651.46,0.002,ASK
1444958385,1651.38,0.008,ASK
1444958388,1651.38,0.136,ASK
1444958388,1651.38,0.0998,ASK
1444958390,1651.38,0.1562,ASK
1444958390,1651.38,0.5998,ASK
1444958394,1651.39,0.01,ASK
1444958396,1651.39,0.753,ASK
1444958399,1651.37,1.1483,ASK
1444958401,1651.37,1.1157,ASK
1444958403,1651.51,0.105,ASK
1444958405,1651.51,0.464,ASK
1444958406,1651.76,0.0305,BID
1444958406,1651.99,0.004,BID
1444958406,1652.19,0.0142,BID
1444958406,1652.2,0.284,BID
1444958406,1652.22,0.0128,BID
1444958406,1652.23,0.2566,BID
1444958406,1652.33,0.6,BID
1444958406,1652.34,0.773,BID
1444958406,1652.35,6.4311,BID
1444958406,1652.36,4.2062,BID
1444958406,1652.37,0.002,BID
1444958406,1652.49,0.002,BID
1444958406,1652.57,0.627,BID
1444958406,1652.99,5.2451,BID
1444958406,1653.0,0.3,BID
1444958406,1653.0,0.0563,BID
1444958406,1653.0,1.578,BID
1444958410,1651.59,0.002,ASK
1444958410,1651.52,0.0143,ASK
1444958410,1651.52,0.0128,ASK
1444958410,1651.51,0.3359,ASK
1444958411,1651.51,0.457,ASK
1444958421,1651.54,0.0305,ASK
1444958421,1651.53,0.0695,ASK
1444958421,1651.52,0.357,ASK
1444958422,1651.52,0.031,ASK
1444958427,1651.53,0.212,ASK
1444958434,1651.53,0.1,ASK
1444958436,1651.53,0.234,ASK
1444958436,1651.61,0.002,ASK
1444958436,1651.53,0.373,ASK
1444958436,1651.53,0.0111,ASK
1444958438,1651.53,0.1083,ASK
1444958443,1651.53,0.351,ASK
1444958444,1651.53,0.0006,ASK
1444958444,1651.52,0.0291,ASK
1444958447,1651.52,0.182,ASK
1444958456,1651.52,0.0009,ASK
1444958456,1651.37,0.1811,ASK
1444958460,1651.37,0.06,ASK
1444958461,1651.6,0.002,ASK
1444958461,1651.37,0.0396,ASK
1444958470,1651.51,0.253,ASK
1444958473,1651.51,0.176,ASK
1444958478,1651.51,0.361,ASK
1444958486,1651.59,0.002,ASK
1444958487,1651.52,0.128,BID
1444958487,1651.52,0.01,ASK
1444958488,1651.71,16.192,ASK
1444958494,1651.53,0.048,ASK
1444958496,1651.52,0.0998,ASK
1444958498,1651.52,0.048,ASK
1444958502,1651.52,0.185,ASK
1444958505,1651.6,0.002,ASK
1444958505,1651.52,0.058,ASK
1444958507,1651.73,0.01,ASK
1444958510,1651.73,0.326,ASK
1444958510,1651.73,0.137,ASK
1444958512,1651.73,0.021,ASK
1444958521,1651.73,0.0998,ASK
1444958523,1651.73,0.147,ASK
1444958523,1651.73,0.137,ASK
1444958527,1651.73,0.01,ASK
1444958528,1651.73,0.136,ASK
1444958528,1651.76,0.002,BID
1444958535,1651.73,0.692,ASK
1444958535,1651.73,0.01,ASK
1444958536,1651.73,0.122,ASK
1444958538,1651.73,0.115,ASK
1444958542,1651.73,0.134,ASK
1444958543,1651.73,0.137,ASK
1444958544,1651.73,0.5,ASK
1444958553,1651.73,0.115,ASK
1444958556,1651.81,0.002,ASK
1444958559,1651.73,0.188,ASK
1444958562,1651.73,0.189,ASK
1444958562,1651.74,0.189,BID
1444958562,1651.82,0.0305,BID
1444958562,1651.83,0.0479,BID
1444958562,1651.83,0.06,BID
1444958562,1651.84,0.957,BID
1444958563,1652.0,0.0122,ASK
1444958565,1652.0,1.7034,ASK
1444958565,1651.84,0.1079,ASK
1444958565,1651.73,0.7742,ASK
1444958565,1651.73,0.121,ASK
1444958565,1651.52,17.2935,ASK
1444958565,1651.52,0.51,ASK
1444958567,1651.98,0.058,BID
1444958567,1651.99,0.002,BID
1444958568,1651.84,0.1079,BID
1444958568,1651.9,0.17,BID
1444958568,1651.99,0.126,BID
1444958568,1651.99,0.1181,BID
1444958572,1651.82,0.5,ASK
1444958573,1651.82,0.5,ASK
1444958574,1651.82,0.5,ASK
1444958575,1651.82,0.236,ASK
1444958575,1651.82,0.03,ASK
1444958575,1651.82,0.1079,ASK
1444958577,1651.84,0.115,BID
1444958577,1651.82,0.5,ASK
1444958579,1651.82,0.482,ASK
1444958580,1651.84,0.115,BID
1444958580,1651.84,0.002,BID
1444958583,1651.92,0.06,BID
1444958583,1652.0,0.107,BID
1444958583,1652.0,0.07,ASK
1444958583,1652.0,0.219,ASK
1444958584,1652.0,0.044,ASK
1444958584,1651.82,0.016,ASK
1444958584,1651.82,0.5,ASK
1444958586,1651.83,0.0503,ASK
1444958586,1651.82,0.9497,ASK
1444958587,1651.82,0.5,ASK
1444958587,1651.84,0.0305,BID
1444958591,1651.84,1.0,BID
1444958591,1651.84,1.0,ASK
1444958592,1651.84,1.0,ASK
1444958593,1651.84,0.5,ASK
1444958593,1651.84,1.0,ASK
1444958594,1651.84,0.115,ASK
1444958596,1651.84,0.394,ASK
1444958599,1651.84,0.394,ASK
1444958603,1651.85,0.06,ASK
1444958603,1651.84,0.462,ASK
1444958604,1651.84,0.228,ASK
1444958606,1651.84,0.5,ASK
1444958607,1651.84,0.2,ASK
1444958608,1651.84,0.1,ASK
1444958610,1651.84,0.5,ASK
1444958610,1651.84,0.3169,ASK
1444958611,1651.84,0.974,ASK
1444958614,1651.84,0.922,ASK
1444958614,1651.84,0.189,ASK
1444958614,1651.84,0.714,ASK
1444958615,1651.84,0.5,ASK
1444958619,1651.84,0.076,ASK
1444958623,1651.84,0.012,ASK
1444958624,1651.84,0.9,ASK
1444958624,1651.84,0.53,ASK
1444958625,1651.84,1.03,ASK
1444958626,1651.84,0.176,ASK
1444958631,1651.96,0.174,BID
1444958632,1652.14,0.0305,ASK
1444958632,1652.14,0.269,ASK
1444958635,1652.14,0.174,ASK
1444958635,1652.14,0.171,ASK
1444958635,1652.14,1.0,ASK
1444958636,1652.14,0.162,ASK
1444958636,1652.14,0.5,ASK
1444958636,1652.14,0.01,ASK
1444958636,1652.14,1.03,ASK
1444958637,1652.14,0.2,ASK
1444958640,1652.14,0.073,ASK
1444958642,1652.14,1.0,ASK
1444958643,1652.14,0.416,ASK
1444958644,1652.14,0.5,ASK
1444958645,1652.14,0.127,ASK
1444958645,1652.14,0.01,ASK
1444958646,1652.14,0.24,ASK
1444958646,1652.14,0.012,ASK
1444958647,1652.14,0.5,ASK
1444958649,1652.18,0.016,BID
1444958649,1652.24,0.06,BID
1444958649,1652.67,0.02,BID
1444958649,1652.68,0.4,BID
1444958649,1652.68,1.9236,BID
1444958649,1652.14,0.5,ASK
1444958650,1652.14,0.5,ASK
1444958652,1652.15,0.0305,ASK
1444958652,1652.14,0.1475,ASK
1444958653,1652.14,0.01,ASK
1444958654,1652.14,0.001,ASK
1444958655,1652.15,0.0998,ASK
1444958656,1652.15,0.3002,ASK
1444958656,1652.14,0.6998,ASK
1444958659,1652.16,0.06,ASK
1444958659,1652.14,0.14,ASK
1444958660,1652.14,0.06,ASK
1444958660,1652.14,0.01,ASK
1444958662,1652.17,0.1,ASK
1444958662,1652.14,0.575,ASK
1444958663,1652.14,0.5,ASK
1444958663,1652.14,0.2,ASK
1444958664,1652.14,0.06,ASK
1444958666,1652.14,0.5,ASK
1444958669,1652.14,0.5,ASK
1444958673,1652.14,0.06,ASK
1444958673,1652.14,0.01,ASK
1444958673,1652.14,0.06,ASK
1444958674,1652.14,0.5,ASK
1444958674,1652.14,0.08,ASK
1444958679,1652.14,0.1081,ASK
1444958679,1652.14,0.5,ASK
1444958680,1652.14,0.1,ASK
1444958681,1652.15,0.0773,BID
1444958681,1652.15,0.01,BID
1444958681,1652.16,0.6867,BID
1444958681,1652.14,0.0998,ASK
1444958682,1652.16,0.7033,BID
1444958686,1652.23,0.0305,BID
1444958686,1652.24,0.06,BID
1444958686,1652.66,0.03,BID
1444958686,1652.67,0.2755,BID
1444958690,1652.25,0.0305,ASK
1444958690,1652.24,0.0305,ASK
1444958690,1652.18,0.01,ASK
1444958690,1652.18,0.01,ASK
1444958690,1652.17,0.1,ASK
1444958690,1652.17,0.0003,ASK
1444958691,1652.25,0.06,ASK
1444958691,1652.18,0.01,ASK
1444958691,1652.18,0.01,ASK
1444958691,1652.17,0.056,ASK
1444958693,1652.18,0.0121,ASK
1444958693,1652.17,0.0437,ASK
1444958693,1652.17,0.1,ASK
1444958693,1652.16,0.1768,ASK
1444958693,1652.16,0.0852,ASK
1444958693,1652.15,0.016,ASK
1444958693,1652.15,0.0783,ASK
1444958698,1652.15,1.203,ASK
1444958700,1652.16,0.77,ASK
1444958705,1652.16,0.62,ASK
1444958705,1652.15,0.236,ASK
1444958706,1652.17,0.01,BID
1444958706,1652.17,0.15,ASK
1444958707,1652.17,0.2073,ASK
1444958707,1652.17,0.01,ASK
1444958710,1652.17,0.2227,ASK
1444958710,1652.15,0.1707,ASK
1444958710,1652.14,0.0466,ASK
1444958712,1652.14,0.2,ASK
1444958712,1652.14,0.101,ASK
1444958715,1652.16,0.002,BID
1444958716,1652.14,0.5,ASK
1444958716,1652.14,0.2,ASK
1444958719,1652.14,0.5,ASK
1444958721,1652.14,1.427,ASK
1444958725,1652.14,0.3457,ASK
1444958733,1651.97,0.174,ASK
1444958735,1651.92,0.002,ASK
1444958735,1651.84,0.172,ASK
1444958742,1651.84,0.095,ASK
1444958746,1651.84,0.0001,ASK
1444958746,1651.73,0.0949,ASK
1444958752,1651.21,0.99,BID
1444958752,1650.91,0.2071,ASK
1444958752,1650.91,1.39,ASK
1444958754,1651.21,0.6,BID
1444958754,1651.21,2.205,BID
1444958754,1651.21,0.1842,BID
1444958757,1651.22,0.2158,ASK
1444958757,1651.22,0.6,ASK
1444958757,1651.22,0.1742,ASK
1444958758,1651.22,0.01,ASK
1444958758,1651.82,1.0,ASK
1444958758,1651.82,1.0,ASK
1444958758,1651.82,6.556,ASK
1444958759,1651.22,0.2158,ASK
1444958759,1650.9,0.2774,ASK
1444958761,1650.72,0.721,BID
1444958762,1650.72,0.0008,BID
1444958778,1651.81,0.06,BID
1444958785,1651.82,0.06,ASK
1444958796,1650.83,0.002,ASK
1444958796,1650.76,0.2093,ASK
1444958799,1650.76,0.01,ASK
1444958801,1650.76,0.016,ASK
1444958806,1651.32,0.001,BID
1444958808,1651.0,0.01,ASK
1444958810,1651.81,0.06,BID
1444958811,1652.0,0.1,ASK
1444958813,1652.0,0.14,ASK
1444958813,1651.73,0.001,ASK
1444958817,1651.32,0.001,BID
1444958828,1651.1,0.002,ASK
1444958828,1651.0,0.06,ASK
1444958829,1651.32,0.001,BID
1444958833,1651.01,0.06,ASK
1444958833,1651.0,0.17,ASK
1444958838,1651.0,0.06,ASK
1444958842,1650.73,0.264,ASK
1444958845,1650.73,0.017,ASK
1444958854,1650.73,0.019,ASK
1444958855,1650.72,0.053,ASK
1444958855,1650.61,2.3,ASK
1444958855,1650.55,0.111,ASK
1444958855,1650.51,5.525,ASK
1444958859,1650.51,0.019,ASK
1444958864,1650.76,0.04,BID
1444958864,1650.76,1.883,BID
1444958867,1650.76,2.2963,BID
1444958871,1650.74,0.0192,BID
1444958871,1650.75,0.0118,BID
1444958871,1650.75,0.351,BID
1444958874,1650.51,1.341,ASK
1444958874,1650.51,2.215,ASK
1444958875,1650.51,0.5,BID
1444958876,1650.51,0.114,BID
1444958876,1650.51,0.3666,BID
1444958877,1650.53,0.06,ASK
1444958883,1650.39,0.233,ASK
1444958884,1650.75,0.049,BID
1444958884,1650.75,0.1177,BID
1444958884,1650.76,0.0673,BID
1444958889,1650.75,0.0481,BID
1444958889,1650.76,1.1719,BID
1444958889,1650.76,0.1,BID
1444958890,1650.76,0.234,BID
1444958890,1650.76,0.35,BID
1444958890,1650.76,0.35,BID
1444958891,1650.76,0.3175,BID
1444958893,1650.78,0.046,ASK
1444958894,1650.77,0.0465,ASK
1444958897,1650.77,0.01,ASK
1444958898,1650.77,0.1,ASK
1444958898,1650.77,0.0775,ASK
1444958898,1650.77,0.3395,ASK
1444958898,1650.99,0.06,BID
1444958904,1651.0,0.06,ASK
1444958904,1650.79,0.06,ASK
1444958904,1650.78,0.01,ASK
1444958906,1650.51,1.1135,BID
1444958908,1650.51,0.366,BID
1444958908,1650.51,0.6059,BID
1444958908,1650.51,0.366,BID
1444958908,1650.51,0.6,BID
1444958909,1650.51,0.6059,BID
1444958911,1650.51,0.366,BID
1444958913,1650.51,0.114,BID
1444958917,1650.5,0.06,BID
1444958917,1650.51,0.526,BID
1444958918,1650.51,0.0002,BID
1444958922,1650.52,0.527,ASK
1444958929,1650.53,0.01,ASK
1444958930,1650.54,5.0,ASK
1444958930,1650.54,6.0,ASK
1444958930,1650.54,1.435,ASK
1444958931,1650.53,0.027,ASK
1444958931,1650.53,0.023,ASK
1444958931,1650.51,0.894,ASK
1444958933,1650.52,0.1969,ASK
1444958933,1650.52,0.4,ASK
1444958933,1650.51,0.3201,ASK
1444958933,1650.51,0.192,ASK
1444958934,1650.51,0.596,ASK
1444958934,1650.51,0.42,ASK
1444958935,1650.52,16.0,ASK
1444958935,1650.52,0.792,ASK
1444958935,1651.34,2.0,ASK
1444958935,1651.34,2.468,ASK
1444958938,1650.51,0.012,ASK
1444958940,1650.51,0.0208,ASK
1444958941,1650.51,0.416,ASK
1444958942,1650.51,0.65,ASK
1444958944,1650.51,0.075,ASK
1444958944,1650.52,2.0,ASK
1444958944,1650.52,1.738,ASK
1444958945,1650.51,0.2643,ASK
1444958946,1650.51,4.9682,ASK
1444958949,1650.51,0.941,ASK
1444958949,1650.51,3.0,ASK
1444958954,1650.51,1.173,ASK
1444958962,1650.51,0.136,ASK
1444958966,1650.51,5.5216,ASK
1444958969,1650.39,0.001,ASK
1444958969,1650.22,0.012,ASK
1444958975,1650.5,0.032,BID
1444958975,1650.22,0.001,ASK
1444958975,1650.16,0.014,ASK
1444958975,1650.0,0.001,ASK
1444958977,1650.22,0.109,BID
1444958977,1650.0,0.015,ASK
1444958978,1650.22,0.109,BID
1444958981,1650.21,0.06,BID
1444958981,1650.23,0.062,ASK
1444958981,1650.0,0.284,ASK
1444958981,1649.89,0.002,ASK
1444958981,1649.26,0.5693,ASK
1444958982,1650.0,0.0163,BID
1444958985,1650.23,0.043,ASK
1444958990,1650.23,0.079,ASK
1444958994,1650.24,0.043,ASK
1444958995,1650.24,0.017,ASK
1444958995,1650.22,0.0437,ASK
1444959006,1649.73,0.06,BID
1444959006,1649.74,0.06,BID
1444959007,1649.76,2.0,BID
1444959007,1649.76,7.0,BID
1444959007,1649.76,8.756,BID
1444959009,1649.86,0.0305,BID
1444959009,1649.87,0.002,BID
1444959009,1650.23,0.0275,BID
1444959012,1650.23,0.0155,BID
1444959012,1650.23,0.0125,BID
1444959015,1650.42,0.02,BID
1444959015,1650.43,0.13,BID
1444959016,1650.25,3.451,BID
1444959017,1650.24,0.028,ASK
1444959021,1650.23,0.028,BID
1444959027,1650.24,0.028,ASK
1444959027,1650.24,0.028,ASK
1444959029,1650.25,0.056,ASK
1444959030,1650.41,0.03,BID
1444959030,1650.41,0.064,BID
1444959030,1650.25,0.004,ASK
1444959030,1650.25,0.0304,ASK
1444959031,1650.24,0.0256,BID
1444959031,1650.42,0.0684,BID
1444959034,1650.41,0.0304,BID
1444959034,1650.42,0.0636,BID
1444959039,1649.57,0.016,BID
1444959040,1649.57,0.01,BID
1444959041,1649.57,0.0738,BID
1444959053,1649.86,0.01,BID
1444959054,1649.86,0.05,BID
1444959054,1649.87,0.002,BID
1444959054,1650.38,0.173,BID
1444959054,1650.39,0.0168,BID
1444959054,1650.4,0.336,BID
1444959056,1650.42,0.078,ASK
1444959057,1650.42,0.4813,ASK
1444959058,1650.42,1.291,ASK
1444959059,1650.42,0.078,ASK
1444959062,1650.42,0.164,ASK
1444959062,1650.42,0.01,ASK
1444959062,1650.42,0.0998,ASK
1444959064,1650.46,0.0103,BID
1444959064,1650.47,0.0677,BID
1444959067,1650.43,0.455,ASK
1444959069,1650.43,0.9354,ASK
1444959069,1650.43,0.0103,ASK
1444959069,1650.42,0.4063,ASK
1444959069,1650.42,1.39,ASK
1444959069,1650.42,0.993,ASK
1444959069,1650.42,0.01,ASK
1444959070,1650.43,0.0787,ASK
1444959070,1650.42,1.2643,ASK
1444959070,1650.42,0.297,ASK
1444959070,1650.42,0.993,ASK
1444959070,1650.42,1.51,ASK
1444959071,1650.42,0.5,ASK
1444959071,1650.42,1.9751,ASK
1444959075,1649.93,0.116,BID
1444959075,1650.41,0.6359,BID
1444959075,1650.41,0.4541,BID
1444959075,1650.41,0.0459,BID
1444959075,1650.47,0.1383,BID
1444959075,1650.49,0.0168,BID
1444959075,1650.5,0.336,BID
1444959075,1650.5,0.0136,BID
1444959075,1650.5,0.1464,BID
1444959075,1650.5,0.298,BID
1444959087,1649.97,0.06,ASK
1444959087,1649.95,0.0116,ASK
1444959087,1649.94,0.116,ASK
1444959087,1649.93,0.0305,BID
1444959088,1649.87,0.011,ASK
1444959096,1649.87,0.049,ASK
1444959096,1649.63,0.021,ASK
1444959096,1649.62,0.4,ASK
1444959096,1649.58,0.049,ASK
1444959100,1649.58,0.0348,ASK
1444959100,1649.58,0.1643,ASK
1444959102,1649.57,1.087,ASK
1444959103,1649.57,0.4951,ASK
1444959103,1649.57,0.0049,ASK
1444959108,1649.57,0.5,ASK
1444959109,1649.58,0.6,ASK
1444959109,1649.57,0.4,ASK
1444959113,1649.57,0.5,ASK
1444959114,1649.57,0.114,ASK
1444959116,1649.57,0.855,ASK
1444959126,1649.57,0.5,ASK
1444959132,1649.57,0.186,ASK
1444959135,1649.57,0.5,ASK
1444959137,1649.57,0.506,ASK
1444959138,1649.57,0.5,ASK
1444959145,1649.9,0.06,BID
1444959145,1649.9,0.01,BID
1444959145,1649.91,0.01,BID
1444959147,1649.93,0.196,ASK
1444959148,1649.93,0.575,ASK
1444959150,1649.93,0.575,ASK
1444959151,1649.93,0.5,ASK
1444959153,1649.93,0.01,ASK
1444959154,1649.93,0.5,ASK
1444959155,1649.94,18.466,ASK
1444959161,1649.94,0.06,ASK
1444959161,1649.93,0.135,ASK
1444959162,1649.93,0.268,ASK
1444959162,1649.93,0.1915,ASK
1444959162,1649.57,0.0425,ASK
1444959166,1649.57,0.01,ASK
1444959167,1649.57,0.3416,ASK
1444959167,1649.57,0.1584,ASK
1444959169,1649.57,0.3034,ASK
1444959172,1649.57,0.4,BID
1444959174,1649.57,0.11,BID
1444959179,1649.87,0.002,BID
1444959179,1649.94,0.01,BID
1444959179,1649.95,0.0998,BID
1444959179,1650.37,0.002,BID
1444959180,1650.37,0.0072,ASK
1444959193,1649.59,0.01,ASK
1444959194,1649.58,0.0277,ASK
1444959211,1649.91,0.06,BID
1444959211,1649.92,0.037,BID
1444959211,1649.92,0.0145,BID
1444959211,1649.93,0.9805,BID
1444959218,1649.59,0.01,ASK
1444959226,1649.6,0.06,ASK
1444959226,1649.59,0.0086,ASK
1444959226,1649.59,0.01,ASK
1444959226,1649.58,0.0212,ASK
1444959228,1649.58,0.01,ASK
1444959230,1649.58,0.01,ASK
1444959239,1649.58,0.01,ASK
1444959241,1649.92,0.049,BID
1444959242,1649.58,0.3211,ASK
1444959242,1649.58,0.7713,BID
1444959242,1649.92,0.011,BID
1444959242,1649.93,0.0489,BID
1444959244,1649.94,4.493,BID
1444959245,1649.93,0.9396,ASK
1444959246,1649.98,0.0305,BID
1444959246,1649.98,0.0265,BID
1444959246,1649.99,0.4,BID
1444959246,1649.99,0.0215,BID
1444959246,1649.99,0.0819,BID
1444959246,1650.0,13.8245,BID
1444959249,1649.94,0.0344,ASK
1444959249,1649.93,0.7896,ASK
1444959249,1649.93,0.01,ASK
1444959249,1649.98,0.6,BID
1444959249,1649.99,0.0441,BID
1444959249,1650.0,0.9542,BID
1444959257,1649.93,0.0312,ASK
1444959261,1649.99,0.034,BID
1444959263,1649.99,0.0004,BID
1444959263,1650.0,2.7386,BID
1444959263,1650.0,0.4,BID
1444959263,1650.0,0.6,BID
1444959264,1649.99,0.2628,BID
1444959264,1650.0,0.0372,BID
1444959264,1650.0,0.4,BID
1444959265,1650.0,0.4,BID
1444959265,1649.99,3.0,BID
1444959265,1649.99,8.927,BID
1444959266,1650.0,0.135,BID
1444959266,1650.0,0.2628,BID
1444959267,1650.0,0.6061,BID
1444959271,1650.0,0.4,BID
1444959272,1650.0,0.6061,BID
1444959277,1650.0,0.4,BID
1444959278,1650.0,0.4,BID
1444959284,1650.0,0.4,BID
1444959285,1650.0,0.15,BID
1444959285,1650.0,0.452,BID
1444959285,1650.0,0.6061,BID
1444959286,1650.0,0.6061,BID
1444959286,1650.0,0.4,BID
1444959286,1650.0,0.4,BID
1444959287,1650.0,1.417,BID
1444959287,1650.0,0.452,BID
1444959289,1650.0,0.317,BID
1444959291,1650.0,0.416,BID
1444959292,1650.0,0.6061,BID
1444959294,1650.0,0.364,BID
1444959296,1650.0,0.453,BID
1444959297,1650.0,0.1,BID
1444959298,1650.0,0.204,BID
1444959299,1649.95,5.0,BID
1444959299,1649.95,7.623,BID
1444959299,1650.0,0.01,BID
1444959299,1650.0,0.6,BID
1444959300,1650.0,0.6061,BID
1444959301,1650.0,0.6061,BID
1444959302,1650.0,0.6061,BID
1444959303,1650.0,0.338,BID
1444959303,1650.0,0.6061,BID
1444959303,1650.0,0.047,BID
1444959304,1650.0,1.7542,BID
1444959304,1650.06,3.0244,BID
1444959309,1650.37,0.002,BID
1444959309,1650.51,1.178,BID
1444959309,1650.51,2.0,BID
1444959310,1650.02,0.0305,ASK
1444959310,1650.01,0.6061,ASK
1444959310,1650.0,0.0048,ASK
1444959310,1649.94,0.01,ASK
1444959310,1649.94,0.0514,BID
1444959315,1650.51,0.55,BID
1444959318,1650.46,0.0305,BID
1444959318,1650.47,0.001,BID
1444959318,1650.51,0.5185,BID
1444959318,1650.51,0.01,BID
1444959319,1650.51,0.1,BID
1444959321,1650.51,0.6,BID
1444959322,1650.51,0.01,BID
1444959323,1650.51,0.3,BID
1444959324,1650.51,0.6,BID
1444959324,1650.51,0.6,BID
1444959324,1650.51,5.0,BID
1444959329,1650.51,0.01,BID
1444959329,1650.51,0.3,BID
1444959331,1650.51,0.6,BID
1444959332,1650.51,0.6,BID
1444959334,1649.85,0.01,ASK
1444959334,1649.84,0.01,ASK
1444959334,1649.83,0.189,ASK
1444959334,1649.59,0.27,ASK
1444959334,1649.58,0.3055,ASK
1444959353,1649.68,0.002,ASK
1444959353,1649.61,0.01,ASK
1444959353,1649.6,0.0878,ASK
1444959361,1650.48,0.01,BID
1444959367,1650.48,0.0153,BID
1444959367,1650.49,0.3055,BID
1444959367,1650.49,0.0402,BID
1444959371,1650.48,0.01,ASK
1444959374,1649.71,0.0305,ASK
1444959374,1649.7,0.002,ASK
1444959374,1649.64,0.02,ASK
1444959374,1649.63,0.4,ASK
1444959374,1649.62,0.6,ASK
1444959374,1649.62,3.9475,ASK
1444959375,1650.48,0.01,BID
1444959384,1650.48,0.0305,BID
1444959384,1650.48,0.02,BID
1444959384,1650.49,0.4,BID
1444959384,1650.5,0.1138,BID
1444959384,1650.51,0.0177,BID
1444959385,1649.65,9.0,BID
1444959385,1649.65,9.616,BID
1444959392,1650.46,0.05,BID
1444959392,1650.47,0.03,BID
1444959392,1650.48,0.502,BID
1444959396,1650.48,0.098,BID
1444959396,1650.5,0.0507,BID
1444959396,1650.51,4.6872,BID
1444959396,1650.51,0.0208,BID
1444959396,1650.51,4.96,BID
1444959396,1650.7,0.188,BID
1444959396,1650.87,0.002,BID
1444959396,1651.03,3.03,BID
1444959396,1651.21,1.8199,BID
1444959396,1651.37,0.002,BID
1444959396,1651.4,0.012,BID
1444959396,1651.98,4.0,BID
1444959396,1652.0,0.3,BID
1444959396,1652.14,0.417,BID
1444959396,1652.16,0.0998,BID
1444959396,1652.21,0.491,BID
1444959396,1652.39,0.364,BID
1444959396,1652.53,1.67,BID
1444959396,1652.99,0.003,BID
1444959396,1653.0,4.4511,BID
1444959396,1653.0,0.3,BID
1444959396,1653.17,1.76,BID
1444959396,1653.31,2.3,BID
1444959396,1653.51,2.4609,BID
1444959396,1653.81,1.7811,BID
1444959405,1650.91,0.3,BID
1444959405,1649.79,19.156,BID
1444959435,1650.13,0.01,ASK
1444959450,1650.16,0.0185,ASK
1444959468,1650.19,0.03,ASK
1444959468,1650.18,0.6,ASK
1444959468,1650.18,0.0215,ASK
1444959468,1650.17,0.4,ASK
1444959468,1650.16,0.0695,ASK
1444959468,1650.15,1.3901,ASK
1444959468,1650.12,1.0,ASK
1444959468,1650.11,0.002,ASK
1444959468,1650.0,0.3,ASK
1444959468,1649.87,0.014,ASK
1444959468,1649.79,1.4114,ASK
1444959476,1650.21,0.0305,ASK
1444959476,1650.2,0.0051,ASK
1444959482,1650.23,0.01,ASK
1444959491,1651.05,0.01,BID
1444959491,1651.06,0.002,BID
1444959491,1651.12,0.02,BID
1444959492,1651.25,0.134,ASK
1444959494,1651.25,0.4,ASK
1444959494,1651.25,0.4,ASK
1444959494,1651.25,0.034,ASK
1444959502,1650.75,0.6,BID
1444959502,1650.77,0.0305,ASK
1444959503,1650.77,0.01,ASK
1444959516,1651.19,0.03,BID
1444959516,1651.2,0.27,BID
1444959554,1650.43,0.01,ASK
1444959558,1650.45,0.025,ASK
1444959561,1651.13,0.01,BID
1444959561,1651.13,0.025,BID
1444959561,1651.14,0.0165,BID
1444959564,1651.14,0.047,ASK
1444959568,1651.14,0.0226,ASK
1444959570,1650.5,0.0312,ASK
1444959571,1650.64,0.0104,BID
1444959596,1651.13,0.0303,BID
1444959596,1651.13,0.33,BID
1444959596,1651.14,0.2765,BID
1444959599,1651.13,2.0,BID
1444959599,1651.13,12.0,BID
1444959599,1651.13,3.83,BID
1444959603,1651.11,0.17,BID
1444959609,1651.13,0.0165,BID
1444959609,1651.14,0.33,BID
1444959609,1651.17,0.4,BID
1444959609,1651.18,3.5155,BID
1444959630,1651.17,0.0252,BID
1444959630,1651.17,0.021,BID
1444959630,1651.18,0.9538,BID
1444959653,1650.53,0.01,ASK
1444959653,1650.51,0.0484,ASK
1444959655,1650.51,0.0305,BID
1444959655,1650.51,0.06,BID
1444959656,1650.51,0.17,BID
1444959656,1650.51,0.4,BID
1444959657,1650.51,0.01,BID
1444959657,1650.51,0.6059,BID
1444959661,1650.51,0.01,BID
1444959664,1650.5,0.007,ASK
1444959668,1650.51,0.1,BID
1444959670,1650.51,8.4328,BID
1444959670,1650.51,1.3901,BID
1444959670,1650.6,0.06,BID
1444959672,1651.0,0.002,ASK
1444959680,1651.01,0.4,ASK
1444959680,1651.01,0.06,ASK
1444959681,1651.0,0.46,ASK
1444959683,1651.17,0.0154,BID
1444959683,1651.18,0.3083,BID
1444959683,1651.18,0.033,BID
1444959683,1651.19,0.6433,BID
1444959685,1651.01,0.1,ASK
1444959713,1651.02,0.0303,ASK
1444959713,1651.01,0.5,ASK
1444959713,1651.01,0.0909,ASK
1444959713,1651.01,0.0757,ASK
1444959713,1651.0,10.5519,ASK
1444959715,1650.53,23.0,ASK
1444959715,1650.53,20.0,ASK
1444959715,1650.53,13.314,ASK
1444959727,1650.55,0.46,ASK
1444959727,1650.52,0.1456,ASK
1444959728,1650.98,0.06,BID
1444959728,1651.18,0.0811,BID
1444959728,1651.18,0.01,BID
1444959745,1651.18,0.0305,BID
1444959745,1651.19,0.0706,BID
1444959745,1651.2,0.504,BID
1444959754,1650.55,0.06,BID
1444959755,1650.55,0.6059,BID
1444959755,1650.55,0.578,BID
1444959755,1650.55,0.234,BID
1444959756,1650.55,0.6,BID
1444959756,1650.55,0.6059,BID
1444959757,1650.55,0.6059,BID
1444959758,1650.55,0.01,BID
1444959759,1650.55,0.455,BID
1444959760,1650.55,0.1263,BID
1444959767,1650.81,0.01,BID
1444959775,1650.82,0.013,BID
1444959785,1650.57,0.01,BID
1444959786,1650.57,0.0138,BID
1444959811,1650.6,0.0161,ASK
1444959826,1650.81,0.05,BID
1444959827,1650.82,0.0182,BID
1444959828,1650.82,0.0138,ASK
1444959828,1650.82,0.018,ASK
1444959828,1650.81,2.562,ASK
1444959828,1650.81,2.0,ASK
1444959830,1650.87,0.002,BID
1444959830,1650.99,0.02,BID
1444959830,1650.99,0.0152,BID
1444959830,1651.0,0.1628,BID
1444959844,1650.84,0.03,ASK
1444959845,1650.84,0.03,ASK
1444959845,1650.84,0.03,ASK
1444959847,1650.82,0.01,ASK
1444959848,1650.82,0.01,ASK
1444959850,1650.82,0.0487,ASK
1444959850,1650.82,0.02,ASK
1444959851,1650.81,0.0687,ASK
1444959854,1650.81,0.2434,ASK
1444959855,1650.82,0.0311,BID
1444959855,1650.83,0.0905,BID
1444959855,1650.92,0.06,BID
1444959855,1650.99,0.0687,BID
1444959855,1651.0,3.9283,BID
1444959855,1651.0,0.3,BID
1444959856,1651.0,0.002,ASK
1444959856,1651.0,0.017,ASK
1444959857,1651.01,20.022,BID
1444959858,1651.0,0.01,ASK
1444959859,1651.0,0.01,ASK
1444959861,1651.0,0.013,ASK
1444959865,1651.01,0.06,ASK
1444959865,1651.0,1.94,ASK
1444959866,1651.0,0.65,ASK
1444959874,1651.01,0.3,ASK
1444959874,1651.01,0.6,ASK
1444959875,1651.01,0.4735,ASK
1444959875,1651.0,2.5265,ASK
1444959875,1651.0,0.5,ASK
1444959876,1651.0,0.65,ASK
1444959877,1651.0,3.0,ASK
1444959878,1651.0,0.65,ASK
1444959879,1651.0,0.65,ASK
1444959879,1651.0,1.622,ASK
1444959880,1651.0,0.65,ASK
