timestamp,price,amount,side
1443484401,1563.67,0.0004,BID
1443484401,1563.79,0.0006,BID
1443484404,1563.2,0.853,ASK
1443484415,1563.2,0.001,BID
1443484418,1563.19,0.463,BID
1443484419,1563.19,0.0009,BID
1443484422,1563.79,0.001,BID
1443484424,1563.22,17.0,BID
1443484424,1563.22,3.464,BID
1443484429,1563.79,0.01,BID
1443484438,1563.79,0.0087,BID
1443484441,1563.79,0.001,BID
1443484442,1563.2,0.0086,ASK
1443484476,1563.21,0.0091,ASK
1443484479,1563.78,0.001,ASK
1443484480,1563.21,0.0271,BID
1443484481,1563.21,0.0719,BID
1443484482,1563.79,0.01,BID
1443484494,1563.78,0.0091,BID
1443484494,1563.79,0.1077,BID
1443484494,1564.19,0.0902,BID
1443484494,1564.19,0.0913,BID
1443484494,1564.2,0.001,BID
1443484494,1564.2,0.66,BID
1443484502,1563.25,0.001,ASK
1443484504,1564.19,0.0153,BID
1443484504,1564.2,0.0847,BID
1443484535,1563.77,0.001,BID
1443484543,1563.77,0.001,BID
1443484560,1563.77,0.0148,BID
1443484562,1563.92,0.05,BID
1443484562,1564.17,0.001,BID
1443484564,1563.92,0.01,ASK
1443484566,1564.01,0.01,ASK
1443484566,1563.93,0.493,ASK
1443484567,1564.16,7.9979,BID
1443484567,1564.16,0.01,BID
1443484567,1564.17,2.2656,BID
1443484568,1563.94,0.01,ASK
1443484574,1563.25,0.0018,BID
1443484602,1563.77,0.001,ASK
1443484603,1563.75,0.001,BID
1443484603,1563.75,0.0002,BID
1443484603,1564.19,0.0008,BID
1443484632,1563.25,0.001,ASK
1443484633,1563.86,0.001,BID
1443484633,1564.18,0.002,BID
1443484644,1564.0,0.001,BID
1443484656,1563.05,0.0031,ASK
1443484656,1563.05,0.0029,ASK
1443484656,1563.05,0.0698,BID
1443484659,1563.05,0.6,BID
1443484660,1563.05,0.6398,BID
1443484660,1563.05,0.6398,BID
1443484661,1563.05,0.6398,BID
1443484661,1563.05,0.6398,BID
1443484661,1563.05,0.6398,BID
1443484661,1563.05,0.6398,BID
1443484662,1563.05,0.6398,BID
1443484662,1563.05,0.6398,BID
1443484662,1563.05,0.6398,BID
1443484663,1563.02,2.16,ASK
1443484663,1563.0,0.3,ASK
1443484663,1563.0,6.3472,ASK
1443484663,1563.05,0.6398,BID
1443484663,1563.05,0.03,BID
1443484663,1563.05,0.6398,BID
1443484663,1563.05,0.6398,BID
1443484665,1563.01,0.6,BID
1443484666,1563.01,0.001,BID
1443484666,1563.01,0.049,BID
1443484666,1563.01,0.5908,BID
1443484666,1563.01,0.0592,BID
1443484666,1563.01,0.5806,BID
1443484667,1563.01,0.0694,BID
1443484669,1563.05,0.02,BID
1443484674,1563.03,0.001,ASK
1443484678,1563.05,1.3057,BID
1443484679,1563.05,0.6398,BID
1443484679,1563.05,0.6398,BID
1443484679,1563.05,0.6398,BID
1443484681,1563.05,0.6398,BID
1443484681,1563.05,0.6398,BID
1443484681,1563.05,0.6398,BID
1443484682,1563.05,0.6398,BID
1443484682,1563.05,0.6398,BID
1443484682,1563.05,0.6398,BID
1443484683,1563.05,0.6398,BID
1443484683,1563.05,0.6398,BID
1443484683,1563.05,0.6398,BID
1443484684,1563.05,0.001,BID
1443484684,1563.05,0.6398,BID
1443484684,1563.05,0.6398,BID
1443484684,1563.05,0.6398,BID
1443484685,1563.05,0.6398,BID
1443484685,1563.05,0.0562,BID
1443484686,1563.06,0.5,ASK
1443484703,1563.06,0.001,ASK
1443484731,1563.08,0.001,ASK
1443484731,1563.21,0.0031,BID
1443484749,1563.08,0.0033,ASK
1443484750,1563.21,0.003,BID
1443484772,1563.08,0.001,ASK
1443484773,1563.21,0.002,BID
1443484773,1563.09,4.0,ASK
1443484773,1563.09,15.184,ASK
1443484788,1563.09,0.0161,ASK
1443484788,1563.08,0.0609,ASK
1443484788,1563.08,0.261,ASK
1443484788,1563.08,0.0008,ASK
1443484788,1563.07,0.1321,ASK
1443484791,1563.07,0.001,BID
1443484818,1563.06,0.0028,ASK
1443484849,1563.06,0.0013,ASK
1443484850,1563.2,0.001,BID
1443484864,1563.2,0.0211,BID
1443484864,1563.21,0.4419,BID
1443484870,1563.22,0.1,ASK
1443484871,1563.22,0.363,ASK
1443484871,1563.22,0.1,ASK
1443484871,1563.22,0.3,ASK
1443484871,1563.22,0.35,ASK
1443484871,1563.22,0.05,ASK
1443484871,1563.21,0.0221,ASK
1443484871,1563.21,0.0221,ASK
1443484871,1563.21,0.0221,ASK
1443484871,1563.21,0.1,ASK
1443484871,1563.07,0.0087,ASK
1443484874,1563.21,0.4337,BID
1443484874,1563.21,0.65,BID
1443484874,1563.21,0.65,BID
1443484874,1563.21,0.2663,BID
1443484875,1563.21,0.3837,BID
1443484875,1563.21,0.256,BID
1443484875,1563.21,0.394,BID
1443484875,1563.21,0.2457,BID
1443484875,1563.21,0.1043,BID
1443484876,1563.37,0.001,BID
1443484876,1563.68,0.002,BID
1443484876,1563.69,0.001,BID
1443484876,1563.98,0.001,BID
1443484876,1563.98,0.001,BID
1443484876,1563.99,0.015,BID
1443484876,1563.99,0.0912,BID
1443484876,1564.0,0.3,BID
1443484876,1564.0,0.7678,BID
1443484883,1563.23,0.0268,ASK
1443484883,1563.23,0.0602,ASK
1443484901,1563.95,0.0163,BID
1443484904,1563.94,0.072,BID
1443484906,1564.06,0.0246,ASK
1443484908,1564.06,0.0012,ASK
1443484909,1564.06,0.01,ASK
1443484910,1564.06,0.2542,ASK
1443484910,1563.24,0.01,ASK
1443484910,1563.06,0.0008,BID
1443484910,1563.36,0.0002,ASK
1443484910,1563.03,0.0847,ASK
1443484910,1563.03,0.0263,ASK
1443484910,1563.03,0.0261,ASK
1443484910,1563.0,0.1227,ASK
1443484911,1563.01,0.01,ASK
1443484920,1564.04,0.0396,BID
1443484920,1564.05,0.0004,BID
1443484921,1564.03,0.265,BID
1443484924,1564.03,0.01,BID
1443484928,1564.04,0.02,BID
1443484930,1564.03,0.07,BID
1443484932,1564.04,0.018,BID
1443484933,1564.0,0.001,ASK
1443484934,1564.03,0.001,BID
1443484937,1564.04,0.0018,BID
1443484937,1564.04,0.0182,BID
1443484938,1564.03,0.566,BID
1443484941,1564.02,0.0742,BID
1443484941,1564.03,0.7638,BID
1443484941,1563.02,0.0505,ASK
1443484941,1563.02,0.0396,ASK
1443484941,1563.02,0.0099,ASK
1443484942,1564.03,0.171,BID
1443484943,1564.03,0.03,BID
1443484944,1564.03,0.382,BID
1443484945,1564.03,0.4,BID
1443484947,1564.02,0.1149,BID
1443484947,1564.02,0.014,BID
1443484948,1564.04,0.0196,ASK
1443484950,1564.05,0.2638,BID
1443484950,1564.05,0.2452,BID
1443484952,1564.05,0.019,BID
1443484952,1564.05,0.2642,BID
1443484954,1564.08,0.001,BID
1443484954,1564.21,0.1,BID
1443484954,1564.25,0.001,BID
1443484954,1564.28,0.001,BID
1443484954,1564.31,0.004,BID
1443484954,1564.35,0.001,BID
1443484954,1564.37,0.001,BID
1443484954,1564.41,0.47,BID
1443484954,1564.5,0.3,BID
1443484955,1564.63,0.0022,ASK
1443484972,1564.64,0.001,BID
1443484972,1564.8,0.118,BID
1443484988,1564.63,0.0024,BID
1443484988,1564.8,0.2976,BID
1443485006,1564.8,0.8844,BID
1443485006,1564.81,0.03,BID
1443485006,1565.0,0.3,BID
1443485006,1565.07,4.2939,BID
1443485006,1565.08,0.001,BID
1443485006,1565.2,0.001,BID
1443485006,1565.2,0.1,BID
1443485006,1565.44,0.001,BID
1443485006,1565.46,0.001,BID
1443485006,1565.51,0.001,BID
1443485006,1565.55,0.001,BID
1443485006,1565.56,0.008,BID
1443485006,1565.6,6.0,BID
1443485006,1565.61,0.001,BID
1443485006,1565.7,0.1,BID
1443485006,1565.71,0.0006,BID
1443485006,1565.78,0.389,BID
1443485006,1565.79,1.3279,BID
1443485006,1565.8,6.0,BID
1443485006,1565.9,6.0,BID
1443485006,1566.0,7.8364,BID
1443485006,1566.0,0.3,BID
1443485006,1566.0,0.1,BID
1443485006,1566.0,6.0,BID
1443485006,1566.0,6.0,BID
1443485006,1566.03,0.728,BID
1443485006,1566.1,6.0,BID
1443485006,1566.11,0.04,BID
1443485006,1566.18,0.1,BID
1443485006,1566.19,0.001,BID
1443485006,1566.23,0.426,BID
1443485006,1566.32,0.001,BID
1443485006,1566.58,0.259,ASK
1443485006,1566.58,0.0026,ASK
1443485006,1566.58,0.431,ASK
1443485007,1566.58,0.33,ASK
1443485007,1566.58,1.0572,ASK
1443485007,1566.58,5.5633,ASK
1443485010,1564.51,9.752,BID
1443485024,1565.02,0.001,ASK
1443485042,1565.03,0.085,ASK
1443485042,1565.03,0.0255,ASK
1443485042,1565.03,0.0895,ASK
1443485044,1565.03,0.003,ASK
1443485046,1565.63,0.001,BID
1443485065,1565.01,0.015,ASK
1443485065,1565.0,0.3,ASK
1443485074,1564.8,0.001,ASK
1443485074,1564.69,0.001,ASK
1443485074,1564.51,0.001,ASK
1443485074,1564.5,0.001,ASK
1443485074,1564.07,0.246,ASK
1443485074,1564.07,0.199,ASK
1443485075,1564.07,0.2,ASK
1443485075,1564.99,12.909,ASK
1443485098,1565.69,0.001,BID
1443485098,1565.7,0.01,BID
1443485098,1565.71,0.001,BID
1443485098,1565.95,0.0417,BID
1443485098,1565.98,0.0457,BID
1443485098,1565.98,0.1306,BID
1443485098,1565.99,5.0,BID
1443485098,1566.0,0.3,BID
1443485098,1566.1,0.004,BID
1443485098,1566.14,0.8,BID
1443485098,1566.14,0.399,BID
1443485098,1566.19,0.001,BID
1443485098,1566.2,0.0268,BID
1443485107,1564.79,0.001,BID
1443485114,1565.02,0.01,ASK
1443485116,1565.01,0.0149,ASK
1443485116,1565.0,0.0851,ASK
1443485116,1565.03,0.01,ASK
1443485116,1565.03,0.01,ASK
1443485117,1565.92,6.0,ASK
1443485117,1565.92,1.558,ASK
1443485118,1565.03,0.38,ASK
1443485120,1565.02,17.0,ASK
1443485120,1565.02,5.392,ASK
1443485123,1565.01,0.003,ASK
1443485153,1565.01,0.0077,ASK
1443485153,1565.0,0.2123,ASK
1443485154,1565.0,0.001,ASK
1443485163,1565.0,0.0006,ASK
1443485163,1564.81,0.1486,ASK
1443485163,1564.81,0.0124,ASK
1443485163,1564.8,0.0414,ASK
1443485163,1564.8,0.5,ASK
1443485163,1564.8,0.284,ASK
1443485177,1564.79,0.052,ASK
1443485181,1564.8,0.28,BID
1443485182,1564.8,0.6391,BID
1443485182,1564.8,0.2686,BID
1443485185,1564.82,0.1,ASK
1443485185,1564.81,0.3705,ASK
1443485185,1564.81,0.0295,ASK
1443485186,1564.81,0.1,ASK
1443485186,1564.81,0.5096,ASK
1443485188,1564.79,0.5,ASK
1443485189,1564.79,0.65,ASK
1443485189,1564.79,0.65,ASK
1443485189,1564.79,0.65,ASK
1443485190,1564.8,0.14,BID
1443485190,1564.79,0.65,ASK
1443485190,1564.79,0.348,ASK
1443485190,1564.79,0.001,ASK
1443485190,1564.79,0.001,ASK
1443485191,1564.23,0.04,ASK
1443485191,1564.78,0.3,BID
1443485191,1564.8,0.0004,BID
1443485191,1564.8,0.3387,BID
1443485192,1564.8,0.3113,BID
1443485192,1564.8,0.3278,BID
1443485192,1564.8,0.3222,BID
1443485193,1564.81,0.0481,ASK
1443485195,1564.81,0.21,ASK
1443485199,1564.81,0.01,ASK
1443485203,1564.81,0.0078,ASK
1443485209,1564.81,0.01,ASK
1443485209,1564.81,0.031,ASK
1443485209,1564.81,0.239,ASK
1443485213,1564.81,0.01,ASK
1443485214,1564.81,0.01,ASK
1443485215,1564.81,0.1,ASK
1443485216,1564.81,0.01,ASK
1443485218,1564.81,0.2701,ASK
1443485218,1564.81,0.6391,ASK
1443485218,1564.79,0.001,ASK
1443485238,1564.79,0.0088,BID
1443485238,1564.8,0.001,BID
1443485238,1565.4,0.0209,ASK
1443485240,1565.4,0.017,ASK
1443485241,1565.4,0.0523,ASK
1443485241,1564.82,14.0,ASK
1443485241,1564.82,6.352,ASK
1443485248,1564.48,0.001,ASK
1443485249,1564.48,0.001,BID
1443485257,1564.48,0.0011,BID
1443485257,1564.83,0.01,BID
1443485257,1565.19,0.001,BID
1443485279,1564.19,0.0021,ASK
1443485280,1564.48,0.003,ASK
1443485280,1564.22,0.004,ASK
1443485316,1564.22,0.0013,BID
1443485325,1564.22,0.0013,ASK
1443485355,1564.31,0.0025,ASK
1443485357,1564.31,0.7614,ASK
1443485376,1564.31,0.001,ASK
1443485397,1564.31,0.001,ASK
1443485419,1564.39,0.002,ASK
1443485423,1565.15,0.02,BID
1443485425,1565.18,0.08,ASK
1443485426,1564.52,0.01,ASK
1443485426,1564.53,5.0,ASK
1443485426,1564.53,8.137,ASK
1443485432,1564.52,0.0023,BID
1443485433,1564.52,0.1497,BID
1443485441,1564.85,0.001,ASK
1443485448,1565.19,0.099,BID
1443485448,1565.38,0.0104,BID
1443485448,1565.39,0.0693,BID
1443485448,1565.39,0.0693,BID
1443485448,1565.39,0.069,BID
1443485451,1564.72,0.0041,ASK
1443485451,1564.72,0.0145,ASK
1443485451,1564.71,0.0814,ASK
1443485451,1565.17,0.016,BID
1443485451,1565.18,0.084,BID
1443485452,1565.18,0.236,BID
1443485460,1565.21,0.1,ASK
1443485460,1565.39,0.0003,BID
1443485466,1565.39,0.003,ASK
1443485466,1565.43,0.0038,BID
1443485466,1565.42,4.0,ASK
1443485466,1565.42,5.353,ASK
1443485467,1565.44,0.001,BID
1443485468,1565.44,0.0038,ASK
1443485469,1565.44,0.1,ASK
1443485470,1565.44,0.3952,ASK
1443485472,1565.0,0.01,ASK
1443485474,1565.43,0.1,BID
1443485474,1565.43,0.0038,BID
1443485474,1565.43,0.499,BID
1443485474,1565.43,0.3542,BID
1443485476,1565.42,0.031,BID
1443485476,1565.42,0.01,BID
1443485481,1565.42,0.017,BID
1443485482,1565.42,0.0052,BID
1443485482,1565.42,0.015,BID
1443485482,1565.43,0.141,BID
1443485482,1565.43,0.2388,BID
1443485483,1564.72,0.0104,ASK
1443485483,1564.71,0.0896,ASK
1443485485,1565.43,0.2564,BID
1443485485,1565.43,0.1436,BID
1443485488,1565.42,0.0962,BID
1443485488,1565.42,0.0104,BID
1443485488,1565.43,0.2934,BID
1443485489,1565.43,0.0582,BID
1443485490,1565.44,0.001,BID
1443485493,1565.57,0.001,BID
1443485493,1565.59,0.0021,BID
1443485493,1565.62,0.001,BID
1443485493,1565.63,0.001,BID
1443485493,1565.98,0.001,BID
1443485493,1566.0,0.0039,BID
1443485495,1565.43,0.009,ASK
1443485503,1565.44,0.0131,ASK
1443485503,1565.43,0.0029,ASK
1443485508,1565.99,0.0037,BID
1443485512,1565.99,0.0094,BID
1443485512,1566.0,0.2146,BID
1443485512,1565.46,0.001,ASK
1443485523,1566.0,0.0815,BID
1443485532,1566.01,0.001,ASK
1443485541,1566.17,0.001,BID
1443485541,1566.18,0.1,BID
1443485541,1566.16,0.001,ASK
1443485543,1566.19,0.101,ASK
1443485543,1566.19,0.101,ASK
1443485543,1565.9,0.724,ASK
1443485543,1565.9,0.249,ASK
1443485543,1565.9,0.51,ASK
1443485544,1565.61,0.119,BID
1443485544,1565.61,0.0487,BID
1443485545,1565.61,0.102,BID
1443485545,1565.61,0.6,BID
1443485545,1565.61,0.4,BID
1443485548,1565.61,0.874,BID
1443485548,1565.61,0.501,BID
1443485548,1565.61,0.6,BID
1443485549,1565.61,0.2,BID
1443485551,1565.61,0.6,BID
1443485551,1565.24,18.849,BID
1443485553,1565.61,1.0,BID
1443485554,1565.61,0.2554,BID
1443485554,1565.61,0.0101,ASK
1443485560,1566.17,0.0101,BID
1443485560,1566.18,0.101,BID
1443485560,1566.18,0.063,BID
1443485564,1565.6,0.001,BID
1443485584,1565.29,0.005,ASK
1443485597,1566.17,0.005,BID
1443485597,1566.18,0.033,BID
1443485605,1565.64,0.01,ASK
1443485620,1565.66,0.04,ASK
1443485621,1565.66,0.025,ASK
1443485624,1566.18,0.005,BID
1443485624,1566.29,0.002,BID
1443485624,1566.4,0.003,BID
1443485624,1565.67,0.0012,ASK
1443485626,1566.39,1.0,ASK
1443485626,1566.39,4.619,ASK
1443485634,1566.18,0.1,ASK
1443485635,1566.18,0.65,ASK
1443485636,1566.18,0.65,ASK
1443485636,1566.18,0.5,ASK
1443485636,1566.19,0.5032,ASK
1443485636,1566.18,0.1468,ASK
1443485636,1566.18,0.65,ASK
1443485637,1566.18,0.4957,ASK
1443485639,1566.17,0.0248,BID
1443485644,1566.16,0.065,BID
1443485644,1566.17,0.065,BID
1443485646,1566.01,0.0101,ASK
1443485646,1566.0,0.3699,ASK
1443485646,1566.0,0.02,ASK
1443485647,1566.0,0.65,ASK
1443485647,1566.0,0.65,ASK
1443485647,1566.0,0.65,ASK
1443485655,1566.16,0.0112,BID
1443485655,1566.16,0.0349,BID
1443485655,1566.16,0.0295,BID
1443485655,1566.17,0.0044,BID
1443485657,1566.16,0.0175,BID
1443485657,1566.17,0.0581,BID
1443485657,1566.17,0.002,BID
1443485657,1566.17,0.0736,BID
1443485657,1566.17,0.5764,BID
1443485657,1566.17,0.65,BID
1443485657,1566.17,0.65,BID
1443485657,1566.17,0.65,BID
1443485657,1566.17,0.65,BID
1443485669,1566.17,0.001,ASK
1443485687,1566.17,0.001,ASK
1443485687,1566.31,0.0293,BID
1443485688,1566.31,0.4739,BID
1443485688,1566.32,0.0293,BID
1443485688,1566.32,0.1807,BID
1443485689,1566.4,0.097,BID
1443485696,1566.66,0.001,BID
1443485696,1566.77,0.001,BID
1443485697,1566.32,0.0124,ASK
1443485697,1567.0,0.3,BID
1443485697,1567.0,6.0,BID
1443485697,1567.0,0.001,BID
1443485700,1567.06,0.2,ASK
1443485700,1567.01,0.502,ASK
1443485701,1567.01,0.0009,ASK
1443485701,1567.0,0.002,ASK
1443485717,1566.4,0.002,BID
1443485720,1567.0,0.75,ASK
1443485721,1567.0,0.248,ASK
1443485722,1566.39,0.01,ASK
1443485726,1567.05,0.02,BID
1443485729,1567.02,0.502,BID
1443485734,1567.0,0.0603,ASK
1443485735,1567.0,0.65,ASK
1443485735,1567.0,0.65,ASK
1443485736,1567.0,0.65,ASK
1443485736,1567.0,0.65,ASK
1443485736,1567.0,0.3397,ASK
1443485750,1566.64,0.502,ASK
1443485751,1566.98,0.01,BID
1443485751,1566.99,0.3103,BID
1443485751,1566.99,0.65,BID
1443485751,1566.99,0.65,BID
1443485753,1567.0,0.584,ASK
1443485753,1567.0,0.169,ASK
1443485753,1567.0,0.6,ASK
1443485753,1567.0,0.5,ASK
1443485753,1567.0,0.4,ASK
1443485755,1567.0,0.0129,ASK
1443485755,1567.0,0.5,ASK
1443485756,1567.0,0.6138,ASK
1443485756,1566.96,18.919,ASK
1443485763,1566.96,0.5029,BID
1443485763,1566.98,0.5122,BID
1443485763,1566.99,0.1649,BID
1443485764,1566.41,0.05,ASK
1443485764,1566.4,0.95,ASK
1443485767,1566.42,0.126,ASK
1443485768,1566.42,0.3772,ASK
1443485768,1566.4,0.05,ASK
1443485768,1566.35,0.0349,ASK
1443485768,1566.34,0.1509,ASK
1443485771,1566.98,0.05,BID
1443485771,1566.98,0.0318,BID
1443485771,1566.99,0.4851,BID
1443485771,1566.99,0.65,BID
1443485771,1567.0,0.5032,ASK
1443485773,1567.01,3.0,BID
1443485773,1567.01,1.0,BID
1443485773,1567.01,18.376,BID
1443485774,1567.0,0.5,ASK
1443485774,1567.0,0.308,ASK
1443485775,1567.0,0.01,ASK
1443485775,1567.0,0.4,ASK
1443485775,1567.05,0.18,BID
1443485775,1567.05,0.2,BID
1443485775,1567.14,0.26,BID
1443485775,1567.14,0.006,BID
1443485775,1567.18,0.001,BID
1443485775,1567.34,0.001,BID
1443485775,1567.45,0.002,BID
1443485775,1567.57,0.53,BID
1443485776,1567.0,0.5,ASK
1443485776,1567.0,0.102,ASK
1443485776,1567.0,0.102,ASK
1443485776,1567.0,0.102,ASK
1443485776,1567.0,0.102,ASK
1443485776,1567.0,0.102,ASK
1443485776,1567.0,0.102,ASK
1443485777,1567.01,9.634,ASK
1443485777,1567.0,0.01,ASK
1443485777,1567.0,0.036,ASK
1443485777,1567.0,0.102,ASK
1443485777,1567.0,0.1,ASK
1443485778,1567.0,0.032,ASK
1443485778,1567.0,0.6699,ASK
1443485800,1566.33,0.001,BID
1443485812,1566.35,0.001,BID
1443485813,1566.98,0.011,BID
1443485817,1566.69,0.0955,ASK
1443485817,1566.99,0.02,BID
1443485828,1566.99,0.1,BID
1443485833,1566.99,0.38,BID
1443485834,1567.0,0.6151,ASK
1443485839,1567.01,0.503,ASK
1443485845,1567.0,0.004,ASK
1443485847,1567.0,0.0009,ASK
1443485847,1567.0,0.9991,ASK
1443485847,1567.0,0.0009,ASK
1443485847,1566.05,0.2891,ASK
1443485875,1566.35,0.0087,ASK
1443485907,1566.17,0.0017,ASK
1443485913,1566.99,0.1509,BID
1443485913,1567.0,0.1715,BID
1443485932,1566.21,0.0011,ASK
1443485939,1566.24,0.01,ASK
1443485949,1566.24,0.5,ASK
1443485949,1566.24,0.6767,ASK
1443485951,1566.24,0.5,BID
1443485951,1566.25,0.5,ASK
1443485951,1566.25,0.0028,ASK
1443485953,1566.25,0.5,ASK
1443485953,1566.25,0.5,ASK
1443485954,1566.25,0.5,ASK
1443485955,1567.18,0.1,BID
1443485955,1566.25,0.5,ASK
1443485956,1566.25,0.5,ASK
1443485956,1567.17,3.0,ASK
1443485956,1567.17,3.0,ASK
1443485956,1567.17,2.333,ASK
1443485957,1566.26,0.1927,ASK
1443485957,1566.25,0.3073,ASK
1443485959,1567.17,0.0202,BID
1443485959,1567.18,0.1122,BID
1443485959,1567.19,1.9955,BID
1443485959,1567.19,0.0644,BID
1443485959,1567.2,5.1433,BID
1443485959,1567.29,1.0,BID
1443485959,1567.29,1.0,BID
1443485959,1567.29,0.6526,BID
1443485959,1566.25,0.5,ASK
1443485959,1566.25,0.5,ASK
1443485959,1566.25,0.18,ASK
1443485961,1566.25,0.5,ASK
1443485961,1566.26,0.0643,ASK
1443485961,1566.25,0.4357,ASK
1443485963,1566.26,0.0202,ASK
1443485963,1566.25,0.4798,ASK
1443485963,1566.25,0.17,ASK
1443485970,1566.25,3.6712,ASK
1443485970,1566.25,0.5,ASK
1443485970,1566.25,0.5,ASK
1443485970,1566.25,0.5,ASK
1443485970,1566.11,6.6008,ASK
1443485970,1566.1,3.1096,ASK
1443485991,1566.25,0.0101,BID
1443485997,1566.31,0.001,ASK
1443486006,1566.31,0.0089,ASK
1443486006,1566.25,0.0129,ASK
1443486006,1566.1,0.5782,ASK
1443486006,1566.1,0.6,ASK
1443486009,1566.1,0.4,ASK
1443486010,1566.1,0.3122,ASK
1443486010,1566.05,0.0028,ASK
1443486010,1566.03,0.001,ASK
1443486010,1566.02,4.683,ASK
1443486014,1566.02,0.1,ASK
1443486015,1566.02,0.01,ASK
1443486015,1566.02,0.007,ASK
1443486015,1566.02,0.643,ASK
1443486015,1566.02,0.65,ASK
1443486017,1566.02,0.1,ASK
1443486017,1566.02,0.01,ASK
1443486018,1566.02,0.01,ASK
1443486019,1566.02,0.1,ASK
1443486020,1566.02,0.01,ASK
1443486020,1566.02,0.5983,ASK
1443486023,1566.02,0.01,ASK
1443486025,1566.02,0.1587,ASK
1443486025,1566.0,2.6013,ASK
1443486025,1566.0,0.16,ASK
1443486026,1566.02,0.01,BID
1443486026,1566.07,0.0056,BID
1443486029,1566.07,0.01,BID
1443486030,1566.08,0.01,BID
1443486030,1566.01,0.1123,ASK
1443486030,1566.0,4.874,ASK
1443486031,1566.08,0.302,BID
1443486031,1566.3,0.0018,BID
1443486031,1566.78,0.026,BID
1443486031,1566.78,0.0333,BID
1443486031,1566.79,1.1867,BID
1443486031,1566.96,1.9741,BID
1443486032,1566.07,0.0151,BID
1443486046,1566.1,0.0096,ASK
1443486063,1566.1,0.01,ASK
1443486065,1566.11,0.0434,ASK
1443486065,1566.1,1.1806,ASK
1443486065,1566.1,0.0066,ASK
1443486066,1566.09,0.2969,ASK
1443486066,1566.09,0.312,ASK
1443486066,1566.09,0.312,ASK
1443486066,1566.08,0.8471,ASK
1443486068,1566.08,0.0034,ASK
1443486072,1566.08,0.0026,ASK
1443486072,1566.08,0.05,ASK
1443486072,1566.08,5.4819,ASK
1443486072,1566.0,2.5181,ASK
1443486074,1566.82,0.1,BID
1443486074,1566.93,0.0055,BID
1443486074,1566.0,0.31,ASK
1443486075,1566.93,0.0421,BID
1443486075,1566.93,0.0558,BID
1443486075,1566.93,0.0158,BID
1443486075,1566.93,0.0506,BID
1443486075,1566.93,0.2915,BID
1443486075,1566.93,0.3227,BID
1443486075,1566.93,0.1438,BID
1443486080,1566.01,0.01,ASK
1443486098,1566.02,0.1361,ASK
1443486098,1566.02,0.5,ASK
1443486110,1566.03,0.003,ASK
1443486137,1566.88,0.013,BID
1443486137,1566.89,0.087,BID
1443486140,1566.03,0.0264,ASK
1443486140,1566.02,0.0736,ASK
1443486141,1566.02,0.0264,ASK
1443486141,1566.02,0.0264,ASK
1443486142,1566.02,0.0264,ASK
1443486142,1566.03,13.498,ASK
1443486143,1566.02,0.4351,ASK
1443486143,1566.01,0.013,BID
1443486146,1566.01,0.01,BID
1443486147,1566.01,0.0034,BID
1443486147,1566.07,0.001,BID
1443486150,1566.18,0.01,ASK
1443486150,1566.0,0.09,ASK
1443486151,1566.0,0.3953,ASK
1443486152,1566.86,11.0,ASK
1443486152,1566.86,1.014,ASK
1443486163,1566.01,0.0018,ASK
1443486163,1566.06,0.002,ASK
1443486163,1566.01,0.098,ASK
1443486172,1566.01,0.0575,ASK
1443486172,1566.0,0.0425,ASK
1443486179,1566.87,0.0264,BID
1443486179,1566.87,0.013,BID
1443486179,1566.87,0.02,BID
1443486179,1566.88,1.1866,BID
1443486180,1566.01,13.0,BID
1443486180,1566.01,2.271,BID
1443486181,1566.01,0.0199,ASK
1443486181,1566.01,0.013,ASK
1443486181,1566.0,0.0671,ASK
1443486188,1566.01,0.001,ASK
1443486194,1566.01,0.0388,ASK
1443486194,1566.01,0.018,ASK
1443486194,1566.0,0.0432,ASK
1443486195,1566.0,5.0,ASK
1443486203,1566.0,0.1,ASK
1443486206,1566.0,1.5586,ASK
1443486206,1566.0,0.3,ASK
1443486206,1566.0,1.0,ASK
1443486206,1565.97,0.001,ASK
1443486206,1565.94,0.001,ASK
1443486206,1565.93,0.01,ASK
1443486206,1565.84,0.001,ASK
1443486206,1565.8,0.001,ASK
1443486206,1565.68,0.001,ASK
1443486206,1565.68,0.001,ASK
1443486206,1565.66,0.55,ASK
1443486206,1565.65,0.001,ASK
1443486206,1565.64,0.505,ASK
1443486206,1565.64,0.495,ASK
1443486206,1565.63,0.001,ASK
1443486206,1565.62,0.002,ASK
1443486206,1565.5,0.001,ASK
1443486206,1565.45,0.137,ASK
1443486206,1565.31,0.4334,ASK
1443486207,1566.0,0.001,BID
1443486213,1566.03,0.1,ASK
1443486213,1566.03,0.23,ASK
1443486213,1565.73,0.224,ASK
1443486213,1565.32,4.0,ASK
1443486213,1565.31,0.546,ASK
1443486216,1566.05,0.051,BID
1443486216,1566.05,0.75,BID
1443486216,1566.04,0.013,BID
1443486216,1566.05,0.387,BID
1443486218,1566.04,0.1,BID
1443486219,1566.04,0.0575,BID
1443486219,1566.05,0.4525,BID
1443486221,1566.04,0.0575,BID
1443486221,1566.05,0.0425,BID
1443486222,1566.05,0.4,BID
1443486222,1566.05,0.6,BID
1443486222,1565.49,0.1,ASK
1443486223,1566.05,0.525,BID
1443486224,1566.05,0.4,BID
1443486225,1566.05,0.05,BID
1443486225,1566.05,0.5158,BID
1443486231,1566.08,0.01,ASK
1443486231,1566.07,0.09,ASK
1443486235,1566.07,0.0031,ASK
1443486239,1566.07,0.1,ASK
1443486255,1566.79,0.01,BID
1443486255,1566.8,0.001,BID
1443486258,1566.8,0.001,ASK
1443486259,1566.8,0.01,ASK
1443486259,1566.8,0.4,ASK
1443486259,1566.8,1.748,ASK
1443486259,1566.08,0.0165,ASK
1443486259,1566.07,0.2355,ASK
1443486283,1565.74,0.001,BID
1443486300,1565.75,0.0014,ASK
1443486322,1566.71,0.001,BID
1443486322,1566.75,0.0165,BID
1443486322,1566.76,0.0825,BID
1443486326,1565.75,0.01,ASK
1443486327,1565.9,0.0021,ASK
1443486332,1565.91,0.0111,ASK
1443486332,1565.91,0.011,ASK
1443486332,1565.9,0.221,ASK
1443486332,1565.9,0.221,ASK
1443486332,1565.78,0.0954,ASK
1443486332,1565.77,0.1,ASK
1443486332,1565.76,2.0,ASK
1443486333,1565.5,0.011,BID
1443486334,1565.5,0.036,BID
1443486334,1565.5,0.155,BID
1443486334,1565.5,0.01,BID
1443486334,1565.5,3.059,BID
1443486335,1565.5,2.566,BID
1443486335,1565.5,0.54,BID
1443486335,1565.5,0.275,BID
1443486335,1565.5,0.102,BID
1443486335,1565.5,0.6388,BID
1443486335,1565.5,0.6388,BID
1443486335,1565.5,0.608,BID
1443486336,1565.5,0.103,BID
1443486336,1565.5,1.063,BID
1443486336,1565.5,0.6388,BID
1443486336,1565.5,0.6388,BID
1443486336,1565.5,0.5,BID
1443486337,1565.5,1.468,BID
1443486337,1565.5,0.6388,BID
1443486337,1565.5,0.6388,BID
1443486337,1565.5,0.6388,BID
1443486338,1565.5,0.38,BID
1443486338,1565.5,0.01,BID
1443486338,1565.5,0.6388,BID
1443486338,1565.5,0.6388,BID
1443486338,1565.5,0.6388,BID
1443486339,1565.5,5.0,BID
1443486339,1565.5,0.6388,BID
1443486339,1565.5,0.6388,BID
1443486339,1565.36,7.0,BID
1443486339,1565.36,7.0,BID
1443486339,1565.36,1.055,BID
1443486340,1565.5,0.5,BID
1443486340,1565.5,0.6388,BID
1443486340,1565.5,0.6388,BID
1443486341,1565.5,1.273,BID
1443486341,1565.5,2.8192,BID
1443486341,1565.5,1.251,BID
1443486341,1565.5,0.6388,BID
1443486341,1565.5,0.6388,BID
1443486341,1565.49,2.0,BID
1443486341,1565.49,7.0,BID
1443486341,1565.49,4.0,BID
1443486342,1565.49,0.0972,BID
1443486342,1565.5,0.9028,BID
1443486342,1565.5,0.08,BID
1443486342,1565.5,0.6388,BID
1443486342,1565.5,0.6388,BID
1443486342,1565.36,19.119,BID
1443486343,1565.5,0.01,BID
1443486343,1565.5,0.321,BID
1443486343,1565.5,0.6388,BID
1443486343,1565.5,0.2431,BID
1443486345,1565.51,0.0249,ASK
1443486345,1565.51,0.011,ASK
1443486375,1565.51,0.001,ASK
1443486390,1565.91,0.0082,ASK
1443486412,1565.91,0.0079,BID
1443486415,1566.39,0.006,ASK
1443486426,1566.39,0.0099,ASK
1443486443,1565.52,0.025,ASK
1443486443,1565.51,0.5,ASK
1443486445,1565.51,0.102,BID
1443486445,1565.51,0.025,BID
1443486446,1565.51,0.014,BID
1443486454,1565.51,0.734,BID
1443486454,1566.39,0.0038,BID
1443486456,1566.47,0.262,ASK
1443486456,1566.47,0.0002,ASK
1443486479,1566.39,0.025,BID
1443486479,1566.4,0.005,BID
1443486495,1566.4,0.1,BID
1443486499,1566.4,0.014,BID
1443486503,1565.55,0.01,ASK
1443486503,1565.54,0.1009,ASK
1443486503,1565.54,0.0769,ASK
1443486503,1565.54,1.1876,ASK
1443486503,1565.52,0.6388,ASK
1443486503,1565.52,0.6388,ASK
1443486503,1565.52,0.6388,ASK
1443486503,1565.44,0.001,ASK
1443486503,1565.37,0.001,ASK
1443486503,1565.35,1.7062,ASK
1443486508,1565.54,0.001,BID
1443486508,1566.38,0.019,BID
1443486511,1566.37,0.0603,BID
1443486511,1566.38,0.026,BID
1443486511,1566.38,0.0137,BID
1443486517,1565.33,0.1582,ASK
1443486517,1565.3,4.8418,ASK
1443486519,1565.31,0.0189,ASK
1443486519,1565.31,0.0811,ASK
1443486520,1566.37,0.01,BID
1443486525,1566.36,0.01,BID
1443486525,1565.55,0.0241,ASK
1443486525,1565.55,0.01,ASK
1443486525,1565.54,4.0,ASK
1443486525,1565.4,0.9659,ASK
1443486529,1565.4,0.1,ASK
1443486529,1565.4,0.001,ASK
1443486530,1566.35,0.001,BID
1443486530,1566.35,0.0603,BID
1443486539,1566.34,0.1583,BID
1443486539,1566.35,0.0027,BID
1443486539,1566.35,0.1038,BID
1443486539,1566.36,0.2352,BID
1443486539,1566.36,0.106,BID
1443486539,1566.36,0.5,BID
1443486539,1565.41,0.1,ASK
1443486541,1566.36,0.3327,BID
1443486542,1566.37,0.1673,ASK
1443486542,1566.37,0.5,ASK
1443486542,1565.42,0.0286,ASK
1443486542,1565.42,0.1066,ASK
1443486542,1565.42,0.0598,ASK
1443486542,1565.42,0.01,ASK
1443486542,1565.41,3.9,ASK
1443486542,1565.41,0.1,ASK
1443486542,1565.4,0.1277,ASK
1443486552,1565.61,0.014,ASK
1443486552,1566.29,0.0965,BID
1443486552,1566.29,0.0105,BID
1443486553,1566.29,0.0038,BID
1443486554,1566.29,0.009,BID
1443486554,1566.29,0.0802,BID
1443486554,1566.3,4.0,BID
1443486554,1566.4,1.881,BID
1443486554,1566.63,0.001,BID
1443486554,1566.69,0.001,BID
1443486554,1566.75,2.9278,BID
1443486564,1565.62,0.0127,ASK
1443486564,1565.62,0.046,ASK
1443486564,1565.61,1.1742,ASK
1443486564,1565.61,0.0963,ASK
1443486564,1565.6,1.926,ASK
1443486564,1565.5,1.7448,ASK
1443486573,1565.64,0.01,ASK
1443486573,1565.63,0.01,ASK
1443486573,1565.63,0.0278,ASK
1443486573,1565.63,0.1584,ASK
1443486573,1565.62,2.9299,ASK
1443486573,1565.54,1.8639,ASK
1443486577,1565.61,0.0021,BID
1443486582,1565.6,3.8185,ASK
1443486582,1565.54,1.1815,ASK
1443486582,1565.54,0.0946,ASK
1443486583,1565.54,0.65,ASK
1443486584,1565.54,0.21,ASK
1443486585,1565.53,0.44,BID
1443486585,1565.53,0.65,BID
1443486596,1565.6,0.0137,ASK
1443486602,1566.14,0.001,BID
1443486602,1566.38,0.05,BID
1443486602,1566.39,0.449,BID
1443486602,1566.39,0.551,BID
1443486602,1566.69,0.0594,BID
1443486602,1566.7,0.3896,BID
1443486603,1566.7,0.051,BID
1443486606,1566.7,0.7476,BID
1443486606,1566.7,0.0267,BID
1443486606,1566.71,0.2257,BID
1443486614,1566.75,0.0359,BID
1443486614,1566.76,0.7175,BID
1443486614,1566.79,0.001,BID
1443486614,1566.86,0.008,BID
1443486614,1566.87,0.001,BID
1443486614,1566.99,0.0167,BID
1443486614,1567.0,0.033,BID
1443486614,1567.0,0.1869,BID
1443486614,1566.99,9.0,BID
1443486614,1566.99,7.881,BID
1443486616,1566.23,0.0064,ASK
1443486621,1567.0,0.105,BID
1443486631,1566.21,0.0829,ASK
1443486631,1566.21,0.0515,ASK
1443486631,1566.21,4.0,ASK
1443486631,1566.2,0.8656,ASK
1443486631,1567.0,0.0081,BID
1443486631,1567.13,0.001,BID
1443486631,1567.15,0.0009,BID
1443486639,1567.13,0.0202,BID
1443486639,1567.15,0.0001,BID
1443486645,1566.4,3.6,ASK
1443486646,1567.16,0.028,BID
1443486652,1566.42,0.0062,ASK
1443486652,1567.14,0.039,BID
1443486652,1567.14,0.01,BID
1443486654,1566.5,5.0,ASK
1443486656,1567.17,0.002,BID
1443486656,1567.18,0.001,BID
1443486656,1567.3,0.001,BID
1443486656,1567.4,0.006,BID
1443486662,1566.88,0.001,ASK
1443486662,1566.6,0.459,ASK
1443486666,1567.38,0.0163,BID
1443486666,1567.4,0.094,BID
1443486666,1567.44,0.001,BID
1443486666,1567.47,0.001,BID
1443486666,1567.53,0.001,BID
1443486666,1567.6,0.001,BID
1443486666,1567.68,0.1,BID
1443486666,1567.68,0.0872,BID
1443486666,1567.68,0.0312,BID
1443486666,1567.69,0.6673,BID
1443486673,1567.68,0.01,BID
1443486673,1567.69,0.99,BID
1443486677,1566.81,0.1244,ASK
1443486677,1566.81,0.0191,ASK
1443486677,1566.81,0.0531,ASK
1443486677,1566.73,0.6671,ASK
1443486677,1566.73,0.9906,ASK
1443486677,1566.71,1.1882,ASK
1443486677,1566.54,0.2,ASK
1443486677,1566.4,1.7575,ASK
1443486677,1566.6,0.0062,ASK
1443486680,1567.66,0.0163,BID
1443486680,1567.68,0.0368,BID
1443486680,1567.68,0.0191,BID
1443486680,1567.68,0.9278,BID
1443486684,1567.67,0.0365,BID
1443486684,1567.67,0.0635,BID
1443486687,1567.68,0.7299,BID
1443486687,1567.68,0.0431,BID
1443486689,1567.39,0.19,BID
1443486689,1567.65,0.2625,BID
1443486689,1567.67,0.0475,BID
1443486694,1567.67,0.012,BID
1443486694,1567.67,0.0153,BID
1443486694,1567.68,0.4847,BID
1443486696,1566.82,0.001,ASK
1443486696,1567.67,0.0131,BID
1443486696,1567.68,0.4869,BID
1443486700,1567.68,0.1735,BID
1443486700,1567.69,0.3265,BID
1443486705,1567.5,0.5,BID
1443486705,1567.5,0.5,BID
1443486707,1567.5,0.5,BID
1443486708,1567.49,0.001,BID
1443486708,1567.5,0.499,BID
1443486710,1567.5,0.5,BID
1443486710,1567.5,0.5,BID
1443486711,1567.5,0.5,BID
1443486712,1567.5,0.5,BID
1443486715,1567.5,0.5,BID
1443486717,1567.5,0.5,BID
1443486719,1567.5,0.5,BID
1443486725,1566.85,0.0028,ASK
1443486729,1566.86,0.0055,ASK
1443486729,1566.86,0.0195,ASK
1443486730,1566.83,0.0343,ASK
1443486730,1566.83,0.0251,ASK
1443486730,1566.83,0.222,ASK
1443486730,1566.83,0.0367,ASK
1443486731,1566.84,0.0044,ASK
1443486731,1566.84,0.0236,ASK
1443486731,1566.83,0.231,ASK
1443486731,1566.83,0.0103,ASK
1443486731,1566.82,0.0229,ASK
1443486732,1566.83,0.0091,ASK
1443486732,1566.83,0.0695,ASK
1443486732,1566.85,0.3033,BID
1443486732,1566.85,0.0422,BID
1443486732,1566.85,0.0055,BID
1443486732,1566.85,0.149,BID
1443486732,1566.83,0.058,ASK
1443486732,1566.85,0.3042,BID
1443486732,1566.85,0.0421,BID
1443486732,1567.49,0.0028,BID
1443486732,1567.49,0.025,BID
1443486732,1567.49,0.0251,BID
1443486732,1567.49,0.0343,BID
1443486732,1567.5,1.5665,BID
1443486733,1566.83,0.1214,ASK
1443486733,1566.83,0.0594,ASK
1443486733,1566.82,0.1437,ASK
1443486733,1566.82,0.4442,ASK
1443486733,1566.82,0.0055,ASK
1443486733,1567.35,0.01,ASK
1443486733,1566.82,0.0324,ASK
1443486733,1566.82,0.001,ASK
1443486733,1566.82,0.0075,ASK
1443486734,1567.5,0.5,BID
1443486735,1566.83,0.378,ASK
1443486735,1566.83,0.025,ASK
1443486735,1566.82,0.0376,ASK
1443486735,1566.82,0.0575,ASK
1443486736,1566.83,0.121,ASK
1443486736,1566.82,0.3246,ASK
1443486736,1566.83,0.282,BID
1443486736,1566.83,0.218,BID
1443486736,1566.83,0.1074,BID
1443486736,1566.83,0.0055,BID
1443486736,1566.83,0.0425,BID
1443486736,1567.48,6.0,ASK
1443486736,1567.48,1.0,ASK
1443486736,1567.48,2.113,ASK
1443486737,1566.84,0.284,ASK
1443486737,1566.84,0.0371,ASK
1443486738,1566.84,0.0269,ASK
1443486738,1566.82,0.0149,ASK
1443486738,1566.82,0.0055,ASK
1443486738,1566.82,0.0055,ASK
1443486738,1566.82,0.086,ASK
1443486738,1566.8,0.162,ASK
1443486738,1566.8,0.0042,ASK
1443486738,1566.8,0.0323,ASK
1443486738,1566.8,0.0043,ASK
1443486739,1566.84,0.0417,ASK
1443486739,1567.49,0.028,BID
1443486739,1567.49,0.0594,BID
1443486739,1567.49,0.025,BID
1443486739,1567.5,0.3876,BID
1443486739,1566.84,0.0329,ASK
1443486739,1566.84,0.0054,ASK
1443486739,1566.85,0.0174,ASK
1443486739,1566.84,0.204,ASK
1443486739,1566.84,0.0289,ASK
1443486740,1566.84,0.0046,ASK
1443486740,1566.84,0.0251,ASK
1443486740,1566.84,0.0053,ASK
1443486741,1566.85,0.0174,BID
1443486741,1567.48,0.0166,BID
1443486741,1566.84,0.1521,ASK
1443486741,1566.84,0.1369,BID
1443486743,1567.48,0.0576,BID
1443486743,1567.48,0.136,BID
1443486748,1567.34,0.0021,ASK
1443486777,1567.31,0.053,BID
1443486780,1567.3,0.01,BID
1443486783,1567.03,0.025,ASK
1443486785,1567.03,0.01,BID
1443486785,1567.03,0.465,BID
1443486785,1567.28,0.005,BID
1443486787,1567.04,0.475,ASK
1443486787,1567.04,0.025,ASK
1443486788,1567.05,0.03,ASK
1443486788,1567.05,0.0175,ASK
1443486788,1567.04,0.0525,ASK
1443486789,1567.33,0.0018,BID
1443486789,1567.48,0.0082,BID
1443486790,1567.05,0.009,ASK
1443486795,1567.48,0.012,BID
1443486798,1567.06,0.01,ASK
1443486798,1567.06,0.0172,ASK
1443486798,1567.05,0.0728,ASK
1443486799,1567.47,0.2402,BID
1443486799,1567.49,0.0698,BID
1443486800,1567.05,0.0021,ASK
1443486801,1567.46,0.012,BID
1443486801,1567.48,0.0275,BID
1443486801,1567.48,0.2005,BID
1443486802,1567.48,0.69,BID
1443486804,1567.4,2.58,ASK
1443486805,1567.48,0.1,BID
1443486805,1567.48,0.1,BID
1443486806,1567.48,2.9095,BID
1443486806,1567.49,2.0476,BID
1443486806,1567.49,0.0514,ASK
1443486806,1567.5,0.174,BID
1443486806,1567.49,0.343,ASK
1443486807,1567.49,0.1,ASK
1443486808,1567.5,1.0,BID
1443486808,1567.5,0.81,BID
1443486808,1567.5,0.15,BID
1443486809,1567.5,5.7773,BID
1443486809,1567.49,1.119,ASK
1443486809,1567.5,0.3179,BID
1443486811,1567.5,1.0,BID
1443486811,1567.5,0.135,BID
1443486812,1567.5,0.204,BID
1443486812,1567.49,0.3242,ASK
1443486812,1567.49,0.638,ASK
1443486812,1567.49,0.638,ASK
1443486812,1567.49,0.638,ASK
1443486812,1567.49,0.638,ASK
1443486812,1567.49,0.638,ASK
1443486812,1567.49,0.638,BID
1443486812,1567.49,0.481,BID
1443486812,1567.5,0.157,BID
1443486812,1567.5,0.638,BID
1443486812,1567.31,2.0,ASK
1443486812,1567.31,19.0,ASK
1443486812,1567.31,4.142,ASK
1443486813,1567.5,0.638,BID
1443486813,1567.5,0.638,BID
1443486813,1567.5,0.638,BID
1443486814,1567.49,0.0686,BID
1443486814,1567.49,0.0089,BID
1443486814,1567.5,0.5605,BID
1443486814,1567.3,0.0018,ASK
1443486814,1567.21,0.1178,ASK
1443486814,1567.21,0.063,ASK
1443486814,1567.21,0.0534,ASK
1443486814,1567.49,0.5253,BID
1443486814,1567.5,0.1127,BID
1443486814,1567.5,1.0,BID
1443486814,1567.5,0.2911,BID
1443486815,1567.51,0.0012,ASK
1443486815,1567.51,0.1,ASK
1443486815,1567.51,0.1957,ASK
1443486815,1567.51,0.05,ASK
1443486815,1567.51,0.0482,ASK
1443486817,1567.66,0.004,BID
1443486817,1567.7,0.006,BID
1443486821,1567.7,0.004,BID
1443486821,1567.71,0.1,BID
1443486821,1567.71,0.1,BID
1443486821,1567.76,0.1,BID
1443486821,1567.85,0.001,BID
1443486821,1567.89,0.1,BID
1443486821,1567.94,0.001,BID
1443486821,1567.97,0.002,BID
1443486821,1567.99,0.015,BID
1443486821,1568.0,0.3,BID
1443486821,1568.18,0.1,BID
1443486821,1568.38,0.001,BID
1443486821,1568.6,0.004,BID
1443486821,1568.68,0.098,BID
1443486825,1567.53,0.0197,ASK
1443486825,1567.52,0.0803,ASK
1443486828,1568.66,0.0197,BID
1443486828,1568.67,0.0603,BID
1443486829,1567.53,0.0114,ASK
1443486829,1567.52,0.0035,ASK
1443486835,1567.53,0.087,ASK
1443486837,1568.64,0.05,BID
1443486839,1567.53,0.0006,ASK
1443486839,1567.52,0.0994,ASK
1443486845,1567.54,0.01,ASK
1443486847,1567.54,0.0063,ASK
1443486847,1567.53,0.2586,ASK
1443486848,1567.66,0.06,BID
1443486848,1567.66,0.009,BID
1443486849,1567.66,0.431,BID
1443486850,1567.67,0.0303,ASK
1443486852,1567.67,0.0387,ASK
1443486852,1567.67,0.0613,ASK
1443486853,1568.39,0.014,BID
1443486854,1567.68,0.0102,ASK
1443486854,1567.68,0.0128,ASK
1443486856,1568.0,0.1,BID
1443486859,1567.99,0.0283,BID
1443486859,1568.0,0.4717,BID
1443486859,1567.99,0.0666,BID
1443486859,1568.0,0.0334,BID
1443486861,1567.99,0.087,BID
1443486861,1568.0,0.913,BID
1443486861,1568.0,6.0,BID
1443486861,1568.0,3.42,BID
1443486863,1568.0,0.17,BID
1443486863,1567.74,0.0122,ASK
1443486863,1567.74,0.0878,ASK
1443486863,1567.74,0.001,ASK
1443486863,1567.99,2.0,BID
1443486863,1567.99,12.978,BID
1443486864,1568.0,0.087,BID
1443486866,1567.99,0.0122,BID
1443486866,1568.0,0.9878,BID
1443486867,1568.0,0.1,BID
1443486869,1567.98,0.0888,BID
1443486869,1568.0,2.2563,BID
1443486870,1567.78,0.01,ASK
1443486870,1568.0,0.17,BID
1443486872,1567.99,0.0888,ASK
1443486872,1567.99,0.0112,ASK
1443486873,1567.99,0.0776,ASK
1443486873,1567.98,0.0469,ASK
1443486874,1567.98,0.0531,BID
1443486874,1567.98,0.1776,BID
1443486874,1568.0,0.3603,BID
1443486876,1567.98,0.1776,BID
1443486876,1567.98,0.1776,BID
1443486876,1567.98,0.1776,BID
1443486876,1568.0,0.4672,BID
1443486879,1567.69,0.403,ASK
1443486881,1567.7,0.0252,ASK
1443486881,1567.69,0.0748,BID
1443486881,1568.0,0.9252,BID
1443486883,1567.99,0.0252,BID
1443486883,1568.0,13.2226,BID
1443486886,1567.99,0.403,BID
1443486886,1568.0,0.597,BID
1443486889,1567.68,0.046,ASK
1443486890,1567.8,0.0021,BID
1443486890,1568.0,0.1479,BID
1443486890,1567.69,0.01,ASK
1443486890,1567.68,0.0009,ASK
1443486890,1567.67,0.036,ASK
1443486891,1567.67,0.0469,ASK
1443486892,1567.99,0.0109,BID
1443486892,1568.0,0.0181,BID
1443486895,1568.0,0.02,BID
1443486896,1567.81,0.1,ASK
1443486897,1567.81,0.4035,ASK
1443486899,1567.68,0.046,ASK
1443486899,1567.67,0.3558,ASK
1443486899,1567.67,0.0012,ASK
1443486900,1567.67,0.046,ASK
1443486901,1567.67,0.046,ASK
1443486902,1567.67,0.4068,ASK
1443486902,1567.51,0.5898,ASK
1443486902,1567.51,0.638,ASK
1443486902,1567.51,0.368,ASK
1443486905,1567.65,0.0469,BID
1443486905,1567.66,0.4988,BID
1443486905,1567.66,0.4543,BID
1443486906,1567.66,0.0445,BID
1443486906,1567.66,0.0024,BID
1443486906,1567.66,0.0469,BID
1443486906,1567.66,0.4495,BID
1443486906,1567.66,0.3005,BID
1443486907,1567.65,0.0351,BID
1443486907,1567.66,0.0149,BID
1443486907,1567.66,0.051,BID
1443486907,1567.66,0.02,BID
1443486908,1567.66,0.04,BID
1443486908,1567.66,0.0724,BID
1443486908,1567.66,0.4988,BID
1443486908,1567.67,0.0667,BID
1443486908,1567.52,0.01,ASK
1443486908,1567.52,0.005,ASK
1443486908,1567.67,0.0333,BID
1443486910,1567.79,0.0319,BID
1443486910,1567.8,0.1,BID
1443486910,1567.8,0.0181,BID
1443486911,1567.8,0.0319,BID
1443486911,1567.8,0.0319,BID
1443486911,1567.8,0.0319,BID
1443486912,1567.8,0.3897,BID
1443486912,1567.8,0.5035,BID
1443486912,1567.8,0.1068,BID
1443486913,1567.67,0.1,ASK
1443486913,1567.8,0.3967,BID
1443486913,1567.8,0.2411,BID
1443486913,1567.8,0.2624,BID
1443486914,1567.81,0.3754,ASK
1443486914,1567.67,0.2746,ASK
1443486914,1567.67,0.23,ASK
1443486914,1567.67,0.42,ASK
1443486915,1567.68,0.1209,ASK
1443486915,1567.67,0.2179,ASK
1443486915,1567.67,0.3112,ASK
1443486915,1567.67,0.3267,ASK
1443486915,1567.67,0.3233,ASK
1443486919,1567.98,0.0252,BID
1443486919,1567.99,0.4748,BID
1443486927,1567.68,0.0157,ASK
1443486927,1567.67,0.0843,ASK
1443486927,1568.0,0.0325,BID
1443486927,1568.39,0.1007,BID
1443486927,1568.4,0.2608,BID
1443486929,1567.68,0.0115,ASK
1443486929,1567.67,0.0035,ASK
1443486931,1567.68,0.001,ASK
1443486938,1567.78,0.002,ASK
1443486940,1567.81,0.1,ASK
1443486948,1568.12,0.234,ASK
1443486949,1568.12,0.1,BID
1443486949,1568.39,0.0157,BID
1443486949,1568.39,0.0115,BID
1443486949,1568.4,0.8728,BID
1443486949,1568.38,0.02,BID
1443486950,1568.37,2.0,BID
1443486950,1568.37,1.962,BID
1443486952,1568.4,0.01,BID
1443486958,1567.81,0.025,ASK
1443486967,1567.69,0.0594,ASK
1443486967,1567.68,0.0113,ASK
1443486967,1567.68,0.0293,ASK
1443486968,1567.68,0.001,ASK
1443486973,1568.39,1.0,BID
1443486973,1567.8,0.001,BID
1443486974,1567.81,0.0548,ASK
1443486974,1567.67,0.2268,ASK
1443486974,1567.6,0.2684,ASK
1443486974,1568.38,0.001,BID
1443486976,1567.68,0.0112,ASK
1443486977,1567.61,0.01,ASK
1443486978,1567.67,0.0888,BID
1443486979,1568.38,0.0594,BID
1443486979,1568.38,0.0113,BID
1443486979,1568.38,0.0558,BID
1443486979,1568.38,0.0303,BID
1443486979,1568.39,0.0132,BID
1443486980,1568.39,0.0888,BID
1443486980,1568.0,0.15,BID
1443486984,1567.6,0.1,ASK
1443486986,1568.0,1.0,BID
1443486987,1567.61,0.0604,ASK
1443486987,1567.61,0.0106,ASK
1443486994,1568.0,1.0,BID
1443486995,1567.99,0.0087,BID
1443486995,1568.0,0.3913,BID
1443486996,1567.8,0.003,ASK
1443486996,1568.0,7.34,BID
1443486998,1567.67,0.001,ASK
1443486998,1567.63,0.058,ASK
1443486998,1567.68,0.1,ASK
1443487001,1567.99,0.0212,BID
1443487001,1567.99,0.0604,BID
1443487001,1567.99,0.0106,BID
1443487001,1568.0,0.9078,BID
1443487002,1567.99,0.058,BID
1443487002,1568.0,0.5798,BID
1443487005,1567.99,0.1,BID
1443487005,1568.0,0.5378,BID
1443487007,1567.61,0.1487,ASK
1443487007,1567.61,0.0212,ASK
1443487007,1567.61,0.0268,ASK
1443487007,1567.6,0.3533,ASK
1443487009,1567.99,0.1487,BID
1443487009,1567.99,0.0268,BID
1443487009,1567.99,0.0212,BID
1443487009,1568.0,0.5533,BID
1443487009,1568.0,0.873,BID
1443487010,1567.62,0.1,ASK
1443487010,1568.0,2.58,BID
1443487013,1568.0,1.0,BID
1443487015,1567.99,0.1,BID
1443487015,1568.0,1.8344,BID
1443487016,1568.0,0.6378,BID
1443487016,1568.0,0.5,BID
1443487017,1567.88,0.229,ASK
1443487017,1568.0,0.1148,BID
1443487018,1568.39,0.11,BID
1443487018,1568.01,0.1,ASK
1443487018,1568.01,0.3189,ASK
1443487018,1568.01,0.1041,ASK
1443487018,1568.01,0.2148,ASK
1443487019,1568.39,0.013,BID
1443487019,1568.01,0.3189,ASK
1443487020,1568.01,0.0031,ASK
1443487024,1568.39,1.0,BID
1443487026,1568.01,0.101,ASK
1443487026,1567.88,0.056,ASK
1443487026,1568.39,0.4322,BID
1443487027,1568.39,0.44,BID
1443487028,1568.39,0.9028,BID
1443487028,1568.39,0.0972,BID
1443487029,1568.0,0.1,ASK
1443487033,1568.39,1.0,BID
1443487035,1568.39,0.1,BID
1443487036,1568.03,0.294,ASK
1443487037,1568.03,0.1,ASK
1443487037,1568.39,0.09,BID
1443487037,1568.39,0.7128,BID
1443487040,1568.5,0.001,BID
1443487040,1568.65,0.001,BID
1443487040,1568.68,0.002,BID
1443487040,1568.77,0.001,BID
1443487040,1568.79,0.001,BID
1443487040,1568.8,0.001,BID
1443487040,1569.0,0.3,BID
1443487040,1569.0,0.1,BID
1443487040,1569.04,0.47,BID
1443487041,1569.6,0.127,ASK
1443487047,1568.21,0.025,ASK
1443487047,1568.21,0.0594,ASK
1443487047,1568.21,0.0126,ASK
1443487051,1568.21,0.0996,ASK
1443487051,1568.21,0.0004,ASK
1443487056,1569.03,0.067,ASK
1443487059,1569.03,0.0021,ASK
1443487059,1569.03,0.0309,ASK
1443487059,1568.77,0.0691,ASK
1443487065,1568.78,0.065,ASK
1443487069,1568.8,0.1,ASK
1443487070,1569.0,0.75,BID
1443487071,1568.99,0.05,BID
1443487071,1569.0,0.25,BID
1443487071,1569.01,0.3373,ASK
1443487071,1569.01,0.0567,ASK
1443487076,1569.02,0.01,ASK
1443487078,1569.02,0.1,ASK
1443487085,1569.02,0.035,ASK
1443487086,1569.49,0.03,BID
1443487087,1569.49,0.079,BID
1443487087,1569.49,0.0185,BID
1443487087,1569.49,0.0335,BID
1443487087,1569.04,0.01,ASK
1443487087,1569.03,0.09,ASK
1443487087,1569.49,0.0315,BID
1443487087,1569.49,0.0191,BID
1443487087,1569.5,0.5544,BID
1443487088,1569.2,0.002,ASK
1443487088,1569.5,0.1816,BID
1443487090,1569.5,0.01,BID
1443487091,1569.5,0.7704,BID
1443487092,1569.5,0.0227,BID
1443487093,1569.5,4.3625,BID
1443487093,1569.5,0.79,BID
1443487094,1569.5,0.4773,BID
1443487095,1569.5,0.1711,BID
1443487095,1569.59,0.127,BID
1443487095,1569.59,0.127,BID
1443487095,1569.59,0.0049,BID
1443487095,1569.49,0.09,BID
1443487095,1569.59,0.1221,BID
1443487095,1569.75,0.009,BID
1443487095,1569.8,0.0736,BID
1443487095,1569.83,0.001,BID
1443487095,1569.98,0.1,BID
1443487095,1570.0,0.2,BID
1443487095,1570.0,0.01,BID
1443487095,1570.0,0.038,BID
1443487095,1570.0,0.3,BID
1443487095,1570.0,0.0563,BID
1443487095,1569.22,0.145,ASK
1443487095,1569.21,0.028,ASK
1443487096,1570.0,0.1711,BID
1443487097,1569.41,0.023,ASK
1443487099,1569.4,0.019,BID
1443487099,1569.4,0.058,BID
1443487099,1569.99,0.019,BID
1443487099,1569.99,0.0129,BID
1443487099,1569.99,0.0191,BID
1443487099,1570.0,0.048,BID
1443487100,1570.0,0.077,BID
1443487104,1570.0,0.5,BID
1443487105,1569.42,0.16,ASK
1443487105,1569.42,0.1,ASK
1443487106,1570.0,0.1476,BID
1443487106,1570.0,0.3524,BID
1443487109,1570.0,0.5,BID
1443487112,1569.99,0.26,BID
1443487112,1570.0,0.1476,BID
1443487113,1570.0,0.015,ASK
1443487114,1570.03,0.1,BID
1443487114,1570.06,0.002,BID
1443487114,1570.09,0.001,BID
1443487114,1570.69,0.004,BID
1443487114,1570.95,0.1,BID
1443487114,1570.95,0.461,BID
1443487114,1570.96,0.332,BID
1443487115,1570.96,0.1,BID
1443487116,1570.0,0.0774,ASK
1443487116,1569.99,0.0146,ASK
1443487120,1570.02,0.092,ASK
1443487120,1570.02,0.008,ASK
1443487128,1570.96,0.02,BID
1443487128,1570.04,0.0171,ASK
1443487128,1570.04,0.0273,ASK
1443487128,1570.03,0.0456,ASK
1443487129,1570.96,0.663,BID
1443487130,1570.04,0.1,ASK
1443487134,1570.95,0.0251,BID
1443487134,1570.95,0.01,BID
1443487134,1570.96,9.9649,BID
1443487134,1570.96,0.0351,BID
1443487135,1570.06,0.0124,ASK
1443487138,1570.91,0.0124,BID
1443487138,1570.92,0.0076,BID
1443487139,1570.07,0.025,ASK
1443487140,1570.07,0.1,ASK
1443487144,1570.94,0.025,BID
1443487144,1570.96,0.025,BID
1443487146,1570.96,0.0206,BID
1443487146,1570.97,0.1894,BID
1443487146,1570.97,1.0,BID
1443487147,1570.95,0.1,ASK
1443487148,1570.95,0.4,ASK
1443487149,1570.04,0.025,ASK
1443487149,1570.94,0.1,BID
1443487151,1570.93,0.02,BID
1443487151,1570.93,0.005,BID
1443487151,1570.94,0.495,BID
1443487152,1570.94,0.005,BID
1443487152,1570.94,0.5,BID
1443487152,1570.94,0.099,BID
1443487152,1570.93,4.0,BID
1443487152,1570.93,4.118,BID
1443487153,1570.94,0.401,BID
1443487153,1570.94,0.5,BID
1443487153,1570.95,0.099,BID
1443487153,1570.95,0.001,BID
1443487154,1570.95,0.499,ASK
1443487155,1570.94,0.1,BID
1443487157,1570.94,0.0069,ASK
1443487157,1570.96,0.01,BID
1443487157,1570.94,0.012,ASK
1443487158,1570.96,0.2,BID
1443487158,1570.96,1.79,BID
1443487158,1570.98,0.1,BID
1443487158,1571.0,0.11,BID
1443487158,1570.94,0.1,ASK
1443487159,1570.97,0.0529,BID
1443487159,1570.97,0.28,BID
1443487159,1570.97,0.6366,BID
1443487159,1570.97,0.6366,BID
1443487161,1570.97,0.19,BID
1443487161,1570.97,0.6366,BID
1443487161,1571.0,0.19,BID
1443487163,1571.19,0.001,BID
1443487163,1571.95,0.008,BID
1443487163,1571.98,0.001,BID
1443487164,1571.98,0.01,BID
1443487164,1570.98,0.6365,ASK
1443487164,1570.98,0.3277,ASK
1443487165,1570.99,0.0263,ASK
1443487165,1570.99,0.503,ASK
1443487165,1570.99,0.0321,ASK
1443487165,1570.98,0.0886,ASK
1443487166,1570.98,0.2202,ASK
1443487166,1570.97,0.1,ASK
1443487168,1570.96,0.014,ASK
1443487170,1570.97,0.3298,BID
1443487170,1570.97,0.1702,BID
1443487170,1570.97,0.4662,BID
1443487170,1570.97,0.0136,BID
1443487170,1570.98,0.0464,BID
1443487171,1570.98,0.0536,BID
1443487171,1571.0,0.0554,BID
1443487171,1571.0,0.101,BID
1443487173,1570.99,0.0113,BID
1443487173,1570.99,0.0321,BID
1443487173,1571.0,0.8436,BID
1443487174,1571.97,0.015,BID
1443487174,1571.98,0.089,BID
1443487174,1571.98,0.166,BID
1443487175,1571.96,0.015,BID
1443487177,1571.96,0.101,BID
1443487179,1571.98,0.101,BID
1443487179,1571.02,0.0013,ASK
1443487181,1571.02,0.0194,ASK
1443487181,1571.01,0.0806,ASK
1443487182,1571.98,0.101,BID
1443487182,1571.02,0.018,ASK
1443487184,1571.96,0.0193,BID
1443487184,1571.97,0.3677,BID
1443487186,1571.98,0.0049,BID
1443487186,1571.99,0.015,BID
1443487186,1572.0,0.0001,BID
1443487187,1572.0,0.0193,BID
1443487187,1572.0,0.03,BID
1443487189,1571.99,0.0193,BID
1443487189,1572.0,0.2506,BID
1443487189,1572.49,0.2999,BID
1443487189,1572.49,0.26,BID
1443487190,1572.0,0.1,ASK
1443487191,1572.49,0.0193,BID
1443487191,1572.0,0.01,ASK
1443487192,1572.49,0.369,BID
1443487194,1572.49,0.019,BID
1443487195,1572.49,0.379,BID
1443487198,1572.49,0.379,BID
1443487198,1572.49,0.4348,BID
1443487198,1572.49,0.1178,BID
1443487198,1571.05,0.1,ASK
1443487199,1572.49,0.171,BID
1443487200,1572.49,0.5,BID
1443487201,1572.47,0.001,BID
1443487201,1572.49,1.2112,BID
1443487201,1572.49,0.11,ASK
1443487201,1572.5,0.376,BID
1443487201,1572.49,0.1065,ASK
1443487201,1571.07,0.0026,ASK
1443487202,1572.48,1.0273,BID
1443487202,1572.5,8.8718,BID
1443487203,1572.8,0.1,BID
1443487203,1572.98,0.1,BID
1443487203,1573.0,5.0,BID
1443487203,1573.0,0.3,BID
1443487203,1573.98,0.1,BID
1443487203,1574.0,0.75,BID
1443487208,1573.49,0.1,ASK
1443487211,1573.49,0.517,ASK
1443487214,1573.49,0.3964,ASK
1443487218,1573.44,0.05,ASK
1443487218,1573.44,0.05,BID
1443487220,1573.45,0.452,ASK
1443487220,1573.45,0.0005,ASK
1443487220,1572.52,0.025,ASK
1443487220,1572.51,0.5,ASK
1443487220,1572.51,0.1418,ASK
1443487220,1572.5,1.9127,ASK
1443487221,1572.5,2.416,ASK
1443487221,1572.5,2.0,ASK
1443487224,1572.7,0.01,BID
1443487226,1572.7,0.039,BID
1443487226,1572.91,0.025,BID
1443487226,1572.92,0.036,BID
1443487227,1572.53,0.0435,ASK
1443487227,1572.52,0.049,BID
1443487227,1572.52,0.0075,BID
1443487230,1572.71,0.0415,ASK
1443487230,1572.71,0.049,ASK
1443487230,1572.49,1.7112,ASK
1443487230,1572.0,0.1983,ASK
1443487232,1572.5,0.0239,ASK
1443487232,1572.0,0.1017,ASK
1443487232,1571.98,0.001,ASK
1443487233,1571.89,0.0154,BID
1443487233,1572.7,0.0177,BID
1443487235,1571.99,0.185,ASK
1443487236,1572.49,0.0164,BID
1443487236,1572.49,0.0164,BID
1443487236,1572.49,0.0164,BID
1443487236,1572.69,0.0136,BID
1443487236,1572.7,0.0728,BID
1443487236,1572.7,0.0905,BID
1443487236,1572.7,0.0669,BID
1443487240,1572.0,0.0165,ASK
1443487240,1572.0,0.0136,ASK
1443487240,1571.99,1.0005,ASK
1443487240,1571.01,0.1494,ASK
1443487240,1571.02,0.1,ASK
1443487240,1572.67,0.02,BID
1443487240,1572.66,3.0,ASK
1443487240,1572.66,6.557,ASK
1443487243,1572.5,0.001,ASK
1443487247,1571.7,0.001,BID
1443487247,1572.49,5.0,BID
1443487247,1572.49,0.0724,BID
1443487247,1572.49,0.108,BID
1443487247,1572.5,10.887,BID
1443487247,1572.5,0.001,BID
1443487247,1572.66,0.01,BID
1443487247,1572.67,0.093,BID
1443487247,1572.67,1.8276,BID
1443487250,1571.04,0.0725,ASK
1443487250,1571.04,0.0275,ASK
1443487251,1572.49,0.19,BID
1443487251,1572.46,0.025,BID
1443487251,1572.49,0.0878,BID
1443487255,1571.05,0.001,ASK
1443487261,1571.05,0.099,BID
1443487261,1571.05,0.001,BID
1443487261,1572.47,0.001,BID
1443487261,1572.5,0.0021,BID
1443487263,1572.68,0.001,BID
1443487264,1572.57,0.033,ASK
1443487265,1572.57,0.0629,ASK
1443487265,1572.57,0.033,ASK
1443487265,1572.57,0.067,ASK
1443487268,1571.07,0.015,ASK
1443487268,1571.07,0.085,ASK
1443487275,1571.09,0.0733,ASK
1443487275,1571.09,0.0127,ASK
1443487277,1571.09,0.0054,ASK
1443487277,1571.09,0.01,ASK
1443487277,1571.08,0.0846,ASK
1443487278,1571.5,0.5,BID
1443487279,1571.5,0.6699,BID
1443487279,1572.5,0.0225,ASK
1443487280,1572.53,0.25,BID
1443487281,1572.5,1.5,ASK
1443487281,1572.53,0.001,BID
1443487282,1572.5,0.65,ASK
1443487282,1572.5,0.65,ASK
1443487282,1572.5,0.65,ASK
1443487283,1572.5,0.65,ASK
1443487284,1572.5,0.682,ASK
1443487284,1572.5,0.65,ASK
1443487284,1572.5,0.65,ASK
1443487284,1572.5,0.134,ASK
1443487284,1572.5,0.65,ASK
1443487285,1572.5,0.65,ASK
1443487286,1572.5,0.65,ASK
1443487286,1572.5,0.1,ASK
1443487286,1572.5,0.65,ASK
1443487286,1572.5,0.3916,ASK
1443487286,1572.5,0.2584,ASK
1443487286,1572.5,0.1156,ASK
1443487288,1572.48,0.729,BID
1443487288,1572.49,0.271,BID
1443487294,1571.1,0.021,ASK
1443487301,1571.12,0.01,ASK
1443487301,1571.11,0.01,ASK
1443487301,1571.1,0.0015,ASK
1443487301,1571.1,0.0785,ASK
1443487301,1572.47,0.001,BID
1443487302,1572.45,5.0,ASK
1443487302,1572.45,4.461,ASK
1443487304,1572.46,0.011,BID
1443487304,1571.1,0.009,ASK
1443487309,1571.11,0.1,ASK
1443487314,1572.44,0.01,ASK
1443487314,1572.44,0.002,ASK
1443487316,1572.42,0.2385,BID
1443487316,1572.42,0.01,BID
1443487316,1572.43,0.0846,BID
1443487316,1572.46,0.1599,BID
1443487322,1571.13,0.1,ASK
1443487323,1572.42,0.0124,ASK
1443487323,1571.13,0.0016,ASK
1443487324,1572.44,0.001,BID
1443487331,1571.13,0.018,ASK
1443487334,1571.13,0.114,ASK
1443487336,1571.14,0.527,ASK
1443487339,1571.3,0.748,ASK
1443487340,1571.3,0.001,ASK
1443487341,1572.41,0.001,BID
1443487342,1572.41,0.0021,BID
1443487342,1571.3,0.972,ASK
1443487343,1571.3,0.018,ASK
1443487343,1571.3,0.013,ASK
1443487345,1571.3,1.5,ASK
1443487348,1571.3,1.5,ASK
1443487350,1572.39,0.01,BID
1443487350,1572.39,0.0202,BID
1443487350,1572.39,0.21,BID
1443487351,1571.3,0.651,ASK
1443487352,1571.3,0.018,ASK
1443487352,1571.3,0.11,ASK
1443487355,1571.3,0.101,ASK
1443487357,1571.3,0.757,ASK
1443487362,1572.18,0.001,BID
1443487362,1571.99,0.0964,BID
1443487362,1572.18,0.0985,BID
1443487362,1572.34,0.04,BID
1443487362,1572.35,0.0255,BID
1443487362,1572.35,0.5,BID
1443487362,1572.35,0.2968,BID
1443487362,1572.36,0.221,BID
1443487363,1571.3,0.0007,ASK
1443487363,1571.19,0.0003,ASK
1443487366,1571.3,0.018,ASK
1443487367,1571.31,0.5029,ASK
1443487367,1571.3,0.0971,ASK
1443487369,1571.31,0.0921,ASK
1443487369,1571.3,0.5079,ASK
1443487370,1571.3,0.4,ASK
1443487373,1571.3,0.01,ASK
1443487373,1571.3,0.001,ASK
1443487375,1571.49,0.022,BID
1443487376,1571.48,0.025,BID
1443487376,1571.49,0.415,BID
1443487376,1571.49,0.0659,BID
1443487376,1571.49,0.01,BID
1443487376,1571.5,0.01,BID
1443487378,1571.5,0.0245,ASK
1443487379,1571.5,0.018,ASK
1443487379,1571.5,0.078,ASK
1443487379,1571.5,0.2336,ASK
1443487379,1571.5,0.0792,ASK
1443487379,1571.49,0.025,ASK
1443487380,1571.49,0.0952,BID
1443487380,1571.49,0.4077,BID
1443487380,1571.49,0.0253,BID
1443487380,1571.49,0.4147,BID
1443487381,1571.49,0.0183,BID
1443487381,1571.49,0.0067,ASK
1443487381,1571.31,0.0413,ASK
1443487381,1571.3,0.826,ASK
1443487381,1571.14,0.004,ASK
1443487381,1571.12,0.0316,ASK
1443487381,1571.12,0.025,ASK
1443487381,1571.0,0.2454,ASK
1443487382,1571.49,0.025,ASK
1443487385,1571.11,0.001,BID
1443487387,1571.0,0.0546,ASK
1443487387,1571.0,0.0004,ASK
1443487387,1571.0,0.0006,ASK
1443487387,1570.99,0.001,ASK
1443487387,1570.97,0.001,ASK
1443487387,1570.97,0.001,ASK
1443487387,1570.96,0.0144,ASK
1443487390,1570.96,0.575,ASK
1443487391,1570.96,0.65,ASK
1443487391,1570.96,0.65,ASK
1443487391,1570.96,0.0966,ASK
1443487391,1570.95,0.001,ASK
1443487392,1570.92,0.001,ASK
1443487392,1570.83,0.002,ASK
1443487392,1570.8,1.038,ASK
1443487392,1570.2,0.004,ASK
1443487392,1570.0,0.135,ASK
1443487396,1570.0,0.018,ASK
1443487396,1570.0,0.01,ASK
1443487399,1570.94,0.0327,BID
1443487399,1570.94,0.0103,BID
1443487402,1570.93,0.001,BID
1443487404,1570.93,0.01,BID
1443487405,1570.0,0.018,ASK
1443487407,1570.0,0.015,ASK
1443487407,1570.0,0.104,ASK
1443487407,1569.69,0.001,ASK
1443487407,1569.6,0.0014,ASK
1443487407,1569.6,5.0956,ASK
1443487409,1570.93,0.0472,BID
1443487409,1570.93,0.0711,BID
1443487409,1570.94,0.0261,BID
1443487414,1569.6,0.018,ASK
1443487415,1570.93,0.1,BID
1443487416,1569.6,0.01,ASK
1443487419,1570.0,0.001,BID
1443487421,1570.92,0.001,BID
1443487423,1569.61,0.018,ASK
1443487426,1569.61,0.0137,ASK
1443487426,1569.6,0.0273,ASK
1443487433,1569.6,0.018,ASK
1443487436,1569.05,0.099,ASK
1443487437,1569.6,0.901,BID
1443487439,1569.6,0.23,BID
1443487439,1569.6,1.034,BID
1443487439,1569.6,0.433,BID
1443487439,1569.6,0.066,BID
1443487439,1569.6,1.2,BID
1443487439,1569.6,2.0,BID
1443487439,1569.6,0.935,BID
1443487440,1569.6,0.583,BID
1443487442,1569.55,0.099,BID
1443487443,1569.0,0.018,ASK
1443487443,1569.59,0.001,BID
1443487444,1569.45,0.001,ASK
1443487444,1569.0,0.282,ASK
1443487445,1568.99,0.01,BID
1443487445,1568.99,0.001,BID
1443487445,1568.94,0.008,ASK
1443487445,1568.59,0.001,ASK
1443487445,1568.59,0.001,ASK
1443487445,1568.99,0.006,BID
1443487445,1569.59,0.0127,BID
1443487445,1569.59,0.018,BID
1443487445,1569.59,0.7383,BID
1443487447,1569.59,0.0307,BID
1443487447,1569.59,0.0307,BID
1443487447,1569.59,0.0307,BID
1443487448,1569.59,0.3551,BID
1443487448,1569.6,0.4199,BID
1443487451,1568.6,0.018,ASK
1443487452,1569.6,0.095,BID
1443487453,1569.6,1.0,BID
1443487454,1568.6,0.0175,ASK
1443487454,1568.6,0.018,ASK
1443487455,1569.59,0.018,BID
1443487455,1568.59,0.014,ASK
1443487457,1569.59,0.017,BID
1443487457,1569.59,0.001,BID
1443487457,1569.59,0.017,BID
1443487458,1569.59,0.0005,BID
1443487458,1569.6,0.9995,BID
1443487460,1568.6,0.0598,ASK
1443487460,1568.59,0.0402,ASK
1443487461,1569.6,0.702,BID
1443487463,1569.59,0.01,BID
1443487463,1569.59,0.0498,BID
1443487463,1569.6,0.9502,BID
1443487465,1569.6,0.73,BID
1443487465,1568.6,0.01,ASK
1443487466,1569.6,0.01,BID
1443487466,1569.6,0.059,BID
1443487467,1569.6,0.8673,BID
1443487467,1569.6,0.001,BID
1443487467,1570.0,0.1317,BID
1443487468,1570.0,0.01,BID
1443487471,1569.62,0.1,ASK
1443487475,1569.62,0.139,ASK
1443487477,1569.62,0.0979,ASK
1443487484,1569.62,0.012,ASK
1443487494,1569.62,0.01,ASK
1443487497,1569.62,0.0018,ASK
1443487506,1569.62,0.049,ASK
1443487510,1569.62,0.0233,ASK
1443487510,1569.58,0.0026,ASK
1443487515,1568.61,0.011,ASK
1443487525,1569.62,0.028,ASK
1443487534,1569.62,0.029,ASK
1443487536,1569.62,0.0018,ASK
1443487538,1570.0,0.0013,BID
1443487572,1569.62,0.0049,ASK
1443487574,1570.0,0.0069,BID
1443487596,1569.99,0.01,BID
1443487596,1570.0,0.09,BID
1443487596,1569.62,3.4363,ASK
1443487597,1569.45,0.0593,ASK
1443487597,1569.44,1.1856,ASK
1443487597,1569.43,0.001,ASK
1443487597,1569.02,0.1265,ASK
1443487597,1569.01,0.1376,ASK
1443487604,1569.0,0.0012,ASK
1443487605,1569.01,0.2282,ASK
1443487605,1569.0,1.2718,ASK
1443487609,1569.61,0.0067,BID
1443487609,1569.99,0.0057,BID
1443487610,1569.0,0.455,ASK
1443487610,1569.0,0.561,ASK
1443487613,1569.0,0.502,ASK
1443487618,1569.0,0.645,ASK
1443487618,1569.0,2.0,ASK
1443487619,1569.0,3.0,ASK
1443487619,1569.0,1.564,ASK
1443487619,1568.98,3.0,ASK
1443487619,1568.98,5.937,ASK
1443487627,1569.01,0.645,ASK
1443487627,1568.7,0.791,ASK
1443487628,1569.58,0.0012,ASK
1443487629,1568.7,0.674,ASK
1443487632,1569.16,0.0119,BID
1443487632,1569.17,0.2388,BID
1443487632,1569.58,0.025,BID
1443487632,1569.59,0.5,BID
1443487632,1569.6,1.928,BID
1443487632,1569.77,0.0904,BID
1443487632,1569.79,1.346,BID
1443487633,1568.7,0.645,ASK
1443487633,1568.7,1.89,ASK
1443487633,1568.7,0.0961,BID
1443487639,1568.69,0.001,ASK
1443487639,1568.62,0.0118,ASK
1443487639,1568.62,0.025,ASK
1443487641,1568.61,0.02,BID
1443487644,1568.6,9.3819,ASK
1443487644,1568.59,0.6558,ASK
1443487644,1568.51,0.001,ASK
1443487645,1568.59,0.65,BID
1443487645,1568.59,0.65,BID
1443487645,1569.0,0.0014,BID
1443487645,1569.13,0.1046,BID
1443487645,1569.13,0.0638,BID
1443487645,1569.14,1.1102,BID
1443487646,1569.13,7.0,BID
1443487646,1569.13,9.464,BID
1443487647,1568.59,0.001,BID
1443487648,1568.59,0.13,BID
1443487659,1568.57,0.05,BID
1443487663,1568.57,0.001,BID
1443487664,1568.57,1.1846,BID
1443487664,1568.59,0.4957,BID
1443487667,1568.56,0.04,BID
1443487696,1568.06,0.001,ASK
1443487701,1568.56,0.0049,ASK
1443487705,1568.4,0.005,ASK
1443487705,1568.09,0.002,ASK
1443487705,1568.06,1.999,ASK
1443487705,1568.0,0.3,ASK
1443487705,1568.0,1.0,ASK
1443487705,1567.9,0.001,ASK
1443487705,1567.6,0.228,ASK
1443487705,1567.46,0.004,ASK
1443487705,1567.3,0.001,ASK
1443487705,1567.3,1.1865,ASK
1443487705,1567.3,1.3482,ASK
1443487705,1567.29,0.001,ASK
1443487705,1567.18,5.0,ASK
1443487705,1567.17,1.7039,ASK
1443487723,1568.57,0.0133,BID
1443487723,1568.58,0.3867,BID
1443487724,1568.58,0.0213,BID
1443487724,1568.59,0.0233,BID
1443487725,1568.59,0.1054,ASK
1443487733,1568.6,0.001,ASK
1443487739,1568.98,0.015,ASK
1443487743,1568.98,0.088,ASK
1443487754,1568.96,0.06,BID
1443487760,1568.96,0.106,BID
1443487770,1568.96,0.9325,BID
1443487770,1568.97,0.001,BID
1443487770,1568.97,0.088,BID
1443487770,1568.97,0.088,BID
1443487770,1568.97,0.088,BID
1443487770,1569.0,0.3,BID
1443487781,1569.03,0.499,ASK
1443487781,1568.96,0.1,ASK
1443487783,1568.6,0.001,BID
1443487783,1568.61,0.5018,BID
1443487783,1568.61,1.1123,BID
1443487783,1569.39,0.162,BID
1443487784,1569.39,0.01,BID
1443487784,1569.39,0.328,BID
1443487784,1569.4,0.001,BID
1443487784,1569.4,1.286,BID
1443487789,1569.39,0.454,BID
1443487791,1569.39,0.046,BID
1443487791,1569.39,0.144,BID
1443487791,1569.39,0.3588,BID
1443487791,1569.39,0.454,BID
1443487791,1569.4,0.5517,BID
1443487791,1569.67,0.003,BID
1443487791,1570.0,0.0601,BID
1443487791,1570.0,0.0724,BID
1443487812,1569.03,0.0593,ASK
1443487812,1569.02,1.1865,ASK
1443487812,1569.02,0.108,ASK
1443487812,1569.01,2.16,ASK
1443487812,1569.0,0.3,ASK
1443487812,1569.0,1.2747,ASK
1443487812,1569.0,5.205,ASK
1443487812,1568.96,0.0067,ASK
1443487812,1568.2,0.1779,ASK
1443487812,1568.19,0.001,ASK
1443487812,1568.06,2.0,ASK
1443487812,1568.02,5.0003,ASK
1443487812,1568.0,0.3,ASK
1443487812,1568.0,0.503,BID
1443487814,1568.0,4.8641,BID
1443487814,1568.0,1.5,BID
1443487814,1568.0,1.928,BID
1443487815,1568.0,8.9554,BID
1443487815,1568.0,0.09,BID
1443487817,1568.0,0.077,BID
1443487817,1568.0,0.892,BID
1443487817,1567.48,9.0,BID
1443487817,1567.48,8.646,BID
1443487818,1568.0,0.8675,BID
1443487819,1568.0,2.662,BID
1443487820,1568.0,1.058,BID
1443487820,1567.99,0.083,BID
1443487820,1568.0,0.517,BID
1443487820,1568.0,1.0,BID
1443487820,1568.0,0.979,BID
1443487821,1568.0,2.23,BID
1443487821,1568.0,0.06,BID
1443487822,1568.0,0.312,BID
1443487824,1567.99,0.025,BID
1443487824,1567.99,0.0593,BID
1443487824,1568.0,1.9561,BID
1443487824,1568.0,0.684,BID
1443487825,1568.0,0.001,BID
1443487825,1568.0,0.0572,BID
1443487825,1568.0,0.01,BID
1443487826,1568.0,6.8887,BID
1443487828,1567.99,0.772,BID
1443487828,1567.99,0.4145,BID
1443487828,1568.0,0.5855,BID
1443487830,1568.0,1.205,BID
1443487831,1568.0,0.019,BID
1443487834,1568.0,1.0,BID
1443487835,1568.0,0.0018,BID
1443487842,1568.0,0.131,BID
1443487842,1567.21,0.1,ASK
1443487842,1567.2,2.0,ASK
1443487842,1567.01,0.015,ASK
1443487842,1567.0,0.3,ASK
1443487842,1566.21,0.008,ASK
1443487842,1566.01,0.015,ASK
1443487842,1566.0,0.3,ASK
1443487842,1565.7,0.0017,ASK
1443487842,1565.48,1.1884,ASK
1443487842,1565.47,1.0719,ASK
1443487843,1568.0,0.956,BID
1443487844,1567.99,0.001,BID
1443487844,1567.99,0.014,BID
1443487844,1567.99,0.034,BID
1443487847,1567.99,0.01,BID
1443487851,1567.99,0.0003,BID
1443487851,1568.0,0.0497,BID
1443487851,1567.24,0.3,ASK
1443487852,1567.99,0.01,BID
1443487854,1567.99,0.0162,BID
1443487854,1568.0,0.0338,BID
1443487854,1568.0,0.0162,BID
1443487857,1568.0,0.1306,BID
1443487857,1568.0,0.3,BID
1443487859,1567.99,0.012,BID
1443487859,1567.99,0.0095,BID
1443487859,1568.7,0.0017,BID
1443487859,1568.96,0.001,BID
1443487859,1568.99,0.4178,BID
1443487860,1568.98,0.0215,BID
1443487864,1567.27,0.638,ASK
1443487864,1567.24,0.105,ASK
1443487864,1567.02,4.0,ASK
1443487864,1567.02,0.257,ASK
1443487866,1568.25,0.001,BID
1443487866,1568.98,0.0015,BID
1443487866,1568.98,0.0075,BID
1443487885,1567.3,0.001,ASK
1443487888,1567.99,0.001,ASK
1443487888,1567.3,0.125,ASK
1443487888,1567.02,0.0206,ASK
1443487888,1567.02,0.1613,ASK
1443487888,1567.01,0.4129,ASK
1443487888,1567.01,0.015,ASK
1443487888,1567.01,0.05,ASK
1443487888,1567.0,0.3,ASK
1443487888,1567.0,1.0,ASK
1443487888,1566.75,0.001,ASK
1443487888,1566.0,0.3,ASK
1443487888,1565.6,2.6132,ASK
1443487890,1568.02,0.001,ASK
1443487893,1566.1,0.582,ASK
1443487894,1566.02,2.08,ASK
1443487895,1566.67,0.125,BID
1443487895,1567.99,0.015,BID
1443487895,1568.0,0.16,BID
1443487897,1567.82,0.02,ASK
1443487898,1566.07,0.01,ASK
1443487899,1566.07,0.779,ASK
1443487899,1566.03,0.0272,ASK
1443487899,1566.02,0.08,ASK
1443487899,1566.02,0.099,ASK
1443487899,1566.01,4.0148,ASK
1443487902,1566.41,0.062,BID
1443487903,1566.36,0.0386,BID
1443487904,1566.01,1.141,ASK
1443487904,1566.36,0.01,BID
1443487908,1566.01,1.5,ASK
1443487908,1566.01,0.322,ASK
1443487908,1566.01,0.14,ASK
1443487908,1566.0,0.3,ASK
1443487910,1565.6,0.18,ASK
1443487910,1566.0,0.01,BID
1443487910,1565.6,4.5009,ASK
1443487910,1565.3,0.4991,ASK
1443487911,1565.57,20.595,ASK
1443487912,1565.3,0.6591,ASK
1443487912,1565.02,0.0059,ASK
1443487912,1565.01,1.335,ASK
1443487913,1565.2,0.01,BID
1443487913,1565.3,0.002,BID
1443487917,1565.3,0.01,BID
1443487920,1565.01,5.0,ASK
1443487921,1565.01,0.65,ASK
1443487921,1565.01,0.65,ASK
1443487922,1565.24,0.1,BID
1443487922,1565.01,0.65,ASK
1443487922,1565.24,0.403,BID
1443487922,1565.25,0.597,BID
1443487922,1565.01,0.65,ASK
1443487922,1565.01,10.065,ASK
1443487922,1565.0,0.3,ASK
1443487922,1565.0,0.9469,ASK
1443487922,1565.0,10.0,ASK
1443487924,1564.99,7.0,ASK
1443487924,1564.99,23.0,ASK
1443487924,1564.99,40.379,ASK
1443487926,1565.0,0.001,BID
1443487928,1564.95,0.144,BID
1443487928,1565.0,0.65,BID
1443487928,1565.0,0.206,BID
1443487929,1565.0,0.015,BID
1443487930,1564.94,0.012,BID
1443487930,1565.0,0.429,BID
1443487930,1565.0,0.559,BID
1443487931,1564.53,0.5036,ASK
1443487931,1564.52,0.0018,ASK
1443487931,1564.03,4.4946,ASK
1443487932,1564.04,2.0,ASK
1443487932,1564.04,8.727,ASK
1443487936,1564.03,0.026,ASK
1443487937,1564.95,0.5036,BID
1443487937,1564.96,0.0341,BID
1443487937,1564.97,0.4623,BID
1443487937,1564.03,0.4794,ASK
1443487937,1564.03,0.3096,ASK
1443487940,1564.01,0.01,BID
1443487941,1564.0,0.3,ASK
1443487944,1563.7,0.017,ASK
1443487944,1563.6,1.301,ASK
1443487944,1563.5,0.3,ASK
1443487944,1563.04,3.0,ASK
1443487944,1563.01,0.382,ASK
1443487948,1563.98,0.01,BID
1443487948,1563.98,0.01,BID
1443487948,1563.98,0.025,BID
1443487948,1563.99,0.081,BID
1443487948,1563.99,0.116,BID
1443487949,1563.57,0.01,BID
1443487949,1563.99,0.035,BID
1443487951,1563.98,0.025,BID
1443487951,1563.98,0.182,BID
1443487951,1563.98,0.05,BID
1443487951,1563.98,0.268,BID
1443487951,1563.99,0.007,BID
1443487953,1563.01,0.026,ASK
1443487953,1563.95,0.55,BID
1443487954,1563.02,0.5042,ASK
1443487954,1563.01,0.0549,ASK
1443487954,1563.01,0.015,ASK
1443487954,1563.0,0.3,ASK
1443487954,1562.51,0.015,ASK
1443487954,1562.5,0.3,ASK
1443487954,1562.2,0.0242,ASK
1443487954,1562.19,0.4832,ASK
1443487954,1562.0,0.3,ASK
1443487954,1561.5,0.3,ASK
1443487954,1561.01,2.16,ASK
1443487954,1561.0,0.3,ASK
1443487954,1560.98,0.2435,ASK
1443487955,1563.95,0.13,BID
1443487955,1563.95,0.002,BID
1443487955,1563.99,0.031,BID
1443487958,1563.99,0.03,BID
1443487958,1563.99,0.217,BID
1443487958,1563.99,0.083,BID
1443487958,1563.99,0.3,BID
1443487958,1564.49,0.0782,BID
1443487960,1563.98,0.031,BID
1443487961,1563.98,0.0005,BID
1443487961,1563.99,0.0995,ASK
1443487961,1561.04,0.0381,ASK
1443487961,1561.04,4.0,ASK
1443487961,1561.03,0.762,ASK
1443487961,1561.02,0.0112,ASK
1443487961,1561.02,0.0784,ASK
1443487961,1561.01,0.0108,ASK
1443487961,1564.02,0.0014,BID
1443487973,1562.0,0.3,ASK
1443487974,1562.0,0.01,BID
1443487978,1561.98,0.012,BID
1443487979,1561.01,0.2135,ASK
1443487979,1560.5,0.3,ASK
1443487979,1560.0,0.3,ASK
1443487979,1560.0,1.0,ASK
1443487979,1559.5,0.3,ASK
1443487979,1559.31,2.16,ASK
1443487979,1559.3,0.7265,ASK
1443487985,1561.11,0.5,ASK
1443487989,1561.69,0.001,ASK
1443487989,1561.49,2.0,ASK
1443487989,1561.49,5.424,ASK
1443487991,1559.03,0.641,ASK
1443487991,1559.01,0.01,ASK
1443487991,1559.01,0.5,ASK
1443487991,1559.0,0.3,ASK
1443487991,1558.7,0.034,ASK
1443487991,1558.22,0.2148,ASK
1443487991,1558.22,0.043,ASK
1443487991,1558.22,0.0086,ASK
1443487991,1558.21,1.0744,ASK
1443487991,1558.21,2.1742,ASK
1443487993,1560.5,0.01,BID
1443487993,1560.5,0.282,BID
1443487994,1560.5,0.008,BID
1443487994,1560.95,0.762,BID
1443487995,1560.99,0.01,BID
1443487996,1558.24,1.0,BID
1443487996,1558.24,2.0,BID
1443487996,1558.24,12.794,BID
1443487997,1560.98,0.0252,BID
1443487997,1560.99,0.005,BID
1443487997,1560.99,0.4888,BID
1443487997,1560.99,0.0154,BID
1443487997,1560.99,0.8561,BID
1443487999,1560.99,0.05,BID
1443487999,1560.0,0.025,BID
1443487999,1560.0,0.2722,BID
1443488002,1560.0,0.0028,BID
1443488002,1560.96,0.0072,BID
1443488003,1558.29,0.5051,ASK
1443488003,1558.28,0.0392,ASK
1443488003,1558.28,4.0,ASK
1443488003,1558.27,0.4557,ASK
1443488005,1560.98,0.24,BID
1443488006,1560.95,0.0317,BID
1443488006,1560.98,0.0103,BID
1443488006,1559.5,0.3,ASK
1443488006,1558.28,0.9076,ASK
1443488006,1558.28,0.5,ASK
1443488006,1558.28,1.2924,ASK
1443488007,1560.95,0.052,BID
1443488007,1560.95,0.4531,BID
1443488007,1560.95,0.9536,BID
1443488010,1559.97,0.05,BID
1443488010,1559.97,0.194,BID
1443488011,1558.32,0.0119,ASK
1443488011,1558.31,0.133,ASK
1443488011,1558.31,0.5,ASK
1443488011,1558.29,0.5,ASK
1443488011,1558.22,0.1624,ASK
1443488011,1558.2,3.6927,ASK
1443488012,1559.92,0.2752,BID
1443488013,1559.92,0.1798,BID
1443488013,1559.97,0.39,BID
1443488013,1560.23,0.0642,BID
1443488014,1559.91,0.0119,BID
1443488014,1560.23,0.0098,BID
1443488015,1559.96,0.0195,BID
1443488015,1559.96,0.1405,BID
1443488015,1559.96,0.011,BID
1443488017,1559.94,0.133,ASK
1443488018,1559.94,0.322,ASK
1443488018,1559.94,0.013,BID
1443488019,1559.0,0.3,ASK
1443488019,1558.36,0.1517,ASK
1443488019,1558.35,0.634,ASK
1443488019,1558.33,0.01,ASK
1443488019,1558.32,0.01,ASK
1443488019,1558.32,0.9552,ASK
1443488019,1558.21,0.0236,ASK
1443488019,1558.21,0.025,ASK
1443488019,1558.2,1.6793,ASK
1443488019,1558.01,0.1,ASK
1443488019,1558.0,0.3,ASK
1443488019,1557.01,0.1,ASK
1443488019,1557.0,0.3,ASK
1443488019,1556.02,0.4112,ASK
1443488022,1559.94,0.12,BID
1443488022,1560.23,0.001,BID
1443488025,1559.01,0.015,ASK
1443488028,1559.01,0.01,BID
1443488028,1559.01,0.005,BID
1443488028,1559.91,0.01,BID
1443488030,1559.0,0.01,BID
1443488030,1556.1,0.794,ASK
1443488030,1556.05,0.134,ASK
1443488030,1556.04,0.0327,ASK
1443488030,1556.03,4.0,ASK
1443488030,1556.01,0.0393,ASK
1443488031,1559.0,0.29,BID
1443488031,1559.9,0.01,BID
1443488033,1558.0,0.3,BID
1443488033,1558.95,0.794,BID
1443488033,1558.99,0.0145,BID
1443488033,1559.9,0.0217,BID
1443488033,1559.9,1.8502,BID
1443488035,1558.94,0.01,BID
1443488036,1558.94,0.0297,BID
1443488036,1558.97,0.01,BID
1443488039,1559.89,0.124,BID
1443488039,1558.0,0.3,ASK
1443488039,1557.0,0.3,ASK
1443488039,1556.18,0.755,ASK
1443488039,1556.15,0.5066,ASK
1443488039,1556.14,0.0101,ASK
1443488039,1556.14,0.0154,ASK
1443488039,1556.14,0.5,ASK
1443488039,1556.14,2.6129,ASK
1443488042,1558.91,0.124,BID
1443488045,1558.91,0.5,BID
1443488047,1558.9,0.0101,BID
1443488047,1558.91,0.0211,BID
1443488048,1558.86,0.0101,BID
1443488048,1557.65,0.001,ASK
1443488048,1557.0,0.3,ASK
1443488048,1556.18,0.144,ASK
1443488048,1556.15,4.555,ASK
1443488050,1558.85,0.031,BID
1443488050,1558.85,0.4756,BID
1443488050,1558.86,0.2794,BID
1443488052,1558.84,0.002,BID
1443488053,1558.8,0.0166,BID
1443488055,1558.0,0.01,BID
1443488056,1558.0,0.29,BID
1443488057,1558.79,0.0225,BID
1443488057,1558.82,0.4269,BID
1443488059,1558.02,0.01,ASK
1443488059,1556.96,0.0106,ASK
1443488059,1556.96,0.0148,ASK
1443488059,1556.95,0.5073,ASK
1443488059,1556.94,3.0,ASK
1443488059,1556.2,0.522,ASK
1443488059,1556.17,0.5,ASK
1443488059,1556.16,0.4353,ASK
1443488059,1558.77,0.0225,BID
1443488061,1558.77,0.0795,BID
1443488061,1558.77,0.449,BID
1443488061,1558.77,3.0,BID
1443488061,1558.77,6.0,BID
1443488061,1558.77,4.608,BID
1443488065,1558.01,0.01,BID
1443488067,1557.0,0.3,ASK
1443488067,1556.2,0.023,ASK
1443488067,1556.17,0.075,ASK
1443488067,1556.16,1.7247,ASK
1443488067,1556.01,0.0607,ASK
1443488067,1556.0,0.3,ASK
1443488067,1555.86,0.024,ASK
1443488067,1555.55,0.002,ASK
1443488067,1555.24,0.002,ASK
1443488067,1555.24,0.005,ASK
1443488067,1555.01,0.1,ASK
1443488067,1555.0,0.3,ASK
1443488067,1555.0,2.0836,ASK
1443488068,1558.0,0.0106,BID
1443488070,1557.99,0.023,BID
1443488070,1558.0,0.0024,BID
1443488070,1558.0,0.0124,BID
1443488070,1558.72,0.0705,BID
1443488070,1558.76,2.8976,BID
1443488071,1558.0,0.001,ASK
1443488071,1557.98,0.023,BID
1443488072,1555.55,0.1385,ASK
1443488072,1555.05,0.787,ASK
1443488072,1555.03,2.284,ASK
1443488072,1555.03,2.9045,ASK
1443488072,1555.02,2.16,ASK
1443488072,1555.0,17.9164,ASK
1443488072,1555.0,0.2,ASK
1443488072,1554.93,0.004,ASK
1443488072,1554.27,1.2975,ASK
1443488073,1557.97,4.0,ASK
1443488073,1557.97,12.0,ASK
1443488073,1557.97,8.844,ASK
1443488073,1557.98,0.315,BID
1443488075,1557.55,0.1,BID
1443488078,1557.0,0.01,BID
1443488079,1557.0,0.29,BID
1443488079,1557.52,0.01,BID
1443488080,1556.0,0.01,BID
1443488080,1556.0,0.29,BID
1443488081,1556.99,0.0145,BID
1443488084,1557.46,0.0158,ASK
1443488084,1556.97,0.3,BID
1443488085,1556.02,0.01,ASK
1443488085,1555.11,0.102,ASK
1443488085,1555.08,0.005,ASK
1443488085,1555.08,0.0177,ASK
1443488085,1555.0,0.3,ASK
1443488086,1555.0,0.3,BID
1443488087,1555.0,0.1201,BID
1443488087,1555.0,0.5,BID
1443488088,1555.0,1.5,BID
1443488088,1555.0,0.067,BID
1443488088,1555.0,1.5,BID
1443488089,1554.95,0.2,BID
1443488090,1554.95,0.03,BID
1443488090,1554.95,0.557,BID
1443488090,1555.0,4.9702,BID
1443488090,1555.0,0.5,BID
1443488090,1555.0,0.0109,BID
1443488090,1555.0,1.5,BID
1443488092,1555.0,0.1,BID
1443488093,1554.97,0.102,BID
1443488093,1554.99,0.0374,BID
1443488093,1554.99,0.0369,BID
1443488093,1555.0,0.1637,BID
1443488096,1554.99,0.0175,BID
1443488096,1555.0,0.0199,BID
1443488096,1555.0,0.32,BID
1443488097,1555.0,0.321,BID
1443488097,1555.0,0.311,BID
1443488097,1555.0,0.0018,BID
1443488098,1555.0,0.0175,BID
1443488101,1555.0,0.3825,BID
1443488101,1555.0,0.5,BID
1443488103,1555.0,0.4597,BID
1443488104,1555.97,0.351,BID
1443488104,1556.0,0.0586,BID
1443488104,1556.0,0.2414,BID
1443488104,1556.0,0.321,ASK
1443488105,1556.0,0.1276,ASK
1443488105,1555.01,0.1834,ASK
1443488105,1555.01,0.6431,ASK
1443488105,1555.01,0.3241,ASK
1443488105,1556.14,0.001,BID
1443488105,1556.96,0.19,BID
1443488106,1556.96,0.351,BID
1443488108,1555.31,0.001,BID
1443488108,1556.96,0.009,BID
1443488109,1555.07,0.001,ASK
1443488114,1556.96,2.065,BID
1443488116,1556.95,0.1483,BID
1443488116,1556.96,0.3517,BID
1443488118,1555.35,0.0176,ASK
1443488118,1555.09,0.0285,ASK
1443488118,1555.08,0.025,ASK
1443488118,1555.07,0.1255,ASK
1443488120,1556.96,0.1,BID
1443488120,1556.95,0.026,BID
1443488120,1556.96,0.024,BID
1443488121,1556.95,0.0285,BID
1443488121,1556.95,0.0176,BID
1443488121,1556.96,0.2519,BID
1443488123,1556.96,0.59,BID
1443488124,1556.94,0.046,BID
1443488125,1556.94,0.094,BID
1443488125,1556.95,0.812,BID
1443488126,1555.38,0.001,ASK
1443488126,1556.95,0.748,BID
1443488127,1556.96,0.024,BID
1443488128,1556.95,0.42,BID
1443488129,1555.39,0.508,ASK
1443488129,1555.02,0.1124,ASK
1443488129,1555.01,0.319,ASK
1443488129,1555.01,0.1271,ASK
1443488130,1557.0,0.04,BID
1443488130,1557.0,0.26,BID
1443488130,1557.53,0.005,BID
1443488130,1557.55,0.0385,BID
1443488130,1557.96,0.002,BID
1443488130,1558.0,0.3,BID
1443488131,1558.25,0.015,ASK
1443488131,1558.25,0.015,ASK
1443488137,1558.24,0.2322,BID
1443488140,1557.0,0.1374,ASK
1443488147,1557.02,0.001,ASK
1443488148,1558.22,0.005,BID
1443488148,1558.98,0.0088,BID
1443488149,1558.19,0.0138,BID
1443488151,1558.19,0.262,BID
1443488153,1558.18,0.0138,BID
1443488153,1558.98,0.0062,BID
1443488156,1558.98,0.013,BID
1443488166,1558.2,0.001,ASK
1443488170,1557.11,0.001,ASK
1443488173,1557.15,0.4534,ASK
1443488179,1558.94,0.001,BID
1443488187,1557.19,0.001,ASK
1443488203,1558.8,0.0021,BID
1443488209,1558.2,0.001,BID
1443488209,1558.79,0.009,BID
1443488210,1557.07,0.0254,ASK
1443488210,1557.06,0.025,ASK
1443488210,1557.06,0.0326,ASK
1443488212,1557.07,0.0229,ASK
1443488212,1557.06,0.433,ASK
1443488212,1557.0,0.1626,ASK
1443488212,1557.0,0.6362,ASK
1443488212,1556.97,0.005,ASK
1443488212,1556.23,0.001,ASK
1443488212,1556.0,0.2393,ASK
1443488215,1556.3,0.01,BID
1443488215,1557.04,0.423,BID
1443488216,1557.04,0.01,BID
1443488219,1558.09,0.009,ASK
1443488220,1558.09,0.009,ASK
1443488221,1558.09,0.096,ASK
1443488221,1558.04,0.009,ASK
1443488224,1558.0,0.195,BID
1443488224,1558.08,0.105,BID
1443488224,1558.08,0.105,BID
1443488224,1558.08,0.025,BID
1443488226,1557.98,0.005,BID
1443488226,1558.07,0.027,BID
1443488230,1556.14,0.001,ASK
1443488230,1556.06,0.126,ASK
1443488230,1556.03,0.515,ASK
1443488233,1557.0,0.3,ASK
1443488240,1556.94,0.453,BID
1443488240,1556.99,0.3,BID
1443488240,1556.99,0.3,BID
1443488240,1556.99,0.131,BID
1443488240,1557.19,0.001,BID
1443488240,1557.39,0.098,BID
1443488245,1556.91,0.0031,BID
1443488250,1556.9,0.0314,BID
1443488250,1556.91,0.0686,BID
1443488259,1556.88,0.1,BID
1443488271,1556.84,0.1,BID
1443488278,1556.8,0.001,BID
1443488282,1556.8,0.01,BID
1443488283,1556.8,0.1,BID
1443488287,1556.02,0.005,ASK
1443488287,1556.0,0.0607,ASK
1443488287,1555.51,0.012,ASK
1443488287,1555.5,0.2463,ASK
1443488296,1556.66,0.001,BID
1443488296,1556.75,0.002,BID
1443488296,1555.52,0.005,ASK
1443488296,1555.5,0.0537,ASK
1443488296,1555.16,0.001,ASK
1443488296,1555.0,0.2943,ASK
1443488303,1555.99,0.0257,BID
1443488303,1555.99,0.0743,BID
1443488307,1555.79,0.07,BID
1443488307,1555.8,0.03,BID
1443488314,1555.0,0.0057,ASK
1443488316,1555.0,1.5,ASK
1443488316,1555.0,0.0057,ASK
1443488317,1555.0,0.56,ASK
1443488317,1555.0,1.0,ASK
1443488317,1555.0,0.002,ASK
1443488317,1555.0,0.98,ASK
1443488317,1555.0,0.417,ASK
1443488318,1555.0,0.5489,ASK
1443488318,1554.29,0.002,ASK
1443488318,1554.01,0.1,ASK
1443488318,1554.0,0.3,ASK
1443488318,1554.0,0.0491,ASK
1443488318,1554.0,1.0,ASK
1443488318,1554.0,0.01,ASK
1443488318,1554.0,0.92,ASK
1443488318,1554.01,0.1,BID
1443488319,1554.01,0.001,BID
1443488319,1554.0,0.5,ASK
1443488324,1554.01,0.118,BID
1443488326,1554.02,0.05,ASK
1443488327,1554.02,0.068,ASK
1443488327,1554.02,0.118,ASK
1443488327,1554.02,0.118,ASK
1443488327,1554.01,0.1,ASK
1443488327,1554.0,1.0909,ASK
1443488329,1553.81,0.001,ASK
1443488329,1554.0,1.0,BID
1443488329,1554.0,1.0,BID
1443488330,1554.0,0.5051,BID
1443488330,1554.0,0.354,BID
1443488331,1554.01,0.1419,ASK
1443488331,1554.01,0.6435,ASK
1443488331,1554.01,0.6435,ASK
1443488331,1554.0,0.5711,BID
1443488333,1554.01,0.0724,ASK
1443488333,1554.01,0.6435,ASK
1443488333,1554.01,0.1741,ASK
1443488333,1554.01,0.4694,ASK
1443488340,1554.0,0.01,BID
1443488340,1554.0,0.005,ASK
1443488343,1553.69,0.008,ASK
1443488350,1553.03,0.002,ASK
1443488350,1553.01,0.1,ASK
1443488350,1553.0,0.3,ASK
1443488350,1552.13,0.0076,ASK
1443488350,1552.01,0.1,ASK
1443488350,1552.01,0.0241,ASK
1443488350,1552.0,0.1866,ASK
1443488350,1551.42,5.0,ASK
1443488350,1551.41,0.6632,ASK
1443488353,1553.49,0.001,ASK
1443488362,1553.0,0.035,BID
1443488363,1553.0,0.001,BID
1443488364,1551.43,3.9372,ASK
1443488364,1551.36,1.2678,ASK
1443488364,1552.99,0.265,BID
1443488365,1552.98,0.0107,BID
1443488365,1552.99,0.0113,BID
1443488366,1552.99,0.16,BID
1443488366,1552.98,0.0326,BID
1443488366,1552.99,0.4674,BID
1443488367,1552.99,0.159,BID
1443488371,1552.98,0.01,BID
1443488371,1552.99,0.09,BID
1443488385,1552.96,0.001,BID
1443488390,1552.94,2.1802,BID
1443488391,1551.38,0.108,ASK
1443488391,1551.37,0.072,ASK
1443488407,1552.9,0.0021,BID
1443488407,1552.9,1.5,BID
1443488408,1551.36,0.001,ASK
1443488418,1552.84,0.01,BID
1443488418,1552.84,0.39,BID
1443488418,1552.84,0.861,BID
1443488418,1552.84,0.5,BID
1443488420,1551.4,0.03,ASK
1443488420,1551.38,0.5102,ASK
1443488420,1551.37,2.16,ASK
1443488420,1551.36,14.9461,ASK
1443488420,1551.35,0.001,ASK
1443488420,1551.27,0.018,ASK
1443488420,1551.01,0.1,ASK
1443488420,1551.0,0.3,ASK
1443488420,1551.0,0.0644,ASK
1443488420,1551.0,29.4437,ASK
1443488420,1551.0,0.3373,ASK
1443488421,1551.0,0.5,BID
1443488423,1551.0,0.763,BID
1443488424,1551.0,0.5,BID
1443488425,1551.0,0.5,BID
1443488425,1551.0,0.96,BID
1443488425,1551.0,0.933,BID
1443488425,1550.96,0.002,ASK
1443488425,1551.0,0.743,BID
1443488425,1551.0,0.6447,BID
1443488425,1551.0,0.015,BID
1443488425,1551.0,0.6447,BID
1443488425,1551.0,0.6447,BID
1443488426,1551.0,0.6447,BID
1443488426,1551.0,0.6447,BID
1443488426,1551.0,0.2507,BID
1443488426,1551.02,21.327,BID
1443488427,1551.01,0.002,ASK
1443488427,1551.75,0.18,ASK
1443488427,1551.01,0.248,ASK
1443488427,1552.82,0.0171,BID
1443488427,1552.83,0.3109,BID
1443488427,1552.83,0.011,BID
1443488427,1551.01,0.144,ASK
1443488427,1551.01,0.6447,ASK
1443488427,1551.01,0.6447,ASK
1443488427,1551.0,0.5,ASK
1443488428,1551.0,1.5,BID
1443488428,1551.0,0.0021,BID
1443488428,1551.0,0.6447,BID
1443488428,1551.0,0.6447,BID
1443488428,1551.0,0.01,BID
1443488428,1551.0,2.555,BID
1443488428,1550.99,10.0,BID
1443488428,1550.99,3.0,BID
1443488428,1550.99,1.777,BID
1443488428,1551.0,0.6447,BID
1443488429,1551.0,5.3595,BID
1443488429,1551.36,0.001,BID
1443488429,1552.82,0.0909,BID
1443488429,1552.83,4.7853,BID
1443488429,1552.84,1.124,BID
1443488431,1552.84,0.149,BID
1443488432,1552.83,1.629,BID
1443488433,1552.83,0.811,BID
1443488434,1552.82,0.1,BID
1443488436,1552.82,0.4102,BID
1443488436,1552.84,0.2898,BID
1443488438,1552.84,0.1602,BID
1443488441,1552.84,0.627,BID
1443488444,1552.84,1.5,BID
1443488445,1552.84,0.285,BID
1443488447,1552.84,0.579,BID
1443488449,1552.84,0.069,BID
1443488449,1552.04,0.001,ASK
1443488449,1552.84,0.0691,BID
1443488450,1552.84,0.608,BID
1443488450,1552.84,0.031,BID
1443488451,1552.84,0.13,BID
1443488452,1552.85,0.001,BID
1443488452,1552.9,0.244,BID
1443488453,1552.9,0.2539,BID
1443488453,1553.0,0.264,BID
1443488453,1553.97,0.002,BID
1443488453,1554.0,0.3,BID
1443488453,1554.12,0.001,BID
1443488453,1554.43,0.002,BID
1443488454,1554.86,0.3,ASK
1443488463,1554.99,0.5,BID
1443488463,1554.99,0.65,BID
1443488463,1554.99,0.65,BID
1443488464,1555.0,0.3,BID
1443488466,1555.05,0.004,BID
1443488466,1555.19,0.11,BID
1443488466,1555.99,0.186,BID
1443488466,1555.99,0.0045,BID
1443488468,1555.99,0.05,BID
1443488469,1555.03,0.001,ASK
1443488470,1555.03,0.001,ASK
1443488471,1555.97,0.002,BID
1443488473,1556.0,0.05,BID
1443488475,1555.98,0.01,BID
1443488475,1556.0,0.25,BID
1443488475,1556.29,0.008,BID
1443488475,1556.64,0.005,BID
1443488475,1557.0,0.3,BID
1443488475,1557.19,0.607,BID
1443488477,1555.02,0.0021,ASK
1443488478,1557.18,0.3936,BID
1443488483,1555.11,0.005,ASK
1443488483,1555.09,0.002,ASK
1443488483,1555.08,0.0399,ASK
1443488483,1555.08,0.2531,ASK
1443488489,1555.12,0.001,ASK
1443488490,1557.14,0.005,BID
1443488490,1557.16,0.002,BID
1443488490,1557.17,0.003,BID
1443488493,1557.13,0.0021,BID
1443488493,1557.16,0.0409,BID
1443488493,1557.17,0.057,BID
1443488499,1557.14,0.002,BID
1443488499,1557.16,0.018,BID
1443488505,1557.12,0.005,BID
1443488505,1557.15,0.005,BID
1443488509,1556.02,0.001,ASK
1443488512,1556.03,0.0021,ASK
1443488512,1557.15,0.02,BID
1443488512,1557.15,0.0028,BID
1443488517,1556.02,0.156,ASK
1443488517,1556.01,4.3048,ASK
1443488517,1556.01,0.015,ASK
1443488517,1556.0,0.3,ASK
1443488518,1556.0,0.0961,BID
1443488520,1557.14,0.0961,BID
1443488534,1556.99,0.01,BID
1443488535,1556.07,0.01,ASK
1443488535,1556.06,0.003,ASK
1443488537,1556.06,0.001,ASK
1443488538,1556.98,0.0021,BID
1443488538,1556.99,0.005,BID
1443488538,1557.0,0.0029,BID
1443488538,1556.99,0.001,BID
1443488540,1556.99,0.009,BID
1443488540,1557.0,0.001,BID
1443488543,1556.07,0.016,ASK
1443488544,1556.99,0.0148,BID
1443488544,1557.0,0.0852,BID
1443488550,1556.99,0.0105,BID
1443488552,1556.99,0.016,BID
1443488552,1557.0,0.0105,BID
1443488553,1556.06,0.01,ASK
1443488554,1556.99,0.0105,BID
1443488554,1557.0,0.1899,BID
1443488555,1557.0,0.0105,BID
1443488557,1556.07,0.001,ASK
1443488569,1557.0,0.001,ASK
1443488571,1557.0,0.0052,ASK
1443488571,1557.0,4.9948,ASK
1443488572,1557.0,0.65,ASK
1443488573,1557.0,0.65,ASK
1443488574,1557.0,0.65,ASK
1443488574,1557.0,0.568,ASK
1443488587,1556.98,0.01,BID
1443488588,1556.98,0.001,BID
1443488588,1556.97,7.0,BID
1443488588,1556.97,0.874,BID
1443488599,1556.97,0.001,BID
1443488599,1556.98,0.0081,BID
1443488599,1556.98,0.0009,BID
1443488600,1556.25,3.483,BID
1443488609,1556.24,0.001,ASK
1443488609,1556.01,0.015,ASK
1443488609,1556.0,0.3,ASK
1443488618,1556.24,0.004,BID
1443488619,1556.24,0.011,BID
1443488619,1556.97,0.004,BID
1443488631,1556.94,0.0241,BID
1443488631,1556.95,0.4759,BID
1443488641,1556.92,0.0018,BID
1443488649,1556.01,0.5091,ASK
1443488649,1556.0,0.3269,ASK
1443488649,1556.01,0.001,ASK
1443488651,1556.01,0.0166,ASK
1443488651,1556.0,0.4924,ASK
1443488655,1556.01,0.0255,ASK
1443488655,1556.0,0.0168,ASK
1443488667,1556.67,0.0101,BID
1443488670,1556.66,0.01,BID
1443488670,1556.66,0.09,BID
1443488688,1556.0,0.001,BID
1443488693,1556.0,0.001,ASK
1443488710,1556.0,0.001,ASK
1443488719,1556.51,0.0018,BID
1443488739,1556.0,0.001,BID
1443488739,1556.5,0.0154,BID
1443488740,1556.5,0.0796,ASK
1443488740,1555.81,0.025,ASK
1443488740,1555.8,0.3964,ASK
1443488742,1555.8,0.1036,ASK
1443488742,1555.77,0.001,ASK
1443488743,1555.7,0.079,BID
1443488743,1555.77,0.317,BID
1443488745,1555.77,0.0794,BID
1443488745,1556.49,3.0,BID
1443488745,1556.49,2.0,BID
1443488745,1556.49,11.809,BID
1443488776,1555.8,0.001,BID
1443488776,1556.0,0.001,BID
1443488776,1556.0,0.001,BID
1443488776,1556.48,0.0272,BID
1443488776,1556.48,0.0154,BID
1443488776,1556.49,0.105,BID
1443488789,1556.49,1.5,BID
1443488790,1556.49,0.836,BID
1443488791,1555.79,0.001,ASK
1443488798,1556.49,0.01,BID
1443488813,1555.79,0.001,ASK
1443488816,1556.48,0.3,BID
1443488828,1556.45,0.276,BID
1443488831,1555.79,0.001,ASK
1443488853,1555.79,0.001,BID
1443488853,1556.44,0.0052,BID
1443488861,1556.43,0.01,BID
1443488861,1556.43,0.09,BID
1443488862,1556.43,3.91,BID
1443488862,1556.43,1.1761,BID
1443488872,1555.65,0.001,BID
1443488872,1556.41,0.0007,BID
1443488881,1555.53,0.001,ASK
1443488882,1555.79,0.001,BID
1443488882,1556.4,1.0213,BID
1443488885,1555.53,0.001,BID
1443488890,1555.53,0.1376,ASK
1443488892,1555.34,0.001,ASK
1443488892,1555.22,0.005,ASK
1443488892,1555.2,0.002,ASK
1443488892,1555.2,0.001,ASK
1443488892,1555.02,0.001,ASK
1443488892,1555.0,0.3,ASK
1443488895,1555.53,0.0011,BID
1443488902,1555.51,0.005,BID
1443488902,1555.53,0.2006,BID
1443488918,1554.18,0.005,ASK
1443488918,1554.18,0.002,ASK
1443488918,1554.15,0.001,ASK
1443488918,1554.0,0.3,ASK
1443488919,1555.0,0.001,BID
1443488922,1554.99,0.0414,BID
1443488932,1553.07,0.005,ASK
1443488933,1553.06,0.001,BID
1443488934,1553.06,0.004,BID
1443488935,1553.06,0.001,ASK
1443488935,1553.05,0.004,ASK
1443488936,1553.05,0.01,ASK
1443488940,1554.71,0.001,BID
1443488940,1554.79,0.1,BID
1443488941,1554.79,0.0083,BID
1443488972,1553.07,0.001,ASK
1443488973,1554.68,0.001,BID
1443488978,1553.08,0.0034,ASK
1443488978,1553.07,5.0,ASK
1443488978,1553.06,1.0453,ASK
1443488995,1553.22,0.001,ASK
1443488996,1554.72,0.001,BID
1443488996,1554.84,0.011,BID
1443488996,1554.91,0.013,BID
1443488996,1554.94,2.16,BID
1443488996,1554.95,2.6403,BID
1443489000,1554.68,0.0087,ASK
1443489000,1553.19,0.025,ASK
1443489000,1553.18,0.643,ASK
1443489000,1553.16,4.2098,ASK
1443489000,1553.18,3.0,ASK
1443489000,1553.18,5.577,ASK
1443489010,1554.68,0.026,BID
1443489010,1554.69,0.619,BID
1443489012,1553.17,0.001,ASK
1443489019,1554.92,0.3982,BID
1443489022,1554.92,0.0031,BID
1443489024,1554.92,0.28,BID
1443489033,1553.08,0.001,ASK
1443489033,1554.92,0.01,BID
1443489037,1554.97,0.005,BID
1443489037,1555.0,0.005,BID
1443489042,1555.0,0.177,BID
1443489043,1555.0,0.118,BID
1443489043,1555.14,0.161,BID
1443489045,1554.92,0.0018,ASK
1443489049,1554.92,0.0018,BID
1443489052,1554.9,0.005,BID
1443489052,1555.15,0.002,BID
1443489052,1555.51,0.002,BID
1443489052,1555.77,0.004,BID
1443489052,1556.0,0.282,BID
1443489055,1555.54,0.001,BID
1443489055,1556.0,0.009,BID
1443489055,1554.04,0.001,ASK
1443489061,1555.01,0.135,BID
1443489062,1554.99,0.002,BID
1443489062,1556.0,0.009,BID
1443489065,1556.36,0.124,ASK
1443489065,1556.34,0.01,ASK
1443489072,1555.01,0.001,ASK
1443489093,1555.01,0.001,ASK
1443489098,1555.01,0.0087,ASK
1443489099,1556.04,0.001,BID
1443489112,1555.16,0.0107,ASK
1443489115,1555.16,0.001,ASK
1443489120,1555.16,0.001,ASK
1443489121,1555.16,0.001,ASK
1443489122,1555.98,0.0096,BID
1443489123,1555.17,1.0,BID
1443489123,1555.17,14.0,BID
1443489123,1555.17,5.391,BID
1443489130,1555.97,0.0137,BID
1443489130,1555.17,0.001,ASK
1443489133,1555.98,0.133,BID
1443489133,1555.17,0.001,ASK
1443489134,1555.98,0.6476,BID
1443489138,1555.98,0.023,BID
1443489141,1555.97,0.01,BID
1443489141,1555.18,0.0018,ASK
1443489142,1555.97,0.001,BID
1443489144,1555.97,0.0031,BID
1443489144,1555.97,0.333,BID
1443489147,1555.97,1.0,BID
1443489152,1555.94,0.026,BID
1443489152,1555.97,0.0081,BID
1443489153,1555.22,0.001,ASK
1443489158,1555.97,0.0118,BID
1443489162,1555.97,4.5923,BID
1443489164,1555.22,0.0031,ASK
1443489164,1555.97,0.001,BID
1443489174,1555.97,0.01,BID
1443489176,1555.22,0.001,ASK
1443489179,1555.97,0.89,BID
1443489181,1555.97,0.02,BID
1443489183,1555.97,0.3186,BID
1443489183,1555.99,0.02,BID
1443489184,1555.99,0.3186,BID
1443489185,1555.99,0.3264,BID
1443489187,1555.99,0.0118,BID
1443489187,1555.22,0.001,ASK
1443489187,1555.22,0.0031,ASK
1443489188,1555.99,0.7577,BID
1443489189,1555.99,1.8737,BID
1443489190,1555.99,0.2618,BID
1443489190,1556.0,1.6112,BID
1443489190,1555.97,0.003,ASK
1443489190,1556.0,0.2618,BID
1443489191,1556.0,0.6427,BID
1443489191,1556.0,0.2618,BID
1443489192,1556.0,0.6427,BID
1443489193,1555.22,0.0008,ASK
1443489198,1555.22,0.0002,BID
1443489198,1556.0,0.0029,BID
1443489201,1556.0,0.8655,BID
1443489206,1556.0,19.3824,BID
1443489207,1555.99,14.0,BID
1443489207,1555.99,134.391,BID
1443489209,1555.97,0.5,BID
1443489209,1556.0,0.0079,BID
1443489216,1555.22,0.001,BID
1443489216,1556.0,0.009,BID
1443489217,1556.0,0.01,BID
1443489218,1556.0,0.1,BID
1443489222,1555.21,0.1241,ASK
1443489222,1555.21,0.028,ASK
1443489224,1555.2,1.18,ASK
1443489228,1555.21,0.3479,BID
1443489228,1555.21,0.152,BID
1443489228,1555.99,0.0311,BID
1443489228,1555.99,0.1241,BID
1443489228,1556.0,6.2021,BID
1443489228,1556.0,3.1428,BID
1443489229,1555.21,0.45,ASK
1443489230,1556.0,0.193,BID
1443489231,1555.22,0.4999,ASK
1443489231,1555.22,0.0001,ASK
1443489233,1555.23,0.075,ASK
1443489233,1555.22,0.425,ASK
1443489233,1555.22,0.0031,ASK
1443489234,1555.22,0.0717,ASK
1443489234,1555.22,0.2723,ASK
1443489237,1555.23,0.0412,ASK
1443489237,1555.22,0.2276,ASK
1443489237,1555.22,0.0021,ASK
1443489238,1555.21,0.52,ASK
1443489244,1555.22,0.001,BID
1443489244,1555.98,0.075,BID
1443489244,1555.98,0.0412,BID
1443489244,1556.0,0.0828,BID
1443489246,1555.21,0.01,ASK
1443489249,1556.0,0.0264,BID
1443489254,1555.22,0.001,ASK
1443489256,1555.23,0.001,BID
1443489274,1555.22,0.001,ASK
1443489297,1555.23,0.001,ASK
1443489298,1555.24,20.814,ASK
1443489306,1555.45,0.23,BID
1443489306,1556.0,0.1444,BID
1443489311,1555.46,0.0011,ASK
1443489314,1555.46,0.001,ASK
1443489317,1555.92,0.001,BID
1443489317,1556.0,0.219,BID
1443489324,1556.0,0.01,BID
1443489335,1555.69,0.001,ASK
1443489335,1556.0,0.0031,BID
1443489335,1556.0,1.5,BID
1443489336,1556.0,0.6427,BID
1443489336,1556.0,0.6427,BID
1443489337,1556.0,1.18,BID
1443489338,1556.0,1.3,BID
1443489338,1556.0,0.317,BID
1443489339,1556.0,1.18,BID
1443489339,1556.0,0.2381,BID
1443489339,1556.05,0.6274,BID
1443489340,1555.7,0.001,ASK
1443489341,1556.05,0.01,BID
1443489342,1556.0,0.0054,ASK
1443489342,1555.71,0.01,ASK
1443489342,1555.7,0.0847,ASK
1443489342,1555.7,0.0746,ASK
1443489342,1555.7,0.0344,ASK
1443489342,1555.69,4.876,ASK
1443489342,1555.67,0.9754,ASK
1443489342,1555.46,0.2279,ASK
1443489342,1555.46,0.23,ASK
1443489342,1555.46,0.23,ASK
1443489342,1555.45,2.3,ASK
1443489342,1555.23,1.4921,ASK
1443489342,1555.21,3.5209,ASK
1443489342,1555.2,2.6034,ASK
1443489342,1555.07,0.004,ASK
1443489342,1555.03,0.02,ASK
1443489342,1555.0,0.3,ASK
1443489342,1554.85,0.001,ASK
1443489342,1554.84,0.001,ASK
1443489342,1554.8,0.001,ASK
1443489342,1554.79,0.001,ASK
1443489342,1554.76,0.002,ASK
1443489342,1554.14,0.004,ASK
1443489342,1554.11,5.0,ASK
1443489342,1554.1,8.9098,ASK
1443489342,1554.09,4.0658,ASK
1443489342,1554.08,0.002,ASK
1443489342,1554.0,0.3,ASK
1443489342,1553.7,1.52,ASK
1443489342,1553.22,0.005,ASK
1443489342,1553.0,0.3,ASK
1443489342,1552.9,0.9,ASK
1443489342,1552.9,0.008,ASK
1443489342,1552.0,0.3,ASK
1443489342,1552.0,2.0918,ASK
1443489342,1552.0,7.4988,ASK
1443489343,1552.01,20.0,ASK
1443489343,1552.01,2.662,ASK
1443489344,1556.04,0.03,BID
1443489344,1556.05,0.155,BID
1443489345,1556.05,0.445,BID
1443489351,1556.06,0.155,ASK
1443489351,1556.06,0.145,ASK
1443489351,1556.46,1.0,ASK
1443489351,1556.46,9.821,ASK
1443489353,1556.06,0.3,ASK
1443489354,1556.06,0.155,ASK
1443489354,1555.3,0.145,ASK
1443489355,1555.3,0.001,ASK
1443489356,1555.3,0.154,ASK
1443489356,1554.01,0.015,ASK
1443489356,1554.0,0.131,ASK
1443489356,1554.01,9.0,ASK
1443489356,1554.01,2.73,ASK
1443489360,1555.46,0.001,BID
1443489360,1556.06,0.009,BID
1443489361,1556.46,0.002,BID
1443489361,1556.46,0.005,BID
1443489361,1556.48,0.003,BID
1443489363,1556.48,0.079,BID
1443489363,1556.48,0.037,BID
1443489366,1556.05,0.001,BID
1443489366,1556.47,0.015,BID
1443489366,1556.48,0.0041,BID
1443489367,1556.47,12.0,BID
1443489367,1556.47,5.0,BID
1443489367,1556.47,4.091,BID
1443489367,1556.48,0.01,BID
1443489383,1555.69,0.001,BID
1443489383,1556.06,0.009,BID
1443489386,1556.05,0.34,BID
1443489386,1555.59,0.01,ASK
1443489386,1555.58,0.1951,ASK
1443489386,1555.32,0.002,ASK
1443489386,1555.21,0.0643,ASK
1443489386,1555.2,0.7286,ASK
1443489387,1556.05,0.0791,BID
1443489387,1556.06,0.34,BID
1443489388,1556.06,0.2509,BID
1443489389,1556.05,0.0643,BID
1443489391,1555.92,0.0065,BID
1443489391,1556.05,0.0412,BID
1443489392,1556.05,0.0065,BID
1443489392,1556.06,0.0035,BID
1443489393,1556.06,0.0012,BID
1443489393,1556.06,0.01,BID
1443489395,1556.06,0.49,BID
1443489395,1555.23,0.001,ASK
1443489396,1556.06,0.6,BID
1443489397,1556.04,0.002,BID
1443489397,1556.06,0.008,BID
1443489399,1556.05,0.1155,BID
1443489400,1556.06,0.1,BID
1443489400,1556.06,0.017,BID
1443489401,1556.06,0.0145,BID
1443489415,1556.06,0.012,BID
1443489415,1556.05,0.001,ASK
1443489418,1556.05,0.001,ASK
1443489426,1556.05,0.008,ASK
1443489433,1556.0,0.292,BID
1443489435,1556.01,0.001,ASK
1443489436,1556.01,0.1517,ASK
1443489436,1556.0,1.2025,ASK
1443489437,1556.01,0.015,ASK
1443489437,1556.0,0.635,ASK
1443489437,1556.0,0.65,ASK
1443489438,1556.0,0.65,ASK
1443489438,1556.0,1.5841,ASK
1443489438,1556.0,0.0021,BID
1443489439,1555.99,0.0279,BID
1443489439,1555.99,0.6221,BID
1443489439,1555.99,0.3189,BID
1443489440,1555.99,0.3311,BID
1443489440,1555.99,0.65,BID
1443489440,1555.99,0.1989,BID
1443489451,1555.99,0.019,BID
1443489455,1555.99,0.1,BID
1443489472,1555.99,0.001,BID
1443489477,1555.74,0.001,BID
1443489477,1555.99,0.009,BID
1443489485,1555.98,0.0279,BID
1443489485,1555.98,0.0532,BID
1443489485,1555.99,0.3221,BID
1443489485,1555.99,0.65,BID
1443489485,1555.99,0.65,BID
1443489485,1556.0,0.4692,BID
1443489485,1556.0,0.001,BID
1443489485,1556.06,4.9339,BID
1443489496,1556.07,0.001,ASK
1443489498,1556.06,0.0031,ASK
1443489503,1556.06,2.58,ASK
1443489510,1556.06,0.2641,ASK
1443489512,1556.06,1.18,ASK
1443489516,1556.06,0.0011,ASK
1443489516,1556.06,0.001,ASK
1443489516,1556.47,0.001,BID
1443489517,1556.06,0.306,ASK
1443489523,1556.08,0.2102,ASK
1443489526,1556.09,0.0149,ASK
1443489526,1556.07,0.0279,ASK
1443489526,1556.06,0.5574,ASK
1443489544,1555.99,0.001,BID
1443489544,1556.07,0.001,BID
1443489544,1556.07,0.001,BID
1443489544,1556.42,0.0107,BID
1443489580,1556.06,0.001,BID
1443489580,1556.48,0.0533,BID
1443489580,1556.48,0.0457,BID
1443489597,1555.99,0.001,ASK
1443489597,1555.99,0.001,ASK
1443489598,1556.0,0.001,BID
1443489619,1555.99,0.0087,ASK
1443489623,1555.99,0.001,BID
1443489653,1555.98,1.18,ASK
1443489654,1555.98,0.65,ASK
1443489654,1555.98,0.2033,ASK
1443489655,1555.97,0.001,BID
1443489667,1555.97,0.4457,BID
1443489667,1555.97,0.1113,BID
1443489686,1555.97,0.001,BID
1443489699,1555.33,0.015,ASK
1443489699,1555.32,0.3,ASK
1443489699,1555.31,0.0169,ASK
1443489699,1555.3,0.039,ASK
1443489699,1555.3,0.3,ASK
1443489699,1555.24,0.002,ASK
1443489699,1555.23,0.001,ASK
1443489700,1555.23,0.306,BID
1443489707,1555.96,0.0429,BID
1443489707,1555.96,0.0247,BID
1443489707,1555.96,0.0236,BID
1443489707,1555.97,0.5377,BID
1443489707,1555.97,0.0138,BID
1443489709,1555.97,0.014,BID
1443489731,1555.74,0.001,BID
1443489731,1555.95,0.0004,BID
1443489750,1555.95,0.001,BID
1443489763,1555.23,0.001,BID
1443489764,1555.95,0.0006,BID
1443489764,1555.95,0.0994,BID
1443489776,1555.95,0.005,BID
1443489779,1555.74,0.001,BID
1443489779,1555.95,0.32,BID
1443489788,1555.23,0.001,BID
1443489788,1555.95,0.009,BID
1443489794,1555.95,0.001,BID
1443489799,1555.13,0.01,ASK
1443489799,1555.12,0.002,ASK
1443489799,1555.1,0.0899,ASK
1443489799,1555.0,0.3,ASK
1443489799,1554.96,0.9802,ASK
1443489799,1554.95,0.0078,ASK
1443489799,1554.49,0.001,ASK
1443489799,1554.26,0.001,ASK
1443489799,1554.25,0.001,ASK
1443489799,1554.24,0.001,ASK
1443489799,1554.24,0.001,ASK
1443489799,1554.24,0.001,ASK
1443489799,1554.03,1.737,ASK
1443489799,1554.02,0.005,ASK
1443489799,1554.0,0.169,ASK
1443489799,1553.76,0.001,ASK
1443489799,1553.0,0.3,ASK
1443489799,1552.6,3.3921,ASK
1443489801,1552.61,8.0,ASK
1443489801,1552.61,9.187,ASK
1443489807,1554.0,0.2489,BID
1443489808,1554.0,0.0511,BID
1443489808,1555.0,0.3,BID
1443489809,1554.0,0.005,ASK
1443489812,1554.97,0.001,BID
1443489813,1554.97,0.051,BID
1443489816,1554.98,0.001,BID
1443489820,1554.98,0.001,BID
1443489820,1555.21,0.157,BID
1443489826,1555.2,0.158,BID
1443489829,1554.94,0.018,BID
1443489832,1555.2,0.018,BID
1443489839,1554.34,0.001,BID
1443489858,1554.06,0.001,ASK
1443489878,1555.21,0.001,ASK
1443489896,1555.21,0.001,BID
1443489898,1555.89,0.001,ASK
1443489898,1555.89,0.0038,ASK
1443489900,1554.06,0.001,ASK
1443489917,1555.21,0.5,BID
1443489917,1555.92,0.2,BID
1443489919,1555.89,0.001,ASK
1443489920,1555.89,0.002,ASK
1443489939,1555.87,0.0024,BID
1443489946,1555.87,0.1,BID
1443489963,1554.97,0.001,BID
1443489986,1555.8,0.001,ASK
1443490005,1555.77,0.001,BID
1443490028,1554.92,0.001,BID
1443490028,1555.74,0.031,BID
1443490038,1555.71,0.011,BID
1443490058,1555.69,0.0011,BID
1443490073,1555.67,0.026,BID
1443490077,1555.67,0.026,BID
1443490080,1555.58,0.001,BID
1443490080,1555.67,0.025,BID
1443490081,1555.57,0.001,BID
1443490087,1555.67,0.022,BID
1443490090,1555.66,0.038,BID
1443490093,1555.66,0.001,BID
1443490099,1555.65,0.01,BID
1443490103,1555.65,0.51,BID
1443490104,1555.64,0.001,BID
1443490109,1555.8,0.001,BID
1443490109,1555.95,0.1656,BID
1443490109,1555.99,4.4444,BID
1443490110,1555.79,0.009,BID
1443490124,1555.8,0.001,BID
1443490124,1556.0,0.099,BID
1443490126,1555.69,0.0304,ASK
1443490126,1555.68,0.01,ASK
1443490126,1555.68,0.0577,ASK
1443490126,1555.68,0.4421,ASK
1443490126,1555.68,0.0986,ASK
1443490130,1555.06,0.001,BID
1443490131,1555.06,0.01,BID
1443490134,1555.05,0.0058,BID
1443490134,1555.06,0.0042,BID
1443490139,1555.06,4.686,BID
1443490139,1555.64,0.001,BID
1443490139,1555.68,0.0304,BID
1443490139,1555.68,0.0304,BID
1443490139,1555.98,0.0324,BID
1443490139,1555.99,1.6426,BID
1443490139,1555.99,0.9766,BID
1443490141,1555.38,0.001,BID
1443490141,1556.0,0.499,BID
1443490165,1555.05,0.008,ASK
1443490168,1555.06,0.01,ASK
1443490168,1555.05,0.01,ASK
1443490168,1555.04,0.0038,ASK
1443490168,1554.31,0.0359,ASK
1443490168,1554.31,0.1348,ASK
1443490168,1554.3,4.8399,ASK
1443490179,1555.79,0.008,BID
1443490179,1555.8,0.001,BID
1443490179,1555.95,0.0359,BID
1443490179,1555.95,0.1348,BID
1443490179,1555.95,0.1917,BID
1443490179,1555.96,0.1286,BID
1443490180,1555.8,0.001,ASK
1443490182,1555.96,0.508,BID
1443490183,1555.95,0.6427,BID
1443490183,1555.95,0.6427,BID
1443490183,1555.95,0.6427,BID
1443490183,1555.94,12.345,BID
1443490186,1555.95,4.839,BID
1443490187,1555.95,0.6427,BID
1443490187,1555.95,0.1073,BID
1443490187,1555.96,0.5354,BID
1443490188,1555.96,0.6427,BID
1443490188,1555.96,0.6427,BID
1443490188,1555.96,0.6427,BID
1443490188,1555.96,0.6427,BID
1443490189,1555.96,0.043,BID
1443490190,1555.96,0.6427,BID
1443490191,1555.96,0.6427,BID
1443490191,1555.96,0.6427,BID
1443490191,1555.96,0.6427,BID
1443490192,1555.96,0.6427,BID
1443490192,1555.96,0.4001,BID
1443490194,1556.0,0.259,BID
1443490195,1555.98,13.713,BID
1443490198,1556.0,3.613,BID
1443490200,1555.98,0.001,ASK
1443490204,1555.98,0.001,ASK
1443490207,1556.0,1.971,BID
1443490208,1555.98,3.0,BID
1443490208,1555.98,20.178,BID
1443490211,1556.0,1.0568,BID
1443490211,1556.0,0.3,BID
1443490211,1556.0,3.0869,BID
1443490211,1556.02,0.019,BID
1443490211,1556.33,0.002,BID
1443490211,1556.48,0.5,BID
1443490211,1556.49,0.0353,BID
1443490214,1555.99,0.0038,ASK
1443490220,1556.0,0.001,ASK
1443490237,1556.49,0.01,BID
1443490240,1556.01,0.001,ASK
1443490240,1556.01,0.001,ASK
1443490241,1556.48,0.0021,BID
1443490247,1556.48,0.0017,BID
1443490247,1556.49,0.0083,BID
1443490251,1556.49,0.01,BID
1443490251,1556.49,0.1964,BID
1443490254,1556.49,0.232,BID
1443490258,1556.49,3.857,BID
1443490258,1556.49,0.1,BID
1443490258,1556.54,0.232,BID
1443490261,1556.01,0.001,ASK
1443490264,1556.49,0.001,ASK
1443490265,1556.54,0.008,BID
1443490265,1556.88,0.002,BID
1443490274,1556.49,0.002,ASK
1443490274,1556.1,0.3,ASK
1443490274,1556.02,0.198,ASK
1443490281,1556.04,0.001,ASK
1443490289,1556.88,0.098,BID
1443490289,1556.95,0.1,BID
