timestamp,price,amount,side
1445731010,1836.0,0.0151,BID
1445731010,1836.0,0.135,BID
1445731012,1836.0,0.09,BID
1445731014,1835.01,0.007,ASK
1445731015,1835.99,0.5724,BID
1445731015,1835.99,0.0432,BID
1445731015,1836.0,1.226,BID
1445731016,1835.22,1.7715,ASK
1445731016,1835.02,0.06,ASK
1445731016,1835.02,0.8,ASK
1445731016,1835.01,1.2955,ASK
1445731016,1836.0,0.0074,BID
1445731017,1835.23,0.007,ASK
1445731019,1835.99,0.0074,BID
1445731022,1835.23,0.008,ASK
1445731022,1835.23,0.056,ASK
1445731022,1835.03,0.66,ASK
1445731022,1835.01,2.4207,ASK
1445731022,1835.0,0.7379,ASK
1445731024,1835.98,0.007,BID
1445731024,1835.98,0.0004,BID
1445731024,1835.0,0.08,ASK
1445731026,1835.0,2.454,ASK
1445731026,1835.97,0.001,BID
1445731028,1835.24,0.1051,ASK
1445731028,1835.01,0.0432,ASK
1445731028,1835.0,3.721,ASK
1445731033,1835.01,0.007,ASK
1445731035,1835.23,0.0074,BID
1445731036,1835.01,0.793,ASK
1445731036,1835.0,0.1949,ASK
1445731036,1834.99,3.0768,ASK
1445731037,1834.99,0.175,ASK
1445731037,1835.02,0.1851,ASK
1445731038,1834.99,0.008,ASK
1445731038,1835.0,0.0549,BID
1445731039,1835.0,0.2155,BID
1445731040,1835.0,0.1495,BID
1445731040,1835.0,0.0074,BID
1445731040,1835.0,0.0376,BID
1445731042,1835.01,0.007,ASK
1445731044,1835.21,0.0074,BID
1445731047,1835.2,0.001,BID
1445731049,1835.02,0.007,ASK
1445731050,1835.2,0.001,BID
1445731050,1835.2,0.0074,BID
1445731052,1835.02,0.008,ASK
1445731053,1835.02,0.17,ASK
1445731054,1835.03,0.2224,ASK
1445731055,1835.19,0.0074,BID
1445731057,1835.03,0.4376,ASK
1445731057,1835.02,0.0444,ASK
1445731057,1835.01,0.4203,ASK
1445731057,1835.01,0.41,ASK
1445731057,1834.98,7.6877,ASK
1445731062,1834.98,0.007,ASK
1445731065,1835.01,0.0074,BID
1445731067,1834.98,0.008,ASK
1445731068,1835.01,0.001,BID
1445731069,1834.98,0.1057,ASK
1445731069,1835.02,0.0074,BID
1445731070,1834.98,0.65,ASK
1445731071,1834.98,0.65,ASK
1445731072,1834.98,0.007,ASK
1445731072,1834.98,0.65,ASK
1445731073,1834.98,1.18,ASK
1445731073,1834.98,0.65,ASK
1445731074,1835.01,0.0074,BID
1445731074,1834.98,0.65,ASK
1445731075,1834.98,0.65,ASK
1445731075,1834.98,0.007,ASK
1445731076,1834.98,0.2623,ASK
1445731076,1834.0,0.9177,ASK
1445731077,1834.97,0.0074,BID
1445731077,1834.97,0.017,BID
1445731079,1834.0,0.008,ASK
1445731080,1834.97,0.6256,BID
1445731080,1834.97,0.65,BID
1445731081,1835.02,0.0074,BID
1445731083,1835.02,0.001,BID
1445731084,1835.0,0.183,ASK
1445731085,1835.0,0.65,ASK
1445731086,1835.0,0.007,ASK
1445731086,1835.0,0.6092,ASK
1445731086,1834.99,0.0408,BID
1445731086,1835.02,0.0042,BID
1445731086,1835.02,0.001,BID
1445731088,1834.99,0.001,BID
1445731088,1834.99,0.0074,BID
1445731093,1834.96,0.01,BID
1445731094,1834.96,0.0771,BID
1445731094,1834.99,0.5829,BID
1445731094,1834.01,0.008,ASK
1445731094,1834.99,0.0587,BID
1445731095,1834.99,0.06,ASK
1445731096,1835.0,0.0074,BID
1445731096,1834.99,0.7992,ASK
1445731097,1834.99,0.007,ASK
1445731097,1834.99,0.65,ASK
1445731098,1834.99,0.65,ASK
1445731099,1835.02,0.0074,BID
1445731099,1835.0,0.65,ASK
1445731100,1835.01,0.0052,BID
1445731100,1835.02,0.4092,BID
1445731100,1835.2,0.0016,BID
1445731100,1835.0,0.007,ASK
1445731102,1835.2,0.0074,BID
1445731104,1835.03,0.008,ASK
1445731106,1835.2,0.0074,BID
1445731108,1835.19,0.122,BID
1445731110,1835.04,0.2013,ASK
1445731110,1835.03,0.4086,ASK
1445731110,1835.0,3.343,ASK
1445731110,1834.99,0.399,ASK
1445731112,1835.03,0.0246,BID
1445731112,1834.99,0.007,ASK
1445731113,1835.03,0.05,BID
1445731114,1835.03,0.0074,BID
1445731114,1835.03,0.1193,BID
1445731116,1835.04,0.008,ASK
1445731116,1835.18,0.0246,BID
1445731116,1835.19,0.0254,BID
1445731117,1835.17,0.0246,BID
1445731118,1835.17,0.0074,BID
1445731119,1835.17,0.01,BID
1445731120,1835.05,0.007,ASK
1445731121,1835.05,0.16,ASK
1445731121,1835.17,0.001,BID
1445731121,1835.17,0.0074,BID
1445731122,1835.05,0.0464,ASK
1445731122,1835.04,0.074,ASK
1445731122,1835.04,0.093,ASK
1445731122,1835.17,0.012,BID
1445731124,1835.04,0.0464,ASK
1445731125,1835.05,0.007,BID
1445731125,1835.17,0.151,BID
1445731125,1835.19,0.0539,BID
1445731125,1835.2,0.2036,BID
1445731125,1835.22,0.0549,BID
1445731125,1835.86,0.7096,BID
1445731125,1835.86,0.0904,BID
1445731125,1835.87,0.0726,BID
1445731126,1835.16,0.001,BID
1445731126,1835.16,0.0005,BID
1445731127,1835.87,0.0074,BID
1445731128,1835.87,0.1,BID
1445731132,1835.19,0.008,BID
1445731133,1835.86,0.0074,BID
1445731135,1835.21,0.007,ASK
1445731137,1835.86,0.0074,BID
1445731139,1835.21,0.008,ASK
1445731141,1835.85,0.0074,BID
1445731146,1835.22,0.007,ASK
1445731148,1835.85,0.0074,BID
1445731149,1835.23,20.198,BID
1445731150,1835.22,0.007,ASK
1445731152,1835.85,0.1355,BID
1445731152,1835.86,0.0065,BID
1445731152,1835.86,0.0074,BID
1445731153,1835.23,0.008,ASK
1445731156,1835.83,0.0074,BID
1445731158,1835.23,0.007,ASK
1445731162,1835.83,0.023,BID
1445731168,1835.81,0.018,BID
1445731168,1835.81,0.0006,BID
1445731168,1835.82,0.0068,BID
1445731173,1835.81,0.007,BID
1445731173,1835.82,0.006,BID
1445731173,1835.31,0.008,ASK
1445731175,1835.83,0.0074,BID
1445731180,1835.8,0.0236,BID
1445731180,1835.82,0.01,BID
1445731180,1835.83,0.0072,BID
1445731180,1835.86,0.0002,BID
1445731182,1835.33,0.007,ASK
1445731184,1835.5,0.0074,BID
1445731187,1835.49,0.007,BID
1445731187,1835.5,0.003,BID
1445731189,1835.32,0.007,ASK
1445731190,1835.49,0.015,BID
1445731191,1835.49,0.0074,BID
1445731198,1835.49,0.3551,BID
1445731199,1835.49,0.1575,BID
1445731199,1835.49,0.0227,BID
1445731199,1835.5,0.3324,BID
1445731200,1835.5,0.5353,BID
1445731207,1835.5,0.01,BID
1445731211,1835.5,0.05,BID
1445731212,1835.5,0.5448,BID
1445731213,1835.5,0.5448,BID
1445731214,1835.5,0.5448,BID
1445731215,1835.5,0.5448,BID
1445731215,1835.5,0.7947,BID
1445731216,1835.86,0.027,BID
1445731217,1835.51,0.3085,ASK
1445731219,1835.86,0.0073,BID
1445731219,1835.9,0.6887,BID
1445731224,1835.52,0.06,ASK
1445731224,1835.51,0.2363,ASK
1445731224,1835.5,0.2731,ASK
1445731225,1835.51,17.545,ASK
1445731232,1835.51,0.0432,ASK
1445731232,1835.5,0.4568,ASK
1445731232,1835.5,2.0,ASK
1445731234,1835.5,2.0,ASK
1445731236,1835.5,0.5,ASK
1445731241,1835.5,0.5,ASK
1445731265,1835.87,0.039,BID
1445731273,1835.87,0.01,BID
1445731279,1835.51,0.042,ASK
1445731279,1835.52,0.05,ASK
1445731280,1835.52,0.02,ASK
1445731280,1835.51,0.0006,ASK
1445731280,1835.5,0.0294,ASK
1445731284,1835.5,0.02,ASK
1445731294,1835.5,0.19,ASK
1445731295,1835.5,0.236,ASK
1445731298,1835.49,0.1,BID
1445731299,1835.33,0.008,ASK
1445731301,1835.48,0.0362,BID
1445731301,1835.49,0.0138,BID
1445731302,1835.49,0.0362,BID
1445731305,1835.35,0.0052,ASK
1445731305,1835.34,0.0362,ASK
1445731305,1835.33,0.0147,ASK
1445731305,1835.32,0.0166,ASK
1445731305,1835.31,0.0106,ASK
1445731305,1835.23,0.03,ASK
1445731306,1835.23,0.0074,BID
1445731307,1835.23,0.0232,BID
1445731307,1835.23,0.01,BID
1445731308,1835.21,0.007,ASK
1445731308,1835.23,0.3461,BID
1445731308,1835.24,0.0406,ASK
1445731308,1835.21,0.1014,ASK
1445731311,1835.46,0.0074,BID
1445731314,1835.25,0.0017,ASK
1445731314,1835.24,0.0063,ASK
1445731314,1835.45,0.0183,BID
1445731314,1835.46,0.0047,BID
1445731315,1835.24,0.036,ASK
1445731316,1835.45,0.0017,BID
1445731316,1835.46,0.0057,BID
1445731316,1835.24,0.189,ASK
1445731317,1835.24,0.1148,ASK
1445731321,1835.23,0.225,BID
1445731321,1835.23,0.174,BID
1445731322,1835.22,0.007,ASK
1445731322,1835.23,0.1298,BID
1445731324,1835.46,0.0054,BID
1445731324,1835.47,0.002,BID
1445731327,1835.45,0.01,BID
1445731329,1835.25,0.007,ASK
1445731331,1835.45,0.0074,BID
1445731333,1835.25,0.008,ASK
1445731334,1835.45,0.0074,BID
1445731336,1835.25,0.007,ASK
1445731339,1835.45,0.0074,BID
1445731340,1835.25,0.008,ASK
1445731341,1835.25,0.1175,ASK
1445731341,1835.25,0.8,ASK
1445731341,1835.24,0.0952,ASK
1445731341,1835.24,0.5288,ASK
1445731341,1835.23,2.8973,ASK
1445731342,1835.45,0.0074,BID
1445731343,1835.23,0.007,ASK
1445731345,1835.24,0.0074,BID
1445731346,1835.24,0.6426,BID
1445731347,1835.24,0.007,ASK
1445731347,1835.45,0.08,BID
1445731349,1835.45,0.0074,BID
1445731350,1835.45,0.0205,BID
1445731350,1835.47,0.0032,BID
1445731350,1835.49,0.0033,BID
1445731355,1835.46,0.0279,ASK
1445731358,1835.44,0.0411,BID
1445731358,1835.45,0.0279,BID
1445731358,1835.49,0.0367,BID
1445731358,1835.5,0.708,BID
1445731358,1835.85,0.0426,BID
1445731358,1835.99,0.0566,BID
1445731358,1835.99,0.2671,BID
1445731359,1835.45,0.008,ASK
1445731359,1835.99,0.041,BID
1445731361,1835.45,0.0331,ASK
1445731361,1835.4,0.0074,BID
1445731363,1835.3,0.007,ASK
1445731363,1835.4,0.01,BID
1445731363,1835.4,2.58,BID
1445731363,1835.4,2.0,BID
1445731364,1835.4,0.5448,BID
1445731365,1835.4,0.0074,BID
1445731365,1835.4,0.5448,BID
1445731367,1835.4,0.5448,BID
1445731368,1835.3,0.008,ASK
1445731368,1835.4,0.5448,BID
1445731368,1835.39,2.0,ASK
1445731368,1835.39,3.244,ASK
1445731369,1835.4,2.0,BID
1445731369,1835.4,0.5448,BID
1445731369,1835.3,0.9702,ASK
1445731370,1835.3,0.0074,BID
1445731370,1835.26,0.069,ASK
1445731370,1835.25,0.054,ASK
1445731370,1835.3,0.4126,BID
1445731370,1835.4,0.1322,BID
1445731371,1835.4,0.5448,BID
1445731372,1835.4,0.031,BID
1445731373,1835.4,0.5448,BID
1445731374,1835.4,0.5448,BID
1445731375,1835.4,0.5448,BID
1445731376,1835.26,0.007,ASK
1445731376,1835.39,0.0414,BID
1445731376,1835.4,0.5034,BID
1445731377,1835.4,0.5448,BID
1445731378,1835.4,0.0074,BID
1445731378,1835.4,0.5448,BID
1445731379,1835.4,0.5448,BID
1445731380,1835.4,0.5448,BID
1445731381,1835.4,0.07,BID
1445731381,1835.4,0.5448,BID
1445731382,1835.4,0.5448,BID
1445731383,1835.4,0.5448,BID
1445731385,1835.4,0.5448,BID
1445731386,1835.4,0.5448,BID
1445731387,1835.26,0.007,ASK
1445731387,1835.4,0.5448,BID
1445731388,1835.4,0.5448,BID
1445731389,1835.4,0.5448,BID
1445731389,1835.4,0.0074,BID
1445731390,1835.4,0.5448,BID
1445731391,1835.4,0.5448,BID
1445731392,1835.39,0.1265,BID
1445731392,1835.4,0.4183,BID
1445731393,1835.4,0.5448,BID
1445731397,1835.27,0.126,ASK
1445731397,1835.27,0.0005,ASK
1445731397,1835.26,0.0265,ASK
1445731398,1835.26,0.0009,ASK
1445731399,1835.25,0.182,ASK
1445731400,1835.4,0.001,BID
1445731400,1835.4,1.701,BID
1445731404,1835.24,0.008,ASK
1445731405,1835.24,0.0928,ASK
1445731405,1835.24,0.2152,ASK
1445731406,1835.4,0.0074,BID
1445731406,1835.26,0.0422,ASK
1445731406,1835.24,0.5848,ASK
1445731406,1835.23,0.023,ASK
1445731407,1835.23,0.65,ASK
1445731409,1835.23,0.007,ASK
1445731410,1835.23,0.042,ASK
1445731410,1835.39,0.0074,BID
1445731411,1835.23,0.65,ASK
1445731412,1835.39,0.0348,BID
1445731412,1835.4,0.0072,BID
1445731412,1835.23,0.65,ASK
1445731412,1835.23,0.008,ASK
1445731413,1835.4,0.0348,BID
1445731414,1835.39,0.0074,BID
1445731415,1835.23,0.007,ASK
1445731417,1835.23,3.0,ASK
1445731419,1835.28,0.0074,ASK
1445731419,1835.23,0.6426,ASK
1445731420,1835.23,0.65,ASK
1445731420,1835.23,0.007,ASK
1445731421,1835.23,3.0,ASK
1445731422,1835.23,0.65,ASK
1445731422,1835.39,0.0074,BID
1445731423,1835.23,0.65,ASK
1445731424,1835.23,0.008,ASK
1445731424,1835.23,0.65,ASK
1445731425,1835.23,0.65,ASK
1445731425,1835.39,0.0074,BID
1445731426,1835.23,0.098,ASK
1445731426,1835.23,0.65,ASK
1445731426,1835.39,0.052,BID
1445731427,1835.23,0.65,ASK
1445731428,1835.23,0.007,ASK
1445731428,1835.23,0.65,ASK
1445731429,1835.23,0.65,ASK
1445731430,1835.39,0.0074,BID
1445731431,1835.23,0.65,ASK
1445731432,1835.23,0.65,ASK
1445731432,1835.23,0.008,ASK
1445731433,1835.24,0.0077,ASK
1445731433,1835.23,0.6423,ASK
1445731434,1835.38,0.0074,BID
1445731434,1835.23,0.65,ASK
1445731435,1835.23,0.65,ASK
1445731436,1835.23,0.007,ASK
1445731436,1835.23,0.65,ASK
1445731437,1835.23,0.65,ASK
1445731437,1835.38,0.0003,BID
1445731437,1835.39,0.0071,BID
1445731438,1835.23,0.65,ASK
1445731439,1835.23,0.65,ASK
1445731440,1835.23,0.65,ASK
1445731440,1835.23,0.007,ASK
1445731441,1835.23,0.3878,ASK
1445731441,1835.22,0.0113,ASK
1445731441,1835.22,0.05,BID
1445731442,1835.22,0.0074,BID
1445731445,1835.22,0.1575,BID
1445731446,1835.22,0.036,BID
1445731446,1835.22,0.5089,BID
1445731447,1835.22,0.1411,BID
1445731447,1835.23,0.008,ASK
1445731451,1835.38,0.0074,BID
1445731454,1835.23,0.007,ASK
1445731462,1835.38,0.016,BID
1445731467,1835.37,0.03,BID
1445731468,1835.37,0.0316,BID
1445731468,1835.38,0.03,BID
1445731469,1835.26,0.0616,BID
1445731471,1835.26,0.0074,BID
1445731473,1835.26,0.031,BID
1445731474,1835.26,1.06,BID
1445731474,1835.38,0.1041,BID
1445731474,1835.39,0.0951,BID
1445731474,1835.39,0.7,BID
1445731474,1835.39,0.5209,BID
1445731475,1835.27,0.008,ASK
1445731477,1835.39,0.0074,BID
1445731479,1835.39,0.06,BID
1445731479,1835.39,0.05,BID
1445731480,1835.39,0.1617,BID
1445731480,1835.4,0.11,BID
1445731481,1835.4,0.2117,BID
1445731482,1835.39,0.007,ASK
1445731484,1835.4,0.0074,BID
1445731484,1835.4,2.4802,BID
1445731485,1835.4,0.5448,BID
1445731486,1835.4,0.5448,BID
1445731487,1835.39,0.007,ASK
1445731487,1835.4,0.5448,BID
1445731488,1835.4,0.054,BID
1445731488,1835.4,0.5448,BID
1445731488,1835.4,0.0074,BID
1445731489,1835.4,0.014,BID
1445731489,1835.4,0.5448,BID
1445731490,1835.39,0.008,ASK
1445731490,1835.4,0.361,BID
1445731490,1835.4,0.5448,BID
1445731491,1835.4,0.361,BID
1445731491,1835.4,0.05,BID
1445731491,1835.4,0.5448,BID
1445731491,1835.4,0.022,BID
1445731492,1835.4,0.0074,BID
1445731492,1835.4,0.5448,BID
1445731493,1835.4,0.5448,BID
1445731493,1835.4,0.277,BID
1445731495,1835.4,0.278,BID
1445731495,1835.39,0.007,ASK
1445731495,1835.4,0.5448,BID
1445731495,1835.4,0.2,BID
1445731496,1835.4,0.5448,BID
1445731496,1835.4,0.519,BID
1445731496,1835.4,0.022,BID
1445731496,1835.39,0.3085,ASK
1445731496,1835.39,0.1625,ASK
1445731496,1835.27,0.3035,ASK
1445731497,1835.4,0.0074,BID
1445731497,1835.4,0.5448,BID
1445731497,1835.4,0.05,BID
1445731498,1835.4,11.9661,BID
1445731501,1835.99,0.0432,BID
1445731501,1835.99,0.07,BID
1445731501,1836.0,0.3868,BID
1445731502,1835.99,6.0,BID
1445731502,1835.99,11.007,BID
1445731502,1836.0,0.111,BID
1445731503,1835.5,0.008,ASK
1445731506,1835.99,0.0074,BID
1445731506,1835.99,0.0019,BID
1445731506,1836.0,0.4981,BID
1445731508,1835.51,0.007,BID
1445731508,1836.0,0.032,BID
1445731508,1836.0,0.039,BID
1445731509,1836.0,0.5,BID
1445731509,1836.0,0.492,BID
1445731509,1836.0,0.0074,BID
1445731511,1835.44,0.007,ASK
1445731512,1836.0,0.045,BID
1445731512,1836.0,0.4387,BID
1445731512,1836.0,0.0613,BID
1445731513,1835.99,0.0074,BID
1445731513,1835.99,0.0026,BID
1445731513,1836.0,0.0694,BID
1445731515,1835.44,0.008,ASK
1445731515,1836.0,0.5,BID
1445731515,1835.99,0.007,BID
1445731515,1836.0,0.193,BID
1445731517,1836.0,0.0074,BID
1445731517,1836.0,0.16,BID
1445731518,1835.45,0.007,ASK
1445731519,1835.45,0.0362,ASK
1445731519,1835.44,0.0028,ASK
1445731519,1836.0,0.039,BID
1445731520,1836.0,0.5,BID
1445731520,1836.0,0.018,BID
1445731524,1835.99,0.0554,BID
1445731524,1835.99,0.0432,BID
1445731524,1836.0,0.4014,BID
1445731525,1836.0,0.0554,BID
1445731525,1836.0,0.18,BID
1445731527,1835.94,0.0074,BID
1445731527,1835.94,0.2026,BID
1445731527,1836.0,1.2474,BID
1445731529,1835.95,0.008,ASK
1445731530,1835.95,0.202,ASK
1445731531,1835.94,0.0074,BID
1445731533,1835.94,0.0006,BID
1445731533,1835.94,0.21,BID
1445731533,1836.0,2.1174,BID
1445731535,1835.95,0.008,ASK
1445731535,1835.47,0.5,ASK
1445731535,1835.46,0.0554,ASK
1445731535,1835.42,0.0093,ASK
1445731535,1835.41,0.5448,ASK
1445731535,1835.41,0.5448,ASK
1445731535,1835.27,0.2334,ASK
1445731535,1835.27,0.0969,ASK
1445731540,1835.71,0.007,BID
1445731540,1836.0,0.493,BID
1445731543,1836.0,0.05,BID
1445731544,1836.0,0.5,BID
1445731546,1836.0,3.9198,BID
1445731546,1836.0,0.015,BID
1445731546,1836.0,0.0541,BID
1445731546,1836.0,1.0111,BID
1445731546,1836.0,0.6067,BID
1445731546,1836.09,0.01,BID
1445731546,1836.14,0.001,BID
1445731546,1836.25,0.01,BID
1445731546,1836.29,0.001,BID
1445731546,1836.29,0.001,BID
1445731546,1836.37,0.001,BID
1445731546,1836.39,0.001,BID
1445731546,1836.4,0.1125,BID
1445731546,1836.43,0.001,BID
1445731546,1836.43,0.001,BID
1445731546,1836.43,0.001,BID
1445731546,1836.45,0.001,BID
1445731546,1836.45,0.001,BID
1445731546,1836.46,0.001,BID
1445731546,1836.48,0.001,BID
1445731546,1836.48,0.001,BID
1445731546,1836.48,0.001,BID
1445731546,1836.49,0.001,BID
1445731546,1836.5,0.001,BID
1445731546,1836.5,0.001,BID
1445731546,1836.5,0.001,BID
1445731546,1836.5,0.001,BID
1445731546,1836.5,0.001,BID
1445731546,1836.5,0.001,BID
1445731546,1836.5,0.001,BID
1445731546,1836.64,0.001,BID
1445731546,1836.7,0.001,BID
1445731546,1836.82,0.001,BID
1445731546,1836.84,0.001,BID
1445731546,1836.98,0.1,BID
1445731546,1836.98,0.001,BID
1445731546,1836.98,0.001,BID
1445731546,1836.98,0.1495,BID
1445731546,1836.99,9.723,BID
1445731546,1837.0,0.148,BID
1445731546,1837.0,0.075,BID
1445731547,1836.99,16.388,BID
1445731552,1837.0,0.0074,BID
1445731554,1837.0,0.5,BID
1445731555,1836.24,0.007,ASK
1445731556,1836.99,0.5,BID
1445731557,1836.99,0.0074,BID
1445731559,1836.8,0.5,BID
1445731559,1836.8,0.907,BID
1445731564,1836.8,0.5,BID
1445731565,1836.26,0.008,ASK
1445731566,1836.8,0.0105,BID
1445731566,1836.8,0.5,BID
1445731567,1836.8,0.06,BID
1445731567,1836.8,0.0074,BID
1445731568,1836.8,0.827,BID
1445731569,1836.8,0.08,BID
1445731569,1836.26,0.007,ASK
1445731569,1836.8,0.5,BID
1445731572,1836.8,0.0074,BID
1445731572,1836.8,1.1007,BID
1445731572,1836.99,1.4143,BID
1445731573,1836.27,0.008,ASK
1445731575,1836.99,0.0074,BID
1445731575,1836.95,0.0166,ASK
1445731576,1836.95,0.0534,ASK
1445731576,1836.8,0.5,ASK
1445731579,1836.79,0.5,BID
1445731580,1836.69,0.007,ASK
1445731581,1836.78,0.008,BID
1445731581,1836.79,0.492,BID
1445731582,1836.79,0.0074,BID
1445731582,1836.79,0.1272,BID
1445731582,1836.94,0.07,BID
1445731582,1836.99,0.367,BID
1445731587,1836.99,0.134,BID
1445731588,1836.81,0.007,ASK
1445731588,1836.99,0.5444,BID
1445731588,1836.82,2.0,BID
1445731588,1836.82,2.0,BID
1445731588,1836.82,6.003,BID
1445731589,1836.98,0.0058,BID
1445731589,1836.99,0.5386,BID
1445731589,1836.99,0.18,BID
1445731590,1836.99,0.0074,BID
1445731590,1836.98,0.1049,BID
1445731590,1836.99,0.4395,BID
1445731591,1836.98,0.007,BID
1445731591,1836.99,0.5374,BID
1445731591,1836.99,0.06,BID
1445731591,1836.99,0.5,BID
1445731591,1836.82,0.008,ASK
1445731591,1836.99,0.06,BID
1445731592,1836.99,0.5444,BID
1445731592,1836.98,9.362,BID
1445731593,1836.99,1.413,BID
1445731593,1836.99,0.0074,BID
1445731593,1836.99,0.5444,BID
1445731595,1836.99,0.5444,BID
1445731596,1836.82,0.007,ASK
1445731596,1836.99,0.315,BID
1445731596,1836.99,0.5,BID
1445731596,1836.99,0.5444,BID
1445731596,1836.99,0.17,BID
1445731597,1836.99,0.315,BID
1445731597,1836.99,0.5444,BID
1445731597,1836.99,0.0074,BID
1445731598,1836.99,0.314,BID
1445731598,1836.99,0.5444,BID
1445731599,1836.99,0.5444,BID
1445731600,1836.99,0.5,BID
1445731600,1836.99,0.5444,BID
1445731601,1836.99,0.5444,BID
1445731601,1836.82,0.0899,ASK
1445731601,1836.81,0.0058,ASK
1445731601,1836.8,0.4172,ASK
1445731601,1836.23,0.2,ASK
1445731601,1835.32,0.7,ASK
1445731601,1835.32,9.7393,ASK
1445731601,1835.31,0.8,ASK
1445731601,1835.27,0.448,ASK
1445731601,1835.24,0.0616,ASK
1445731601,1835.23,0.3888,ASK
1445731601,1835.23,0.5449,ASK
1445731601,1835.21,0.0339,ASK
1445731601,1835.2,0.81,ASK
1445731601,1835.14,1.9493,ASK
1445731602,1836.99,0.5444,BID
1445731603,1836.99,0.5444,BID
1445731603,1836.99,0.5,BID
1445731605,1836.69,0.008,ASK
1445731606,1836.69,0.022,ASK
1445731606,1836.32,0.293,BID
1445731606,1836.99,0.207,BID
1445731609,1836.99,0.5,BID
1445731611,1836.98,0.2198,BID
1445731611,1836.99,3.6088,BID
1445731613,1836.99,0.5,BID
1445731615,1836.99,0.219,BID
1445731618,1836.99,0.5,BID
1445731620,1836.71,0.001,ASK
1445731620,1836.79,0.5,BID
1445731621,1836.71,0.001,ASK
1445731621,1836.79,1.18,BID
1445731621,1836.99,3.2219,BID
1445731623,1836.99,0.01,BID
1445731624,1836.79,0.5,ASK
1445731626,1836.79,0.5,BID
1445731627,1836.71,0.001,ASK
1445731628,1836.79,0.5,BID
1445731630,1836.78,0.002,BID
1445731630,1836.79,0.008,BID
1445731633,1836.79,0.172,BID
1445731634,1836.98,0.7,BID
1445731634,1836.99,35.3604,BID
1445731635,1836.99,0.182,BID
1445731637,1836.98,0.0074,BID
1445731637,1836.98,0.172,BID
1445731638,1836.98,0.2955,BID
1445731640,1836.8,0.144,ASK
1445731641,1836.8,0.1548,ASK
1445731641,1836.79,0.144,ASK
1445731642,1836.71,0.001,ASK
1445731643,1836.79,0.2988,BID
1445731643,1836.8,0.007,BID
1445731643,1836.98,0.1942,BID
1445731644,1836.98,0.1309,BID
1445731644,1836.99,0.1942,BID
1445731645,1836.99,0.0074,BID
1445731648,1836.99,0.5,BID
1445731648,1836.72,0.007,ASK
1445731650,1836.99,0.0074,BID
1445731650,1836.99,0.5,BID
1445731652,1836.72,0.008,BID
1445731653,1836.98,0.007,BID
1445731653,1836.98,0.2311,BID
1445731653,1836.99,0.2619,BID
1445731653,1836.99,0.312,BID
1445731653,1836.99,0.0074,BID
1445731656,1836.72,0.007,ASK
1445731656,1836.99,0.5,BID
1445731658,1836.99,0.0074,BID
1445731659,1836.72,0.001,ASK
1445731660,1836.99,2.9804,BID
1445731660,1836.99,0.5,BID
1445731662,1836.99,0.051,BID
1445731663,1836.73,0.008,ASK
1445731665,1836.98,0.0074,BID
1445731667,1836.74,0.0432,ASK
1445731667,1836.73,0.0852,ASK
1445731667,1836.72,0.2151,ASK
1445731667,1836.71,0.0799,ASK
1445731667,1836.7,0.2198,ASK
1445731667,1836.5,2.81,ASK
1445731667,1835.23,0.108,ASK
1445731667,1835.22,0.0012,ASK
1445731667,1835.15,26.2159,ASK
1445731667,1835.14,2.0806,ASK
1445731667,1835.07,0.0632,ASK
1445731667,1835.06,0.0015,ASK
1445731667,1834.19,0.8,ASK
1445731667,1834.18,0.8942,ASK
1445731667,1834.14,0.001,ASK
1445731667,1834.14,0.001,ASK
1445731667,1834.06,0.8,ASK
1445731667,1834.03,0.0011,ASK
1445731667,1834.01,0.0791,ASK
1445731667,1833.86,4.2022,ASK
1445731667,1833.79,0.08,ASK
1445731667,1833.62,0.001,ASK
1445731667,1833.62,0.001,ASK
1445731667,1833.62,0.001,ASK
1445731667,1833.0,0.0012,ASK
1445731667,1832.81,0.0017,ASK
1445731667,1832.8,2.06,ASK
1445731667,1832.79,15.1138,ASK
1445731667,1836.74,0.007,BID
1445731667,1836.98,0.053,BID
1445731668,1836.97,3.0,ASK
1445731668,1836.97,3.522,ASK
1445731668,1835.17,1.0,BID
1445731668,1835.17,2.268,BID
1445731668,1836.98,0.018,BID
1445731668,1836.98,0.0148,BID
1445731668,1836.99,0.0752,BID
1445731669,1836.99,0.0074,BID
1445731672,1835.16,0.018,ASK
1445731672,1835.16,0.007,ASK
1445731674,1836.99,0.0074,BID
1445731675,1836.99,19.8185,BID
1445731675,1836.99,9.7393,BID
1445731675,1837.0,6.503,BID
1445731676,1836.98,0.0432,BID
1445731676,1836.98,1.174,BID
1445731677,1835.16,0.008,ASK
1445731677,1836.97,0.06,BID
1445731677,1836.98,0.025,BID
1445731679,1837.0,0.387,BID
1445731680,1836.06,0.0012,ASK
1445731681,1837.0,0.001,BID
1445731684,1837.0,0.0074,BID
1445731687,1835.15,0.008,ASK
1445731689,1837.0,0.0074,BID
1445731689,1837.0,0.085,BID
1445731690,1835.93,0.008,ASK
1445731695,1836.75,0.001,ASK
1445731697,1835.93,0.0017,ASK
1445731702,1837.0,0.0074,BID
1445731706,1836.74,0.008,ASK
1445731708,1837.0,0.0074,BID
1445731715,1836.74,0.008,ASK
1445731716,1836.96,0.008,BID
1445731716,1836.97,0.0466,BID
1445731716,1837.0,1.6754,BID
1445731717,1836.99,0.0074,BID
1445731720,1836.98,0.0466,ASK
1445731720,1836.74,0.0306,ASK
1445731720,1836.08,0.1334,ASK
1445731720,1835.31,1.3715,ASK
1445731720,1835.3,0.65,ASK
1445731720,1835.3,0.3479,ASK
1445731723,1836.75,0.0041,ASK
1445731723,1835.31,0.0029,ASK
1445731725,1836.96,0.0041,BID
1445731725,1836.97,0.0033,BID
1445731727,1836.76,0.007,ASK
1445731729,1836.95,0.0074,BID
1445731731,1836.77,0.008,ASK
1445731734,1836.95,0.0074,BID
1445731735,1836.77,0.1647,ASK
1445731735,1836.76,0.0832,ASK
1445731735,1835.31,0.7971,ASK
1445731735,1835.3,0.135,ASK
1445731735,1835.3,2.0,ASK
1445731739,1836.65,0.007,ASK
1445731740,1836.76,0.0325,BID
1445731741,1836.76,0.0074,BID
1445731741,1836.76,0.1248,BID
1445731743,1836.77,0.0399,ASK
1445731743,1836.77,0.1647,ASK
1445731744,1836.75,0.0689,BID
1445731744,1836.94,0.0325,BID
1445731744,1836.95,0.0754,BID
1445731744,1836.96,0.1727,BID
1445731744,1836.97,0.0433,BID
1445731744,1836.97,0.0399,ASK
1445731747,1836.97,0.008,ASK
1445731749,1836.99,0.0074,BID
1445731750,1836.97,0.007,ASK
1445731752,1836.99,0.011,BID
1445731760,1836.99,0.051,BID
1445731761,1836.99,0.0566,BID
1445731761,1837.0,0.051,BID
1445731762,1836.97,0.16,ASK
1445731763,1836.97,0.1043,ASK
1445731769,1836.96,0.0074,BID
1445731775,1836.71,0.007,ASK
1445731776,1836.72,7.0,ASK
1445731776,1836.72,11.015,ASK
1445731777,1836.94,0.0074,BID
1445731778,1836.72,0.008,ASK
1445731780,1836.94,0.0074,BID
1445731781,1836.94,0.107,BID
1445731783,1836.71,0.007,ASK
1445731784,1836.94,0.0873,BID
1445731784,1836.95,0.017,BID
1445731784,1836.96,0.09,BID
1445731785,1836.93,0.0074,BID
1445731785,1836.93,0.0006,BID
1445731787,1836.95,0.0867,ASK
1445731789,1836.93,0.046,BID
1445731790,1836.93,0.079,BID
1445731790,1836.94,0.046,BID
1445731790,1836.73,0.008,ASK
1445731792,1836.94,0.0074,BID
1445731793,1836.73,0.001,ASK
1445731794,1836.74,0.007,BID
1445731796,1836.94,0.0074,BID
1445731800,1836.94,0.012,BID
1445731801,1836.73,0.007,ASK
1445731803,1836.94,0.0074,BID
1445731804,1836.74,0.008,ASK
1445731806,1836.93,0.0074,BID
1445731806,1836.93,0.001,BID
1445731806,1836.93,0.0514,BID
1445731806,1836.94,0.0065,BID
1445731806,1836.96,0.0626,BID
1445731806,1836.96,0.2643,BID
1445731806,1836.96,0.7,BID
1445731806,1836.96,1.3715,BID
1445731806,1837.0,1.2237,BID
1445731808,1836.92,0.0113,BID
1445731808,1836.94,0.007,ASK
1445731808,1836.94,0.007,ASK
1445731810,1836.99,0.0074,BID
1445731811,1836.94,0.008,ASK
1445731813,1836.98,0.0011,BID
1445731813,1836.99,0.0063,BID
1445731815,1836.94,0.007,ASK
1445731816,1836.99,0.039,BID
1445731817,1836.99,0.0074,BID
1445731819,1836.94,0.007,ASK
1445731820,1836.99,0.0074,BID
1445731820,1836.99,0.025,BID
1445731821,1836.99,0.001,BID
1445731822,1836.94,0.008,ASK
1445731824,1836.99,0.0074,BID
1445731824,1836.99,0.001,BID
1445731826,1836.99,0.039,BID
1445731826,1836.99,0.025,BID
1445731830,1836.94,0.007,ASK
1445731830,1836.99,0.634,BID
1445731830,1836.94,0.0045,ASK
1445731830,1836.94,0.005,ASK
1445731830,1836.75,0.0113,ASK
1445731830,1836.74,0.0518,ASK
1445731830,1836.73,0.1957,ASK
1445731830,1836.71,0.1951,ASK
1445731830,1836.7,0.017,ASK
1445731830,1836.66,0.2735,ASK
1445731830,1835.31,0.7,ASK
1445731830,1835.3,4.2802,ASK
1445731832,1836.99,0.0001,BID
1445731832,1837.0,0.0073,BID
1445731833,1837.0,0.634,BID
1445731834,1835.31,0.008,ASK
1445731836,1837.0,0.0074,BID
1445731837,1836.99,0.03,BID
1445731837,1836.99,0.008,BID
1445731837,1837.0,0.001,BID
1445731841,1836.99,0.0012,BID
1445731841,1836.99,0.0288,BID
1445731841,1836.0,0.007,ASK
1445731843,1836.98,0.0074,BID
1445731845,1836.01,0.007,ASK
1445731845,1836.98,0.6926,BID
1445731845,1836.99,0.1388,BID
1445731845,1836.99,0.1596,BID
1445731847,1836.98,0.001,BID
1445731848,1836.98,0.0074,BID
1445731849,1836.01,0.008,ASK
1445731851,1836.97,0.007,BID
1445731851,1836.98,0.032,BID
1445731851,1836.98,0.0074,BID
1445731854,1836.98,6.3674,BID
1445731854,1836.99,0.1666,BID
1445731860,1837.0,0.031,BID
1445731860,1836.99,0.007,ASK
1445731860,1837.0,0.039,BID
1445731862,1837.0,0.0074,BID
1445731865,1837.0,0.5963,BID
1445731865,1837.0,0.001,BID
1445731865,1837.0,0.001,BID
1445731865,1837.0,5.0,BID
1445731867,1836.99,0.008,ASK
1445731867,1837.11,0.003,BID
1445731867,1837.5,0.001,BID
1445731867,1837.98,0.006,BID
1445731869,1837.98,0.0074,BID
1445731871,1837.97,0.001,BID
1445731878,1836.06,0.007,ASK
1445731879,1837.97,0.009,BID
1445731879,1837.97,8.8247,BID
1445731879,1837.96,4.0,BID
1445731879,1837.96,0.439,BID
1445731880,1837.96,0.0074,BID
1445731883,1836.06,0.007,ASK
1445731885,1837.96,0.0074,BID
1445731887,1836.97,0.001,BID
1445731887,1836.97,0.0301,BID
1445731888,1836.97,0.001,BID
1445731890,1836.97,0.0227,BID
1445731890,1836.11,0.008,BID
1445731892,1837.1,0.0074,BID
1445731894,1837.1,0.0227,BID
1445731895,1837.09,0.007,BID
1445731895,1837.11,0.007,ASK
1445731896,1837.93,0.0227,BID
1445731896,1837.11,0.0161,ASK
1445731896,1837.0,0.7639,ASK
1445731896,1837.0,0.0161,ASK
1445731896,1836.99,1.1639,ASK
1445731897,1837.93,0.0074,BID
1445731897,1837.12,0.0362,ASK
1445731897,1836.99,0.6138,ASK
1445731898,1836.99,0.227,ASK
1445731898,1836.99,0.008,ASK
1445731900,1837.92,0.0074,BID
1445731901,1837.92,0.001,BID
1445731902,1837.0,0.007,ASK
1445731905,1837.91,0.0074,BID
1445731907,1837.0,0.1524,ASK
1445731907,1837.0,0.0241,ASK
1445731907,1836.99,1.8235,ASK
1445731907,1836.99,1.18,ASK
1445731908,1836.99,0.039,ASK
1445731909,1837.0,0.007,BID
1445731913,1837.69,0.0074,ASK
1445731913,1837.01,0.053,ASK
1445731913,1836.99,1.9396,ASK
1445731917,1837.69,0.001,BID
1445731921,1836.99,4.5052,ASK
1445731922,1836.99,0.78,BID
1445731923,1836.99,0.5444,BID
1445731924,1836.99,0.001,BID
1445731925,1836.99,0.001,BID
1445731927,1836.99,0.0727,BID
1445731933,1836.98,0.0064,BID
1445731933,1836.98,0.5,BID
1445731933,1836.99,8.9806,BID
1445731938,1836.94,0.79,ASK
1445731939,1836.94,0.161,ASK
1445731939,1836.94,0.65,ASK
1445731940,1836.98,0.001,BID
1445731940,1836.94,0.199,ASK
1445731942,1836.93,0.001,BID
1445731942,1836.93,0.05,BID
1445731944,1836.92,0.0074,BID
1445731947,1836.04,0.007,ASK
1445731948,1836.92,0.0526,BID
1445731948,1836.93,0.4,BID
1445731948,1836.93,0.6484,BID
1445731949,1836.93,0.0016,BID
1445731949,1836.96,0.051,BID
1445731949,1836.96,0.0074,BID
1445731950,1836.91,0.01,BID
1445731952,1836.91,0.014,BID
1445731952,1836.91,0.0854,BID
1445731952,1836.91,0.014,BID
1445731954,1836.91,0.0683,BID
1445731954,1836.91,0.0282,BID
1445731954,1836.95,0.0994,BID
1445731954,1836.05,0.016,ASK
1445731955,1836.95,0.0965,BID
1445731956,1836.95,0.0074,BID
1445731957,1836.95,0.2967,BID
1445731957,1836.95,0.0074,BID
1445731959,1836.95,0.1876,BID
1445731959,1836.96,0.1091,BID
1445731959,1836.96,0.187,BID
1445731960,1836.94,0.0132,BID
1445731960,1836.96,0.1744,BID
1445731961,1836.07,0.007,ASK
1445731962,1836.94,0.0132,BID
1445731962,1836.94,0.0074,BID
1445731963,1836.94,0.0125,BID
1445731963,1836.95,0.0206,BID
1445731965,1836.07,0.0062,ASK
1445731965,1836.07,0.0008,ASK
1445731966,1836.95,0.01,BID
1445731968,1836.95,0.2814,BID
1445731968,1836.95,0.01,BID
1445731969,1836.95,0.05,BID
1445731972,1836.94,0.6256,BID
1445731972,1836.94,0.0025,BID
1445731972,1836.95,0.0074,BID
1445731973,1836.95,0.1206,BID
1445731973,1836.95,0.02,BID
1445731973,1836.96,0.4711,BID
1445731973,1836.99,0.0571,BID
1445731973,1836.95,0.046,ASK
1445731974,1836.95,0.008,ASK
1445731975,1836.99,0.44,BID
1445731976,1836.99,0.0074,BID
1445731976,1836.99,0.5444,BID
1445731976,1836.95,0.3498,ASK
1445731976,1836.91,0.7,ASK
1445731976,1836.9,0.1612,ASK
1445731976,1836.99,0.7516,BID
1445731977,1836.95,0.5,BID
1445731977,1836.99,0.0444,BID
1445731978,1836.99,1.3332,BID
1445731978,1837.88,0.0727,BID
1445731978,1837.9,0.0078,BID
1445731978,1837.91,0.152,BID
1445731978,1837.91,0.0241,BID
1445731978,1837.93,0.007,BID
1445731978,1837.94,0.9832,BID
1445731978,1836.9,0.007,ASK
1445731980,1837.94,0.2112,BID
1445731981,1837.94,0.001,BID
1445731981,1837.94,0.0074,BID
1445731982,1837.94,0.547,BID
1445731983,1837.0,0.008,ASK
1445731985,1837.93,0.0074,BID
1445731987,1837.01,0.007,ASK
1445731987,1837.93,0.0204,BID
1445731987,1837.93,0.001,BID
1445731988,1837.92,0.001,BID
1445731988,1837.92,0.01,BID
1445731988,1837.92,0.0074,BID
1445731990,1837.93,1.18,BID
1445731990,1837.93,0.5,BID
1445731991,1837.02,0.007,ASK
1445731992,1837.91,0.0457,BID
1445731992,1837.93,1.9543,BID
1445731992,1837.93,1.18,BID
1445731993,1837.93,0.5,BID
1445731993,1837.93,0.0074,BID
1445731993,1837.93,0.0457,BID
1445731994,1837.02,0.0387,ASK
1445731994,1837.0,0.5364,ASK
1445731994,1837.0,0.4249,ASK
1445731995,1837.92,2.0,ASK
1445731995,1837.92,12.052,ASK
1445731995,1837.02,0.008,BID
1445731995,1837.93,0.092,BID
1445731996,1837.9,0.7,BID
1445731997,1837.9,0.0074,BID
1445731998,1837.9,0.7891,BID
1445731998,1837.9,0.045,BID
1445731998,1837.03,0.007,ASK
1445732000,1837.89,0.0754,BID
1445732000,1837.9,0.0246,BID
1445732001,1837.88,0.002,BID
1445732001,1837.9,0.0054,BID
1445732001,1837.9,0.001,BID
1445732001,1837.89,10.738,BID
1445732002,1837.89,0.01,BID
1445732003,1837.04,0.008,ASK
1445732003,1837.89,0.506,BID
1445732003,1837.9,0.01,BID
1445732005,1837.9,0.0074,BID
1445732008,1837.05,0.007,ASK
1445732008,1837.89,0.02,BID
1445732008,1837.89,0.008,BID
1445732008,1837.9,0.762,BID
1445732009,1837.9,5.0,BID
1445732010,1837.9,0.0074,BID
1445732014,1837.9,0.1,BID
1445732016,1837.9,0.001,BID
1445732017,1837.07,0.007,ASK
1445732020,1837.94,0.001,BID
1445732022,1837.93,0.001,BID
1445732022,1837.39,0.0074,ASK
1445732023,1837.93,0.006,BID
1445732023,1837.94,0.733,BID
1445732024,1837.07,0.008,ASK
1445732026,1837.39,0.0074,BID
1445732026,1837.94,0.1166,BID
1445732026,1837.94,0.0074,BID
1445732028,1837.93,3.689,BID
1445732028,1837.94,1.041,BID
1445732028,1837.98,0.0491,BID
1445732032,1837.93,0.0074,BID
1445732033,1837.93,0.0026,BID
1445732033,1837.98,0.0349,BID
1445732034,1837.08,0.008,ASK
1445732035,1837.92,0.01,BID
1445732036,1837.09,10.501,BID
1445732036,1837.92,0.0074,BID
1445732036,1837.92,0.01,BID
1445732037,1837.92,0.9726,BID
1445732037,1837.98,0.0026,BID
1445732037,1838.0,0.01,BID
1445732037,1838.0,6.1348,BID
1445732037,1837.08,0.014,BID
1445732037,1838.0,1.986,BID
1445732038,1837.91,0.008,BID
1445732038,1838.0,0.661,BID
1445732039,1837.91,0.01,BID
1445732041,1837.91,0.001,BID
1445732041,1837.46,0.0074,ASK
1445732041,1837.91,0.1,BID
1445732043,1837.91,0.0144,BID
1445732043,1838.0,0.0707,BID
1445732045,1837.46,0.0074,BID
1445732045,1838.0,0.0026,BID
1445732047,1838.0,0.014,BID
1445732047,1837.04,0.007,ASK
1445732047,1837.04,0.0362,ASK
1445732047,1837.04,0.0088,ASK
1445732049,1838.0,0.0074,BID
1445732052,1837.05,0.008,ASK
1445732052,1838.0,0.023,BID
1445732054,1838.0,0.0074,BID
1445732057,1837.05,0.007,ASK
1445732059,1838.0,0.0074,BID
1445732059,1838.0,0.05,BID
1445732060,1837.06,0.15,ASK
1445732062,1837.98,0.02,BID
1445732062,1838.0,1.453,BID
1445732063,1838.0,0.001,BID
1445732065,1837.07,0.008,ASK
1445732067,1837.99,0.0074,BID
1445732068,1837.07,0.007,ASK
1445732070,1838.0,25.2032,BID
1445732070,1837.99,0.0074,BID
1445732072,1837.99,0.043,BID
1445732074,1837.06,0.007,ASK
1445732076,1837.98,0.0074,BID
1445732076,1837.98,0.0284,BID
1445732076,1837.98,0.01,BID
1445732076,1837.99,0.9496,BID
1445732076,1838.0,14.012,BID
1445732078,1837.07,0.008,ASK
1445732080,1837.5,0.001,BID
1445732080,1838.0,0.0064,BID
1445732082,1837.08,0.007,ASK
1445732082,1838.0,0.001,BID
1445732082,1837.08,0.0362,ASK
1445732082,1837.07,0.052,ASK
1445732082,1837.06,0.1018,ASK
1445732084,1838.0,0.0074,BID
1445732085,1837.99,0.0432,BID
1445732085,1838.0,0.0568,BID
1445732086,1838.0,0.001,BID
1445732093,1837.07,0.008,BID
1445732093,1837.99,0.037,BID
1445732095,1837.99,0.0074,BID
1445732099,1837.99,0.1584,BID
1445732099,1838.0,0.024,BID
1445732100,1837.98,0.02,BID
1445732100,1838.0,0.2699,BID
1445732100,1838.0,0.7101,BID
1445732102,1838.0,0.001,BID
1445732103,1838.0,0.1584,BID
1445732103,1838.0,0.019,BID
1445732104,1838.0,0.001,BID
1445732105,1837.99,0.1018,BID
1445732106,1838.0,0.36,BID
1445732107,1838.0,0.9995,BID
1445732107,1837.99,0.0986,ASK
1445732108,1838.0,0.224,BID
1445732109,1838.0,1.9995,BID
1445732110,1838.0,1.3117,BID
1445732112,1837.99,0.158,ASK
1445732112,1838.0,0.2058,BID
1445732112,1838.0,0.001,BID
1445732113,1838.0,0.65,ASK
1445732113,1838.07,0.0012,BID
1445732113,1838.36,0.001,BID
1445732113,1838.43,0.001,BID
1445732113,1838.44,0.001,BID
1445732113,1838.46,0.001,BID
1445732113,1838.46,0.001,BID
1445732113,1838.46,0.001,BID
1445732113,1838.49,0.001,BID
1445732113,1838.49,0.001,BID
1445732113,1838.49,0.001,BID
1445732113,1838.49,0.001,BID
1445732113,1838.49,0.001,BID
1445732113,1838.5,0.001,BID
1445732113,1838.5,0.001,BID
1445732113,1838.5,0.001,BID
1445732113,1838.5,0.001,BID
1445732113,1838.5,0.001,BID
1445732113,1838.56,0.001,BID
1445732113,1838.58,0.007,BID
1445732113,1838.69,0.1816,BID
1445732114,1838.68,4.595,BID
1445732115,1838.69,0.01,BID
1445732125,1838.69,0.001,BID
1445732126,1838.69,0.443,BID
1445732127,1838.69,0.8644,BID
1445732127,1838.79,1.0,BID
1445732127,1838.98,0.1,BID
1445732127,1839.0,0.3,BID
1445732127,1839.0,0.001,BID
1445732127,1839.0,4.4272,BID
1445732127,1839.0,0.001,BID
1445732129,1839.0,0.01,ASK
1445732129,1839.22,0.001,BID
1445732129,1839.3,0.138,BID
1445732129,1839.0,2.58,ASK
1445732130,1839.0,0.65,ASK
1445732131,1839.01,0.0432,ASK
1445732131,1839.0,0.0664,ASK
1445732133,1838.04,0.2648,ASK
1445732133,1838.04,0.7352,ASK
1445732138,1838.06,0.06,ASK
1445732138,1838.05,0.123,ASK
1445732139,1838.99,0.043,BID
1445732139,1838.99,0.001,BID
1445732142,1838.98,0.0432,BID
1445732142,1838.99,0.0068,BID
1445732143,1838.99,0.001,BID
1445732144,1838.99,0.001,BID
1445732150,1838.82,0.363,BID
1445732155,1838.5,0.01,BID
1445732155,1838.81,0.026,BID
1445732156,1838.81,0.01,BID
1445732158,1838.81,0.2288,BID
1445732158,1838.82,2.3512,BID
1445732158,1838.82,0.2288,BID
1445732159,1838.82,0.2288,BID
1445732160,1838.82,0.9132,BID
1445732160,1838.99,0.2668,BID
1445732161,1838.99,0.2208,BID
1445732161,1839.29,0.4334,BID
1445732161,1839.29,0.088,BID
1445732162,1838.82,0.06,ASK
1445732164,1839.28,0.001,BID
1445732165,1839.28,0.122,BID
1445732165,1839.29,0.224,ASK
1445732166,1839.3,0.162,BID
1445732166,1839.4,0.001,BID
1445732166,1839.4,0.001,BID
1445732166,1839.4,0.001,BID
1445732166,1839.41,0.001,BID
1445732166,1839.44,0.001,BID
1445732166,1839.46,0.001,BID
1445732166,1839.46,0.001,BID
1445732166,1839.46,0.001,BID
1445732166,1839.5,0.001,BID
1445732166,1839.5,0.001,BID
1445732166,1839.51,0.001,BID
1445732166,1839.54,0.001,BID
1445732166,1839.54,0.001,BID
1445732166,1839.55,0.038,BID
1445732169,1839.29,0.154,ASK
1445732174,1838.79,0.041,BID
1445732174,1838.1,0.06,ASK
1445732174,1838.09,0.454,ASK
1445732174,1837.99,9.0248,ASK
1445732174,1837.5,0.001,ASK
1445732174,1837.02,0.0754,ASK
1445732174,1837.0,0.001,ASK
1445732174,1836.5,0.001,ASK
1445732174,1836.08,0.0025,ASK
1445732174,1836.07,0.0323,ASK
1445732174,1836.06,0.968,ASK
1445732175,1838.79,0.1,BID
1445732178,1838.79,0.013,BID
1445732181,1839.54,0.013,BID
1445732181,1838.04,13.0,BID
1445732181,1838.04,4.712,BID
1445732185,1838.04,0.007,ASK
1445732187,1839.52,0.036,BID
1445732187,1838.82,0.0074,BID
1445732190,1838.03,0.007,BID
1445732190,1838.81,0.007,BID
1445732190,1838.82,3.1859,BID
1445732192,1838.82,0.0074,BID
1445732193,1838.82,1.264,BID
1445732193,1839.53,0.0074,BID
1445732193,1839.51,0.014,BID
1445732194,1838.0,0.008,ASK
1445732194,1839.51,0.3526,BID
1445732195,1839.51,0.001,BID
1445732196,1839.5,0.0074,BID
1445732200,1838.81,0.0449,BID
1445732201,1838.02,0.007,ASK
1445732202,1839.49,0.0449,BID
1445732203,1839.49,0.164,BID
1445732204,1839.49,0.7231,BID
1445732204,1839.5,0.164,BID
1445732206,1839.48,0.007,BID
1445732206,1839.52,0.7161,BID
1445732207,1839.48,0.01,BID
1445732208,1839.48,0.001,BID
1445732208,1839.48,0.039,BID
1445732208,1839.52,0.011,BID
1445732209,1839.52,0.04,BID
1445732209,1839.52,0.0074,BID
1445732210,1838.79,0.01,ASK
1445732210,1839.52,1.2855,BID
1445732210,1839.54,0.0474,BID
1445732211,1838.79,0.008,ASK
1445732212,1839.54,0.725,BID
1445732213,1839.54,0.0074,BID
1445732213,1839.54,0.2072,BID
1445732213,1839.55,0.7324,BID
1445732216,1839.55,0.2296,BID
1445732218,1839.71,0.001,BID
1445732218,1839.75,0.009,BID
1445732218,1839.74,0.008,BID
1445732218,1839.75,0.042,BID
1445732224,1839.54,0.001,BID
1445732225,1839.54,0.019,BID
1445732225,1839.75,0.001,BID
1445732227,1839.75,0.001,BID
1445732231,1839.75,0.045,BID
1445732232,1838.81,0.007,BID
1445732232,1839.75,0.4444,BID
1445732234,1839.75,0.0074,BID
1445732235,1839.75,0.05,BID
1445732237,1839.75,0.694,BID
1445732239,1838.81,0.0432,ASK
1445732239,1838.8,0.184,ASK
1445732239,1838.8,0.316,ASK
1445732239,1838.06,9.6902,ASK
1445732239,1838.05,0.8,ASK
1445732239,1838.03,0.7,ASK
1445732239,1838.01,0.0449,ASK
1445732239,1837.99,3.9628,ASK
1445732239,1837.7,1.5989,ASK
1445732242,1839.54,0.007,ASK
1445732243,1839.74,0.01,BID
1445732244,1839.75,0.0074,BID
1445732244,1839.75,0.001,BID
1445732245,1839.75,0.5965,BID
1445732246,1839.74,0.0332,BID
1445732246,1839.75,0.5104,BID
1445732247,1839.74,8.0,BID
1445732247,1839.74,9.95,BID
1445732247,1839.75,0.5436,BID
1445732248,1839.75,0.184,BID
1445732248,1839.75,0.5436,BID
1445732251,1839.75,0.992,BID
1445732251,1839.75,0.136,BID
1445732251,1839.54,0.008,ASK
1445732253,1839.75,0.239,BID
1445732253,1839.75,0.19,BID
1445732253,1839.75,0.0074,BID
1445732254,1839.75,0.764,BID
1445732255,1839.54,0.007,ASK
1445732256,1839.74,0.5044,BID
1445732256,1839.74,0.06,BID
1445732257,1839.74,0.133,BID
1445732257,1839.74,0.0026,BID
1445732257,1839.75,0.0048,BID
1445732258,1839.75,0.3888,BID
1445732259,1839.55,0.0432,ASK
1445732259,1839.54,0.2758,ASK
1445732260,1839.75,0.08,BID
1445732260,1839.54,0.0284,ASK
1445732260,1839.53,0.12,BID
1445732261,1839.53,0.1558,BID
1445732261,1839.55,0.008,BID
1445732261,1839.73,0.8,BID
1445732261,1839.75,0.4924,BID
1445732261,1839.75,0.8877,BID
1445732261,1839.75,0.3181,BID
1445732261,1839.45,0.02,ASK
1445732262,1839.75,0.09,BID
1445732262,1839.75,0.1558,BID
1445732263,1839.75,0.001,BID
1445732263,1839.75,0.0074,BID
1445732264,1839.0,0.165,ASK
1445732264,1839.74,0.0432,BID
1445732264,1839.75,0.0078,BID
1445732264,1839.01,8.49,BID
1445732265,1839.45,0.007,BID
1445732265,1839.75,0.3037,BID
1445732265,1839.98,0.0008,BID
1445732267,1839.98,0.0074,BID
1445732269,1839.01,0.007,ASK
1445732270,1839.97,0.02,BID
1445732271,1839.98,0.0074,BID
1445732272,1839.01,0.008,ASK
1445732273,1839.98,0.0844,BID
1445732273,1839.98,10.0,BID
1445732274,1839.99,0.0074,BID
1445732274,1839.99,9.7326,BID
1445732274,1840.0,0.3518,BID
1445732276,1839.02,0.007,ASK
1445732276,1840.0,0.6482,BID
1445732276,1840.0,0.01,BID
1445732276,1840.0,0.01,BID
1445732276,1840.0,0.1,BID
1445732276,1840.0,5.282,BID
1445732276,1840.0,1.0,BID
1445732276,1840.0,2.8588,BID
1445732276,1840.0,5.0,BID
1445732276,1840.0,4.5143,BID
1445732277,1840.0,11.8105,BID
1445732277,1840.0,0.7647,BID
1445732277,1840.0,0.001,BID
1445732278,1840.0,0.0074,BID
1445732278,1839.01,2.0,BID
1445732278,1839.01,1.625,BID
1445732279,1840.0,0.001,BID
1445732280,1839.03,0.008,ASK
1445732280,1840.0,0.128,BID
1445732280,1840.0,0.475,BID
1445732282,1840.0,0.0074,BID
1445732286,1839.99,0.01,BID
1445732286,1840.0,0.3348,BID
1445732286,1840.0,1.4988,BID
1445732287,1839.04,0.007,ASK
1445732287,1840.0,0.018,BID
1445732289,1839.99,0.0074,BID
1445732292,1839.98,0.001,BID
1445732294,1839.98,0.0283,BID
1445732294,1839.98,0.001,BID
1445732296,1839.98,0.009,BID
1445732296,1840.0,0.0293,BID
1445732296,1839.06,0.007,ASK
1445732297,1840.0,0.001,BID
1445732297,1839.99,4.0,BID
1445732297,1839.99,3.929,BID
1445732298,1840.0,0.8172,BID
1445732298,1840.0,0.0074,BID
1445732298,1840.0,0.001,BID
1445732299,1840.0,20.0,BID
1445732300,1839.07,0.008,ASK
1445732301,1840.0,0.0985,BID
1445732302,1840.0,0.0074,BID
1445732303,1839.99,0.0086,BID
1445732303,1840.0,0.8844,BID
1445732303,1840.0,0.06,BID
1445732304,1840.0,0.326,BID
1445732304,1839.99,0.01,BID
1445732304,1839.08,0.06,ASK
1445732304,1839.07,0.1093,ASK
1445732304,1839.05,0.0293,ASK
1445732304,1839.01,0.0782,ASK
1445732304,1839.0,4.835,ASK
1445732304,1837.79,0.7,ASK
1445732304,1837.78,1.3709,ASK
1445732304,1837.78,9.7447,ASK
1445732304,1837.77,0.2126,ASK
1445732304,1837.78,5.0,ASK
1445732304,1837.78,0.739,ASK
1445732307,1840.0,0.8,BID
1445732307,1840.0,6.6977,BID
1445732307,1840.0,0.001,BID
1445732307,1840.0,8.7514,BID
1445732308,1840.0,0.03,BID
1445732308,1839.99,0.12,BID
1445732308,1839.09,0.007,ASK
1445732309,1839.99,0.0503,BID
1445732309,1840.0,1.0497,BID
1445732310,1839.99,0.0503,BID
1445732311,1839.99,0.05,BID
1445732314,1839.98,0.007,BID
1445732314,1839.98,0.093,BID
1445732314,1839.98,0.019,BID
1445732315,1839.98,0.017,BID
1445732315,1839.98,0.07,BID
1445732315,1839.98,0.0074,BID
1445732315,1839.98,0.0806,BID
1445732318,1839.97,0.014,BID
1445732318,1839.97,0.001,BID
1445732318,1839.97,0.045,BID
1445732318,1839.98,0.4043,BID
1445732318,1839.98,0.0087,BID
1445732318,1839.98,0.0053,BID
1445732318,1839.97,6.44,BID
1445732319,1839.49,0.008,ASK
1445732320,1839.98,0.031,BID
1445732320,1839.99,0.059,BID
1445732320,1839.99,0.07,BID
1445732321,1839.99,0.0074,BID
1445732321,1839.99,0.234,BID
1445732322,1839.97,0.008,BID
1445732322,1839.99,0.151,BID
1445732324,1839.99,0.02,BID
1445732325,1839.99,0.08,BID
1445732326,1839.99,0.086,BID
1445732327,1839.98,0.0745,BID
1445732327,1839.99,0.0055,BID
1445732327,1839.98,0.0507,BID
1445732327,1839.99,0.0293,BID
1445732328,1839.99,0.6287,BID
1445732328,1840.0,3.2823,BID
1445732328,1840.0,0.021,BID
1445732328,1840.0,0.538,BID
1445732329,1840.0,0.074,BID
1445732330,1840.0,0.1,BID
1445732331,1840.0,0.05,BID
1445732332,1840.0,3.0,BID
1445732333,1840.0,8.8999,BID
1445732333,1840.18,0.001,BID
1445732333,1840.19,0.089,BID
1445732333,1840.19,0.163,BID
1445732334,1840.0,0.007,ASK
1445732334,1840.19,0.8495,BID
1445732335,1840.19,0.891,BID
1445732336,1840.19,1.8268,BID
1445732336,1840.21,1.7402,BID
1445732337,1840.21,0.09,BID
1445732337,1840.21,0.0074,BID
1445732338,1840.21,0.126,BID
1445732340,1840.21,0.14,BID
1445732340,1840.21,0.17,BID
1445732341,1840.11,0.007,BID
1445732341,1840.21,2.9735,BID
1445732341,1840.18,0.0243,BID
1445732341,1840.21,0.1257,BID
1445732342,1840.21,2.0,BID
1445732342,1840.21,1.214,BID
1445732343,1840.21,0.0074,BID
1445732343,1840.21,1.4068,BID
1445732343,1840.29,0.001,BID
1445732343,1840.29,0.001,BID
1445732343,1840.32,0.001,BID
1445732343,1840.5,0.001,BID
1445732343,1840.98,0.1,BID
1445732343,1840.99,0.196,BID
1445732348,1840.69,0.008,ASK
1445732348,1840.99,0.001,BID
1445732348,1840.99,0.11,BID
1445732349,1840.99,0.473,BID
1445732349,1840.99,0.0074,BID
1445732350,1840.99,0.09,BID
1445732350,1840.99,1.0896,BID
1445732350,1840.99,0.001,BID
1445732351,1840.99,1.3254,BID
1445732351,1841.02,0.001,BID
1445732351,1840.99,0.007,ASK
1445732353,1841.05,0.001,BID
1445732353,1841.05,0.001,BID
1445732353,1841.25,0.001,BID
1445732353,1841.25,0.001,BID
1445732353,1841.25,0.001,BID
1445732353,1841.25,0.001,BID
1445732353,1841.33,0.004,BID
1445732353,1841.33,1.3254,BID
1445732354,1841.33,0.0074,BID
1445732355,1841.33,0.4361,BID
1445732355,1841.33,0.2,BID
1445732356,1841.33,1.1371,BID
1445732356,1841.38,0.9579,BID
1445732356,1840.99,0.008,ASK
1445732356,1841.38,0.163,BID
1445732356,1840.99,0.001,ASK
1445732357,1841.38,0.0074,BID
1445732357,1841.38,0.109,BID
1445732358,1841.0,0.0039,ASK
1445732358,1840.99,0.5031,ASK
1445732358,1841.32,0.0039,BID
1445732359,1841.43,0.007,ASK
1445732360,1842.64,3.0,BID
1445732360,1842.64,0.721,BID
1445732361,1842.64,13.662,BID
1445732362,1842.65,0.0074,BID
1445732363,1842.25,1.0,BID
1445732363,1842.25,13.429,BID
1445732363,1842.24,0.133,ASK
1445732363,1841.88,0.127,ASK
1445732363,1841.87,0.2,ASK
1445732365,1842.23,0.133,BID
1445732365,1842.65,0.467,BID
1445732366,1842.66,0.2161,BID
1445732367,1842.65,0.133,BID
1445732367,1842.33,0.007,ASK
1445732368,1842.33,0.125,ASK
1445732368,1841.41,0.18,ASK
1445732368,1840.28,0.8,ASK
1445732368,1840.27,0.7,ASK
1445732368,1840.01,0.0243,ASK
1445732368,1840.0,1.3708,ASK
1445732368,1840.0,0.1128,ASK
1445732368,1839.99,5.4788,ASK
1445732368,1842.65,0.133,BID
1445732368,1842.65,0.196,BID
1445732368,1842.65,3.7974,BID
1445732369,1842.65,0.0074,BID
1445732370,1842.66,0.125,BID
1445732370,1842.66,3.6724,BID
1445732370,1842.67,0.0011,BID
1445732370,1842.7,0.0011,BID
1445732370,1842.73,0.0011,BID
1445732370,1842.77,0.0011,BID
1445732370,1842.81,0.0011,BID
1445732370,1842.85,0.0011,BID
1445732370,1842.9,0.0011,BID
1445732370,1842.95,0.0011,BID
1445732370,1842.98,0.1,BID
1445732370,1843.01,0.0011,BID
1445732370,1843.07,0.0011,BID
1445732370,1843.14,0.0011,BID
1445732370,1843.23,0.0011,BID
1445732370,1843.32,0.0011,BID
1445732370,1843.42,0.0011,BID
1445732370,1843.93,0.0011,BID
1445732370,1843.95,1.7034,BID
1445732372,1842.75,0.141,ASK
1445732372,1842.34,0.0432,ASK
1445732372,1842.34,0.06,ASK
1445732372,1841.49,0.0058,ASK
1445732372,1842.64,1.2298,BID
1445732373,1842.66,0.814,BID
1445732374,1842.66,0.12,BID
1445732374,1842.66,0.8397,BID
1445732375,1843.95,0.5174,BID
1445732375,1842.67,0.0432,ASK
1445732376,1842.67,0.008,ASK
1445732376,1843.95,0.08,BID
1445732377,1843.95,0.023,BID
1445732377,1843.95,0.023,BID
1445732378,1843.94,0.0074,BID
1445732378,1843.94,0.1054,BID
1445732378,1843.95,0.0146,BID
1445732379,1843.94,0.8,BID
1445732379,1843.95,1.5167,BID
1445732379,1843.95,0.2563,BID
1445732380,1843.95,0.112,BID
1445732380,1842.68,0.007,ASK
1445732381,1843.95,2.9809,BID
1445732382,1843.93,0.0074,BID
1445732386,1843.92,0.007,BID
1445732386,1843.93,0.0526,BID
1445732386,1843.95,0.362,BID
1445732386,1843.95,0.3784,BID
1445732388,1842.69,0.008,ASK
1445732390,1843.94,0.0074,BID
1445732392,1843.94,0.052,BID
1445732392,1842.69,0.007,ASK
1445732394,1843.94,0.0074,BID
1445732399,1843.94,0.001,BID
1445732401,1843.94,0.187,BID
1445732402,1842.71,4.0056,ASK
1445732402,1842.71,0.09,ASK
1445732403,1842.71,3.8819,ASK
1445732404,1842.71,1.4143,ASK
1445732404,1842.69,0.3622,ASK
1445732404,1842.67,0.3854,ASK
1445732404,1842.66,0.4181,ASK
1445732404,1843.94,0.01,BID
1445732405,1843.94,1.7952,BID
1445732405,1843.94,0.7,BID
1445732405,1843.94,0.1978,BID
1445732407,1842.72,0.007,ASK
1445732408,1842.72,0.053,ASK
1445732408,1842.72,0.0432,ASK
1445732408,1842.66,1.9038,ASK
1445732410,1843.94,0.0074,BID
1445732410,1843.94,2.817,BID
1445732410,1842.67,11.017,ASK
1445732411,1842.66,2.0,ASK
1445732412,1843.93,0.0432,BID
1445732412,1843.94,0.9568,BID
1445732413,1842.66,0.008,ASK
1445732413,1843.94,0.1166,BID
1445732413,1843.94,0.0965,BID
1445732415,1843.94,0.0074,BID
1445732415,1843.93,0.06,BID
1445732415,1843.94,5.5545,BID
1445732416,1843.94,0.5,ASK
1445732416,1843.95,0.001,BID
1445732417,1843.94,0.5,ASK
1445732417,1843.94,0.007,ASK
1445732418,1843.94,3.0,ASK
1445732418,1843.94,0.65,ASK
1445732419,1843.94,0.5748,ASK
1445732419,1842.66,0.6701,ASK
1445732419,1841.51,0.7,ASK
1445732419,1841.51,0.0551,ASK
1445732419,1843.93,0.05,BID
1445732419,1843.93,0.0074,BID
1445732425,1841.56,0.008,ASK
1445732426,1843.93,0.5926,BID
1445732426,1843.93,0.65,BID
1445732426,1843.94,3.7574,BID
1445732427,1843.93,0.0074,BID
1445732428,1843.92,0.5,BID
1445732428,1843.93,0.742,BID
1445732428,1841.58,0.007,ASK
1445732428,1843.92,10.0,ASK
1445732428,1843.92,3.088,ASK
1445732430,1843.91,0.0074,BID
1445732430,1841.58,0.0362,ASK
1445732430,1841.57,0.0918,ASK
1445732432,1843.91,0.692,BID
1445732432,1841.62,0.007,ASK
1445732435,1843.91,0.0006,BID
1445732435,1843.93,0.0068,BID
1445732437,1841.63,0.6164,ASK
1445732437,1841.63,2.26,ASK
1445732437,1841.63,0.008,ASK
1445732438,1843.92,0.0432,BID
1445732438,1843.92,0.1498,BID
1445732439,1843.91,0.0074,BID
1445732441,1843.88,0.001,BID
1445732441,1843.88,0.014,BID
1445732441,1843.91,0.4926,BID
1445732441,1843.92,0.5364,BID
1445732441,1841.65,0.007,ASK
1445732443,1843.9,0.0074,BID
1445732444,1843.9,0.313,BID
1445732446,1841.69,0.008,ASK
1445732448,1843.89,0.007,BID
1445732448,1843.9,0.0004,BID
1445732449,1841.7,0.007,ASK
1445732451,1843.89,0.0074,BID
1445732454,1841.71,0.007,BID
1445732454,1843.88,0.232,BID
1445732455,1843.88,0.3874,BID
1445732456,1843.88,0.73,BID
1445732458,1843.88,0.9336,BID
1445732458,1843.89,0.0666,BID
1445732458,1843.92,0.3138,BID
1445732458,1843.94,0.349,BID
1445732458,1843.94,0.495,BID
1445732460,1843.94,0.9336,BID
1445732461,1843.94,0.001,BID
1445732462,1843.94,0.435,BID
1445732463,1843.94,0.001,BID
1445732463,1843.94,1.9037,BID
1445732463,1843.96,0.4,BID
1445732463,1843.98,0.037,BID
1445732465,1843.98,0.001,BID
1445732465,1843.98,0.062,BID
1445732465,1844.0,0.001,BID
1445732465,1844.0,0.09,BID
1445732466,1843.99,0.205,BID
1445732466,1843.99,0.1158,BID
1445732466,1844.0,0.009,BID
1445732466,1844.0,0.0802,BID
1445732466,1843.95,0.3907,ASK
1445732467,1843.92,0.063,BID
1445732468,1843.92,0.0074,BID
1445732469,1843.92,0.477,BID
1445732469,1843.11,0.008,ASK
1445732469,1843.92,0.0619,BID
1445732469,1844.0,0.2198,BID
1445732469,1844.0,0.2673,BID
1445732469,1844.0,0.27,BID
1445732470,1844.0,0.2206,BID
1445732470,1844.0,0.27,BID
1445732471,1844.0,0.15,BID
1445732471,1844.0,0.0074,BID
1445732472,1844.0,0.345,BID
1445732473,1842.61,0.06,BID
1445732473,1842.61,0.016,BID
1445732473,1843.99,0.008,BID
1445732473,1844.0,0.18,BID
1445732473,1844.0,0.655,BID
1445732473,1842.12,0.007,ASK
1445732475,1844.0,0.0074,BID
1445732477,1842.71,0.008,ASK
1445732477,1844.0,0.2,BID
1445732481,1843.1,0.2,BID
1445732481,1843.1,0.001,BID
1445732483,1843.1,0.0074,BID
1445732484,1842.71,0.068,ASK
1445732484,1842.21,0.088,ASK
1445732486,1843.05,0.015,BID
1445732486,1843.09,0.06,BID
1445732486,1843.1,0.015,BID
1445732487,1843.1,0.16,BID
1445732487,1843.1,0.015,BID
1445732488,1843.1,0.0299,BID
1445732488,1843.95,0.007,ASK
1445732489,1844.0,0.001,BID
1445732490,1844.0,0.4283,BID
1445732490,1844.0,0.0074,BID
1445732491,1844.0,0.5423,BID
1445732491,1844.0,0.19,BID
1445732492,1844.0,0.5423,BID
1445732492,1843.95,0.007,ASK
1445732493,1844.0,0.5423,BID
1445732495,1844.0,0.015,BID
1445732496,1844.0,0.05,BID
1445732496,1844.0,0.564,BID
1445732496,1844.0,0.0074,BID
1445732497,1844.0,0.323,BID
1445732498,1844.0,5.1143,BID
1445732498,1844.0,0.307,BID
1445732498,1844.0,0.03,BID
1445732499,1843.95,0.008,ASK
1445732502,1844.0,0.841,BID
1445732503,1844.0,0.001,BID
1445732508,1844.0,0.4,BID
1445732509,1844.0,0.001,BID
1445732510,1844.0,0.024,BID
1445732511,1844.0,0.027,BID
1445732511,1844.0,1.656,BID
1445732513,1844.0,0.762,BID
1445732513,1844.0,0.8,BID
1445732514,1844.0,2.05,BID
1445732515,1844.0,0.07,BID
1445732516,1844.0,0.1734,BID
1445732517,1844.0,0.923,BID
1445732517,1844.0,0.03,BID
1445732517,1844.0,0.5506,BID
1445732520,1844.0,0.05,BID
1445732520,1844.0,0.754,BID
1445732520,1844.0,3.3622,BID
1445732522,1844.12,1.0,BID
1445732523,1844.18,0.0011,BID
1445732523,1844.41,0.001,BID
1445732523,1844.47,0.0579,BID
1445732524,1844.47,0.487,BID
1445732524,1844.47,0.01,BID
1445732526,1844.47,0.607,BID
1445732528,1844.47,0.14,BID
1445732528,1844.47,1.832,BID
1445732532,1844.47,0.137,BID
1445732532,1844.47,0.14,BID
1445732533,1844.47,0.868,BID
1445732533,1844.47,0.2,BID
1445732534,1844.47,0.8542,BID
1445732535,1844.47,2.2669,BID
1445732535,1844.67,0.0011,BID
1445732537,1844.98,0.0074,BID
1445732538,1844.67,0.0085,ASK
1445732538,1844.67,3.0399,ASK
1445732539,1844.67,0.0085,BID
1445732539,1844.98,0.0815,BID
1445732539,1844.46,0.018,BID
1445732541,1844.68,0.007,ASK
1445732543,1844.98,0.0074,BID
1445732544,1844.97,0.001,BID
1445732546,1844.98,0.001,BID
1445732546,1844.98,0.0027,BID
1445732546,1845.0,0.0084,BID
1445732548,1845.0,0.001,BID
1445732549,1844.99,0.024,BID
1445732549,1845.0,30.1894,BID
1445732549,1845.0,4.75,BID
1445732549,1845.0,15.11,BID
1445732549,1845.0,4.0,BID
1445732553,1845.0,0.025,ASK
1445732554,1845.0,0.1022,ASK
1445732554,1845.0,0.3978,ASK
1445732555,1845.0,0.008,ASK
1445732555,1845.0,0.65,ASK
1445732555,1845.05,0.0011,BID
1445732555,1845.12,0.5,BID
1445732555,1845.13,1.1738,BID
1445732556,1845.0,0.65,ASK
1445732557,1845.13,0.0074,BID
1445732557,1845.0,0.65,ASK
1445732557,1845.0,0.0011,ASK
1445732558,1845.0,0.65,ASK
1445732559,1845.0,0.65,ASK
1445732559,1845.11,10.646,ASK
1445732560,1845.0,0.65,ASK
1445732561,1845.0,0.65,ASK
1445732562,1845.0,0.65,ASK
1445732563,1845.0,0.007,ASK
1445732563,1845.12,0.001,BID
1445732563,1845.0,0.65,ASK
1445732564,1845.13,5.2284,BID
1445732564,1845.0,0.65,ASK
1445732565,1845.13,0.0074,BID
1445732565,1845.08,0.011,ASK
1445732565,1845.0,0.639,ASK
1445732565,1845.12,8.0,BID
1445732565,1845.12,2.0,BID
1445732565,1845.12,5.514,BID
1445732566,1845.0,0.65,ASK
1445732567,1845.13,0.5,BID
1445732567,1845.0,0.007,ASK
1445732568,1845.13,0.5302,BID
1445732569,1845.28,0.0011,BID
1445732569,1845.41,0.001,BID
1445732569,1845.42,0.001,BID
1445732569,1845.42,0.001,BID
1445732569,1845.44,0.001,BID
1445732569,1845.45,0.001,BID
1445732569,1845.5,0.001,BID
1445732569,1845.5,0.0003,BID
1445732570,1845.5,0.0007,BID
1445732570,1845.5,0.001,BID
1445732570,1845.67,0.0011,BID
1445732570,1845.68,0.0072,BID
1445732571,1845.14,0.0118,ASK
1445732571,1845.14,0.4882,ASK
1445732574,1845.15,0.008,ASK
1445732576,1845.68,0.001,BID
1445732577,1845.67,0.001,BID
1445732579,1845.54,0.0074,ASK
1445732579,1845.54,0.001,BID
1445732580,1845.16,0.007,ASK
1445732582,1845.54,0.0074,BID
1445732583,1845.67,0.001,BID
1445732584,1845.16,0.053,ASK
1445732584,1845.14,0.042,ASK
1445732584,1845.01,0.8,ASK
1445732584,1845.0,0.285,ASK
1445732585,1845.16,0.008,BID
1445732585,1845.53,0.008,BID
1445732585,1845.67,0.484,BID
1445732587,1845.67,0.014,BID
1445732587,1845.68,9.08,BID
1445732587,1845.74,1.006,BID
1445732587,1845.85,0.0011,BID
1445732587,1845.87,0.005,BID
1445732587,1845.97,0.001,BID
1445732587,1845.97,0.001,BID
1445732587,1845.97,0.001,BID
1445732587,1845.97,0.001,BID
1445732587,1845.98,0.1,BID
1445732587,1846.0,1.18,ASK
1445732588,1846.0,0.06,ASK
1445732588,1846.0,0.1,ASK
1445732588,1846.0,0.486,ASK
1445732589,1846.0,0.6956,ASK
1445732589,1845.17,0.0074,ASK
1445732589,1845.16,0.0806,ASK
1445732591,1845.16,1.18,ASK
1445732593,1845.25,0.104,BID
1445732594,1845.25,1.6741,BID
1445732594,1845.25,2.1833,BID
1445732594,1845.67,0.1044,BID
1445732594,1846.0,0.5,ASK
1445732594,1846.0,0.007,ASK
1445732594,1846.47,24.062,BID
1445732596,1846.48,0.0011,BID
1445732596,1846.5,0.0011,BID
1445732596,1846.51,0.0052,BID
1445732597,1846.01,0.0432,ASK
1445732597,1846.0,3.8696,ASK
1445732597,1846.01,13.704,ASK
1445732598,1846.0,0.007,ASK
1445732599,1846.0,4.3287,ASK
1445732599,1845.26,0.5419,ASK
1445732599,1845.17,0.7,ASK
1445732599,1845.17,9.6855,ASK
1445732599,1845.16,8.7439,ASK
1445732599,1846.01,0.06,ASK
1445732600,1845.5,0.0074,BID
1445732603,1845.5,0.001,BID
1445732604,1845.25,0.06,ASK
1445732605,1845.25,0.008,ASK
1445732607,1845.5,0.0074,BID
1445732607,1845.5,0.039,BID
1445732609,1845.25,0.007,ASK
1445732609,1845.25,0.5,ASK
1445732610,1845.5,1.126,BID
1445732611,1845.5,0.0002,BID
1445732611,1845.55,0.0072,BID
1445732613,1845.26,0.008,ASK
1445732615,1845.55,0.0074,BID
1445732615,1845.55,0.0454,BID
1445732615,1846.47,0.0074,BID
1445732616,1846.47,0.052,BID
1445732618,1846.47,0.01,BID
1445732621,1846.05,0.007,ASK
1445732621,1846.46,0.01,BID
1445732622,1846.45,0.052,BID
1445732623,1846.45,0.0074,BID
1445732623,1846.45,0.4406,BID
1445732623,1846.45,0.0432,BID
1445732623,1846.46,0.2062,BID
1445732623,1846.46,0.07,BID
1445732624,1846.46,0.001,BID
1445732624,1846.07,6.0,BID
1445732624,1846.07,4.0,BID
1445732624,1846.07,4.889,BID
1445732624,1846.46,0.16,BID
1445732625,1846.46,0.019,BID
1445732625,1846.06,0.06,ASK
1445732628,1846.05,0.2528,BID
1445732628,1846.05,0.1872,BID
1445732628,1846.06,0.007,BID
1445732628,1846.46,0.2338,BID
1445732628,1846.47,0.063,BID
1445732630,1846.47,0.44,BID
1445732631,1845.28,0.5,ASK
1445732631,1846.46,0.8676,BID
1445732633,1846.46,0.3719,BID
1445732634,1846.47,0.016,BID
1445732635,1846.45,0.2,BID
1445732635,1846.45,0.116,BID
1445732637,1846.45,0.0074,BID
1445732642,1846.45,0.1766,BID
1445732642,1846.45,0.323,BID
1445732642,1846.47,0.4116,BID
1445732642,1846.51,39.0888,BID
1445732642,1846.51,0.025,BID
1445732644,1845.29,0.008,ASK
1445732644,1846.45,0.001,BID
1445732645,1846.45,2.58,BID
1445732645,1846.45,1.18,BID
1445732646,1846.45,0.11,BID
1445732648,1846.44,0.0074,BID
1445732649,1846.44,0.001,BID
1445732649,1846.44,0.043,BID
1445732650,1845.65,0.11,BID
1445732650,1846.44,0.0086,BID
1445732650,1846.51,2.8814,BID
1445732651,1846.51,1.18,BID
1445732651,1846.51,0.0437,BID
1445732651,1846.51,0.3625,BID
1445732651,1846.97,1.6375,BID
1445732654,1846.53,0.007,ASK
1445732654,1846.97,0.84,BID
1445732654,1846.97,1.18,BID
1445732656,1846.96,0.0074,BID
1445732657,1846.96,0.579,BID
1445732657,1846.98,0.1,BID
1445732657,1847.23,0.0011,BID
1445732657,1847.27,0.001,BID
1445732657,1847.27,0.001,BID
1445732657,1847.29,0.001,BID
1445732657,1847.41,0.031,BID
1445732657,1847.52,0.3966,BID
1445732657,1847.68,0.001,BID
1445732657,1847.76,0.001,BID
1445732657,1847.83,0.8873,BID
1445732657,1847.83,0.032,BID
1445732659,1847.83,0.056,BID
1445732659,1847.47,0.191,ASK
1445732659,1847.83,1.0847,BID
1445732659,1847.84,0.9153,BID
1445732663,1846.96,0.008,ASK
1445732664,1847.46,0.191,BID
1445732664,1847.84,0.009,BID
1445732665,1847.84,0.0074,BID
1445732665,1847.84,0.06,BID
1445732665,1847.84,0.191,BID
1445732666,1847.84,0.001,BID
1445732667,1847.84,0.443,BID
1445732667,1846.97,0.007,BID
1445732667,1847.84,0.026,BID
1445732668,1847.84,0.109,BID
1445732669,1847.84,0.0074,BID
1445732669,1847.84,0.131,BID
1445732670,1847.84,2.4481,BID
1445732670,1847.98,0.1,BID
1445732670,1848.0,0.0384,BID
1445732671,1847.0,0.001,ASK
1445732671,1846.97,0.006,ASK
1445732672,1848.0,0.0616,BID
1445732672,1848.0,0.747,BID
1445732672,1848.0,2.491,BID
1445732673,1848.0,0.0074,BID
1445732673,1848.0,0.127,BID
1445732674,1847.94,0.108,ASK
1445732674,1848.0,0.5411,BID
1445732674,1848.0,0.0865,BID
1445732674,1848.0,0.6225,BID
1445732675,1848.0,1.1184,BID
1445732677,1847.93,0.108,BID
1445732677,1848.0,1.125,BID
1445732677,1848.06,0.01,BID
1445732677,1848.16,0.001,BID
1445732677,1848.18,0.001,BID
1445732677,1848.56,0.001,BID
1445732677,1848.98,0.1,BID
1445732677,1849.0,0.3,BID
1445732677,1849.0,0.3406,BID
1445732677,1849.0,0.2568,BID
1445732678,1849.0,0.18,BID
1445732678,1848.93,0.008,ASK
1445732679,1849.0,2.5632,BID
1445732679,1849.0,1.0,BID
1445732679,1849.0,3.0,BID
1445732679,1849.0,6.269,BID
1445732679,1849.1,0.9796,BID
1445732679,1849.11,2.14,BID
1445732679,1849.14,4.336,BID
1445732679,1849.19,4.19,BID
1445732679,1849.3,0.3,BID
1445732679,1849.72,0.09,BID
1445732679,1849.9,7.7101,BID
1445732680,1848.95,0.0074,ASK
1445732680,1848.93,0.1,ASK
1445732680,1848.43,0.001,BID
1445732680,1848.02,1.0,ASK
1445732680,1848.02,20.069,ASK
1445732681,1848.43,0.06,BID
1445732682,1848.01,0.007,ASK
1445732685,1848.43,0.001,BID
1445732685,1848.43,0.0074,BID
1445732685,1848.43,0.0592,BID
1445732686,1848.92,0.001,BID
1445732686,1848.53,0.008,ASK
1445732687,1848.53,0.1798,ASK
1445732687,1848.02,0.0432,ASK
1445732687,1848.01,0.277,ASK
1445732688,1848.53,0.0074,BID
1445732690,1848.01,0.007,ASK
1445732691,1848.01,0.2501,ASK
1445732691,1848.01,0.5259,ASK
1445732691,1848.01,0.0152,ASK
1445732691,1848.01,0.4848,BID
1445732691,1848.52,0.0432,BID
1445732691,1848.53,0.1804,BID
1445732691,1848.92,0.099,BID
1445732691,1849.15,4.1657,BID
1445732693,1849.15,0.07,ASK
1445732693,1849.15,1.037,ASK
1445732693,1849.15,0.015,ASK
1445732696,1849.16,0.0432,ASK
1445732696,1849.15,0.5708,ASK
1445732696,1849.15,0.5,ASK
1445732697,1849.15,2.8341,ASK
1445732698,1849.15,0.0074,BID
1445732699,1848.5,2.095,ASK
1445732699,1848.5,0.5,ASK
1445732700,1848.5,0.01,ASK
1445732701,1848.5,0.007,ASK
1445732704,1848.65,0.0291,BID
1445732704,1848.5,0.001,ASK
1445732704,1848.65,0.0074,BID
1445732704,1848.5,0.5,ASK
1445732705,1848.65,0.5409,BID
1445732705,1848.5,1.18,ASK
1445732705,1848.5,0.01,ASK
1445732706,1848.65,0.001,BID
1445732706,1848.65,0.5409,BID
1445732706,1848.5,0.5,ASK
1445732707,1848.65,0.5409,BID
1445732708,1848.65,0.5409,BID
1445732709,1848.65,0.5409,BID
1445732710,1848.65,0.258,BID
1445732710,1848.66,0.2829,ASK
1445732710,1848.5,0.2171,ASK
1445732710,1848.51,0.0018,ASK
1445732710,1848.5,0.0062,ASK
1445732711,1848.66,0.5409,ASK
1445732711,1848.5,0.9254,ASK
1445732712,1848.5,0.5,ASK
1445732713,1848.64,0.0018,BID
1445732713,1849.0,0.001,BID
1445732713,1849.15,0.0046,BID
1445732716,1848.5,0.007,ASK
1445732717,1848.5,0.5,ASK
1445732718,1849.15,3.8905,BID
1445732718,1849.5,0.001,BID
1445732718,1849.74,2.06,BID
1445732718,1849.75,13.9805,BID
1445732718,1849.89,0.0291,BID
1445732718,1849.89,5.3264,BID
1445732718,1849.9,7.2899,BID
1445732718,1849.91,0.0645,BID
1445732718,1849.98,0.1,BID
1445732718,1849.99,2.397,BID
1445732719,1848.5,12.7317,ASK
1445732720,1848.51,0.06,ASK
1445732720,1848.5,0.44,ASK
1445732720,1849.99,0.0074,BID
1445732720,1849.98,17.0,ASK
1445732720,1849.98,0.822,ASK
1445732725,1848.5,0.138,ASK
1445732726,1849.98,0.001,BID
1445732735,1849.97,0.06,BID
1445732735,1849.98,0.499,BID
1445732735,1849.98,34.035,BID
1445732737,1849.0,4.6933,ASK
1445732737,1849.0,0.01,ASK
1445732738,1849.0,0.5,ASK
1445732738,1849.96,0.0432,BID
1445732738,1849.98,5.3648,BID
1445732740,1849.01,0.784,ASK
1445732740,1849.0,12.1792,ASK
1445732742,1849.01,0.0432,BID
1445732743,1849.01,0.06,BID
1445732745,1849.98,11.802,BID
1445732745,1849.99,0.0958,BID
1445732745,1849.99,0.4759,BID
1445732746,1849.97,0.0432,ASK
1445732747,1849.97,0.65,ASK
1445732748,1849.99,0.001,BID
1445732748,1849.97,0.65,ASK
1445732749,1849.97,1.3568,ASK
1445732750,1849.95,0.001,BID
1445732751,1849.95,0.001,BID
1445732753,1849.96,0.649,BID
1445732755,1849.94,0.06,BID
1445732755,1849.96,0.001,BID
1445732755,1849.96,0.65,BID
1445732755,1849.98,0.792,BID
1445732755,1849.98,0.5,ASK
1445732756,1849.99,0.0041,BID
1445732756,1849.99,0.0149,BID
1445732759,1849.99,0.242,BID
1445732759,1849.98,1.44,ASK
1445732759,1849.98,0.0008,ASK
1445732760,1849.98,0.4992,BID
1445732760,1849.99,0.0413,BID
1445732765,1849.98,0.09,BID
1445732767,1849.98,0.41,BID
1445732767,1849.99,0.8818,BID
1445732767,1849.99,0.499,BID
1445732767,1849.99,5.377,BID
1445732767,1849.99,1.435,BID
1445732767,1849.99,0.701,BID
1445732767,1849.99,2.414,BID
1445732767,1850.0,0.02,BID
1445732767,1850.0,0.5,BID
1445732767,1850.0,0.2,BID
1445732767,1850.0,0.1,BID
1445732767,1850.0,0.1,BID
1445732767,1850.0,0.2,BID
1445732767,1850.0,10.0,BID
1445732767,1850.0,5.0,BID
1445732767,1850.0,0.5,BID
1445732767,1850.0,0.1,BID
1445732767,1850.0,0.864,BID
1445732767,1850.0,4.0,BID
1445732767,1850.0,0.5768,BID
1445732767,1850.0,1.0,BID
1445732767,1850.0,17.9053,BID
1445732768,1849.99,28.0,BID
1445732768,1849.99,2.167,BID
1445732769,1849.99,0.001,BID
1445732769,1849.06,0.0432,ASK
1445732769,1849.05,0.06,ASK
1445732770,1849.05,0.0183,BID
1445732772,1849.05,0.3785,BID
1445732772,1849.05,0.103,BID
1445732773,1849.97,0.0183,BID
1445732773,1849.99,0.0007,BID
1445732774,1849.06,0.3785,ASK
1445732774,1849.05,0.1215,ASK
1445732775,1849.05,0.097,ASK
1445732775,1849.04,0.121,ASK
1445732775,1849.96,0.0432,BID
1445732775,1849.99,0.4568,BID
1445732776,1849.05,0.008,BID
1445732777,1849.95,0.06,BID
1445732777,1849.99,0.5415,BID
1445732777,1850.0,2.0947,BID
1445732777,1850.0,0.01,BID
1445732777,1850.0,0.01,BID
1445732777,1850.0,1.0,BID
1445732777,1850.0,0.5066,BID
1445732777,1850.0,0.0074,BID
1445732778,1849.26,0.5,ASK
1445732780,1849.27,0.007,ASK
1445732782,1849.98,0.0074,BID
1445732783,1849.98,0.4926,BID
1445732783,1850.0,0.486,BID
1445732783,1850.0,0.2,BID
1445732783,1850.0,0.6452,BID
1445732783,1850.0,0.3,BID
1445732783,1850.0,0.3,BID
1445732783,1850.0,10.0,BID
1445732783,1850.0,19.5762,BID
1445732785,1849.26,0.007,ASK
1445732786,1849.97,0.001,BID
1445732787,1849.96,0.0074,BID
1445732788,1849.26,0.5,ASK
1445732789,1849.26,3.0,ASK
1445732789,1849.26,0.175,ASK
1445732790,1849.49,0.001,BID
1445732790,1849.26,0.3611,ASK
1445732790,1849.25,0.2889,BID
1445732790,1849.49,0.005,BID
1445732790,1849.5,1.957,BID
1445732790,1849.96,0.0162,BID
1445732790,1849.97,0.598,BID
1445732792,1849.25,0.65,BID
1445732792,1849.26,0.5,BID
1445732792,1849.26,0.008,BID
1445732792,1849.96,0.121,BID
1445732792,1849.97,0.102,BID
1445732794,1849.99,0.0819,ASK
1445732794,1849.98,0.4181,ASK
1445732794,1850.0,0.0074,BID
1445732795,1849.98,0.2009,ASK
1445732800,1849.28,0.007,ASK
1445732801,1849.28,0.0362,ASK
1445732801,1849.27,0.4638,ASK
1445732802,1849.27,0.0362,ASK
1445732802,1849.27,0.007,BID
1445732802,1849.48,0.0004,BID
1445732804,1849.18,0.008,ASK
1445732804,1849.27,0.5,BID
1445732804,1849.47,0.0432,BID
1445732804,1849.48,0.6186,BID
1445732804,1849.97,0.4181,BID
1445732804,1849.97,0.619,BID
1445732804,1850.0,1.8011,BID
1445732805,1850.0,0.001,BID
1445732806,1850.0,0.0074,BID
1445732809,1849.19,0.0432,ASK
1445732809,1849.18,0.052,ASK
1445732809,1849.07,0.0236,ASK
1445732809,1849.01,0.1812,ASK
1445732809,1849.01,0.052,ASK
1445732811,1849.01,0.06,ASK
1445732813,1849.02,0.007,ASK
1445732815,1849.02,0.12,ASK
1445732815,1849.31,0.0074,BID
1445732820,1849.0,2.505,ASK
1445732821,1849.02,0.007,ASK
1445732822,1849.31,0.0526,BID
1445732822,1849.5,0.001,BID
1445732822,1849.99,0.135,BID
1445732822,1850.0,6.3769,BID
1445732822,1850.0,3.4345,BID
1445732823,1850.0,0.0074,BID
1445732824,1849.02,0.3266,ASK
1445732824,1849.0,1.3557,ASK
1445732825,1849.02,0.001,BID
1445732825,1849.02,0.007,BID
1445732825,1850.0,0.035,BID
1445732826,1849.2,0.001,BID
1445732827,1849.2,0.0074,BID
1445732828,1849.2,0.001,BID
1445732829,1849.03,0.007,ASK
1445732830,1849.03,0.128,ASK
1445732832,1849.2,0.0074,BID
1445732832,1849.03,0.565,ASK
1445732834,1849.01,0.07,ASK
1445732834,1849.01,1.11,ASK
1445732835,1849.01,0.65,ASK
1445732836,1849.01,0.15,ASK
1445732836,1849.0,0.5,ASK
1445732836,1849.02,0.085,BID
1445732836,1849.02,0.204,BID
1445732837,1849.0,1.18,ASK
1445732837,1849.0,0.5995,ASK
1445732837,1849.0,0.0505,ASK
1445732838,1849.01,0.008,BID
1445732838,1849.02,0.361,BID
1445732838,1849.25,0.65,ASK
1445732838,1849.3,0.07,BID
1445732838,1849.98,0.58,BID
1445732840,1849.98,0.0074,BID
1445732841,1849.25,2.58,ASK
1445732842,1849.25,1.0774,ASK
1445732842,1849.03,0.361,ASK
1445732842,1849.0,0.5616,ASK
1445732847,1849.0,0.007,ASK
1445732848,1849.24,0.0432,BID
1445732849,1849.97,0.0074,BID
1445732850,1849.26,0.447,ASK
1445732851,1849.26,0.007,ASK
1445732852,1849.97,0.5,BID
1445732854,1849.97,0.0074,BID
1445732861,1849.28,0.001,BID
1445732861,1849.27,0.008,ASK
1445732863,1849.28,0.0074,BID
1445732864,1849.28,1.0216,BID
1445732864,1849.97,0.112,BID
1445732864,1850.0,0.8664,BID
1445732865,1850.0,0.001,BID
1445732867,1849.29,0.007,ASK
1445732867,1850.0,0.001,BID
1445732868,1849.98,14.0,BID
1445732868,1849.98,0.748,BID
1445732869,1849.99,2.58,BID
1445732873,1849.99,0.087,BID
1445732875,1849.99,0.0074,BID
1445732877,1849.99,1.18,BID
1445732877,1849.99,2.0,BID
1445732878,1849.99,1.18,BID
1445732879,1849.31,0.008,ASK
1445732879,1849.99,5.0,BID
1445732880,1849.99,0.211,BID
1445732881,1849.99,1.18,BID
1445732881,1849.99,0.01,BID
1445732883,1849.98,0.008,BID
1445732883,1849.98,0.732,BID
1445732883,1849.95,0.54,ASK
1445732883,1849.29,0.5338,ASK
1445732883,1849.27,1.9262,ASK
1445732884,1849.94,0.54,BID
1445732884,1849.98,0.068,BID
1445732884,1849.99,0.2,BID
1445732886,1849.99,0.5405,BID
1445732887,1849.99,0.54,BID
1445732888,1849.29,20.0,BID
1445732888,1849.29,0.068,BID
1445732889,1849.29,0.001,BID
1445732889,1849.29,0.5407,BID
1445732890,1849.29,0.178,BID
1445732890,1849.29,0.5407,BID
1445732891,1849.29,0.5407,BID
1445732891,1849.29,0.015,BID
1445732891,1849.29,1.414,BID
1445732892,1849.29,0.5407,BID
1445732893,1849.29,1.0685,BID
1445732893,1849.29,0.5407,BID
1445732894,1849.29,2.5094,BID
1445732894,1849.29,0.5407,BID
1445732894,1849.29,0.9,BID
1445732895,1849.29,0.5407,BID
1445732895,1849.29,0.028,BID
1445732896,1849.29,0.5,BID
1445732896,1849.29,0.982,BID
1445732896,1849.29,0.5407,BID
1445732897,1849.29,0.5407,BID
1445732899,1849.29,0.5407,BID
1445732899,1849.29,0.64,BID
1445732900,1849.29,0.5407,BID
1445732900,1849.29,0.034,BID
1445732901,1849.29,0.5,BID
1445732901,1849.29,1.084,BID
1445732901,1849.29,0.5407,BID
1445732902,1849.28,0.205,ASK
1445732902,1849.29,0.5407,BID
1445732903,1849.29,0.5,BID
1445732903,1849.28,0.495,ASK
1445732903,1849.27,0.125,ASK
1445732903,1849.27,0.03,ASK
1445732904,1849.29,0.5407,BID
1445732905,1849.29,0.01,BID
1445732905,1849.29,0.5407,BID
1445732905,1849.29,0.018,BID
1445732906,1849.29,0.5407,BID
1445732906,1849.29,2.0,BID
1445732906,1849.29,0.001,BID
1445732907,1849.29,0.1164,BID
1445732907,1849.29,0.5,BID
1445732907,1849.29,0.499,BID
1445732907,1849.29,0.232,BID
1445732908,1849.29,1.0,BID
1445732909,1849.29,2.0,BID
1445732909,1849.29,0.001,BID
1445732911,1849.29,0.601,BID
1445732911,1849.29,0.5,BID
1445732911,1849.29,0.102,BID
1445732912,1849.29,0.299,BID
1445732913,1849.29,0.55,BID
1445732913,1849.29,2.0,BID
1445732914,1849.29,3.377,BID
1445732915,1849.29,0.02,BID
1445732916,1849.29,0.02,BID
1445732916,1849.29,0.11,BID
1445732917,1849.29,8.0,BID
1445732917,1849.29,0.228,BID
1445732917,1849.29,0.5,BID
1445732919,1849.29,25.0,BID
1445732919,1849.29,0.1,BID
1445732919,1849.29,0.001,BID
1445732921,1849.29,0.03,BID
1445732921,1849.29,1.129,BID
1445732922,1849.29,2.0,BID
1445732924,1849.29,0.42,BID
1445732924,1849.26,3.5028,ASK
1445732924,1849.25,0.0432,ASK
1445732924,1849.2,0.5,BID
1445732925,1849.2,1.95,BID
1445732927,1849.2,4.004,BID
1445732929,1849.29,0.02,BID
1445732929,1849.29,0.53,BID
1445732930,1849.2,0.051,ASK
1445732930,1849.29,3.645,BID
1445732932,1849.29,0.001,BID
1445732932,1849.2,0.449,ASK
1445732933,1849.19,0.051,BID
1445732933,1849.29,2.949,BID
1445732933,1849.19,0.4,BID
1445732933,1849.19,0.051,BID
1445732934,1849.19,0.049,BID
1445732934,1849.29,1.951,BID
1445732934,1849.29,0.4665,BID
1445732934,1849.98,0.051,BID
1445732936,1849.98,0.0616,BID
1445732937,1849.99,0.5,BID
1445732937,1849.99,0.0616,BID
1445732938,1849.99,0.173,BID
1445732939,1849.99,1.0451,BID
1445732941,1849.32,0.74,ASK
1445732941,1849.31,0.06,ASK
1445732941,1849.31,0.1381,ASK
1445732941,1849.3,0.0742,ASK
1445732941,1849.29,0.6877,ASK
1445732941,1849.99,0.018,BID
1445732941,1849.99,0.5,BID
1445732946,1849.99,0.5,BID
1445732947,1849.29,3.0,ASK
1445732948,1849.98,0.06,BID
1445732948,1849.99,0.44,BID
1445732949,1849.99,0.2,BID
1445732949,1849.99,0.7,BID
1445732950,1849.99,0.001,BID
1445732950,1849.99,2.9801,BID
1445732951,1849.99,0.5,BID
1445732954,1849.98,0.537,BID
1445732954,1849.98,0.163,BID
1445732954,1849.99,0.737,BID
1445732954,1849.99,0.5,BID
1445732957,1849.99,0.0074,BID
1445732958,1849.99,0.5,BID
1445732959,1849.99,0.1,BID
1445732959,1849.29,0.007,ASK
1445732960,1849.99,3.0,BID
1445732961,1849.99,0.5,BID
1445732961,1849.99,2.543,BID
1445732961,1849.99,0.0074,BID
1445732963,1849.3,0.007,ASK
1445732965,1849.98,0.5,BID
1445732966,1849.98,0.0074,BID
1445732968,1849.31,0.008,BID
1445732968,1849.98,0.2626,BID
1445732968,1849.99,4.0511,BID
1445732969,1849.99,0.0074,BID
1445732969,1849.99,1.5259,BID
1445732970,1849.99,0.4861,BID
1445732970,1849.99,0.2839,BID
1445732970,1849.99,0.001,BID
1445732971,1849.98,0.007,ASK
1445732971,1849.99,0.5405,BID
1445732973,1849.99,0.0074,BID
1445732974,1849.98,0.01,ASK
1445732974,1849.99,1.1672,BID
1445732974,1850.0,2.6416,BID
1445732974,1850.0,1.1746,BID
1445732974,1850.0,0.8455,BID
1445732974,1850.0,0.0545,BID
1445732974,1850.0,0.088,BID
1445732975,1849.98,0.2095,ASK
1445732976,1849.98,0.2735,ASK
1445732978,1849.97,0.2195,BID
1445732978,1849.97,0.2735,BID
1445732978,1850.0,0.8575,BID
1445732978,1850.0,1.0,BID
1445732978,1850.0,0.3,BID
1445732978,1850.0,3.0854,BID
1445732978,1849.69,0.06,ASK
1445732978,1849.34,0.2095,ASK
1445732978,1849.31,0.7,ASK
1445732978,1849.3,0.5546,ASK
1445732979,1849.98,0.008,BID
1445732979,1850.0,0.5325,BID
1445732980,1850.0,0.79,BID
1445732980,1850.0,0.0074,BID
1445732981,1850.0,0.5847,BID
1445732981,1850.0,0.2444,BID
1445732981,1850.0,1.0,BID
1445732981,1850.0,3.0068,BID
1445732982,1849.97,0.007,ASK
1445732982,1850.0,0.001,BID
1445732983,1850.0,0.04,BID
1445732983,1850.0,0.0074,BID
1445732984,1850.0,0.07,BID
1445732984,1849.99,0.355,BID
1445732985,1849.97,0.007,ASK
1445732985,1849.99,0.345,BID
1445732985,1850.0,2.6352,BID
1445732986,1850.0,0.345,BID
1445732986,1850.0,0.345,BID
1445732987,1850.0,0.0074,BID
1445732988,1850.0,0.014,BID
1445732988,1850.0,2.4073,BID
1445732989,1849.97,0.001,ASK
1445732989,1849.97,0.008,ASK
1445732990,1850.0,0.0205,BID
1445732990,1850.0,1.035,BID
1445732990,1850.0,0.0654,BID
1445732990,1850.0,1.0,BID
1445732990,1850.0,0.0101,BID
1445732990,1850.0,0.0105,BID
1445732990,1850.0,3.3486,BID
1445732991,1850.0,0.0074,BID
1445732991,1850.0,0.014,BID
1445732991,1849.97,0.477,ASK
1445732991,1849.3,0.2454,ASK
1445732991,1849.29,1.8576,ASK
1445732993,1849.96,0.001,BID
1445732994,1849.96,0.476,BID
1445732994,1849.99,0.001,BID
1445732994,1849.98,0.0023,BID
1445732994,1849.99,0.4977,BID
1445732995,1849.95,0.07,BID
1445732995,1849.99,0.0559,BID
1445732995,1850.0,0.3501,BID
1445732995,1849.3,0.0023,ASK
1445732995,1849.29,0.0047,ASK
1445732996,1850.0,0.048,BID
1445732997,1850.0,0.001,BID
1445732998,1850.0,0.024,BID
1445732998,1850.0,0.0074,BID
1445732999,1850.0,0.576,BID
1445732999,1849.31,0.008,BID
1445732999,1850.0,0.492,BID
1445733000,1850.0,0.5,BID
1445733001,1850.0,0.45,BID
1445733001,1850.0,0.0074,BID
1445733001,1850.0,0.2,BID
1445733001,1850.0,0.216,BID
1445733001,1849.99,0.216,BID
1445733002,1849.99,0.0294,BID
1445733002,1849.99,0.1445,BID
1445733002,1850.0,0.1231,BID
1445733003,1849.97,0.007,ASK
1445733004,1850.0,0.125,BID
1445733004,1850.0,0.125,BID
1445733005,1850.0,0.0074,BID
1445733005,1850.0,0.774,BID
1445733007,1849.97,0.007,ASK
1445733008,1850.0,0.086,BID
1445733008,1850.0,0.199,BID
1445733009,1850.0,0.5,BID
1445733009,1850.0,0.507,BID
1445733010,1850.0,0.0074,BID
1445733010,1850.0,0.308,BID
1445733011,1850.0,2.6869,BID
1445733011,1850.0,0.3131,BID
1445733011,1850.0,0.001,BID
1445733011,1849.97,0.008,ASK
1445733011,1850.0,0.5,BID
1445733011,1849.99,2.0,BID
1445733011,1849.99,11.299,BID
1445733012,1850.0,0.1859,BID
1445733012,1850.0,0.8141,BID
1445733013,1850.0,0.0074,BID
1445733014,1850.0,0.5,BID
1445733015,1849.97,0.007,ASK
1445733015,1850.0,0.2,BID
1445733015,1850.0,0.2,BID
1445733015,1850.0,0.215,BID
1445733015,1850.0,0.001,BID
1445733017,1850.0,0.0074,BID
1445733019,1850.0,0.5,BID
1445733020,1850.0,0.066,BID
1445733022,1849.97,0.008,ASK
1445733022,1850.0,0.066,BID
1445733022,1850.0,0.4231,BID
1445733022,1850.0,0.6,BID
1445733022,1850.0,0.5569,BID
1445733023,1850.0,0.0074,BID
1445733023,1850.0,0.4357,BID
1445733023,1850.0,0.0643,BID
1445733023,1849.99,4.0,BID
1445733023,1849.99,7.981,BID
1445733024,1849.97,0.008,ASK
1445733025,1850.0,0.148,BID
1445733026,1850.0,0.5,BID
1445733026,1850.0,29.2877,BID
1445733026,1850.0,0.3,BID
1445733026,1850.0,3.0,BID
1445733026,1850.0,1.0,BID
1445733026,1850.0,0.08,BID
1445733026,1850.0,1.9323,BID
1445733029,1850.0,3.0677,BID
1445733029,1850.0,1.1,BID
1445733029,1850.0,11.7729,BID
1445733029,1850.0,11.0,BID
1445733029,1850.0,1.7671,BID
1445733029,1850.0,0.1,BID
1445733029,1850.0,10.0,BID
1445733029,1850.0,0.856,BID
1445733030,1850.0,0.5,BID
1445733031,1850.0,0.0074,BID
1445733031,1850.0,0.143,BID
1445733032,1849.98,0.481,BID
1445733032,1849.98,0.001,BID
1445733033,1849.97,0.006,ASK
1445733033,1849.98,0.518,BID
1445733033,1849.99,0.662,BID
1445733034,1849.99,0.338,BID
1445733034,1850.0,0.152,BID
1445733034,1850.0,0.203,BID
1445733034,1850.0,0.287,BID
1445733035,1850.0,0.0074,BID
1445733035,1850.0,0.499,BID
1445733036,1850.0,0.001,BID
1445733036,1850.0,2.3256,BID
1445733036,1850.0,1.0,BID
1445733036,1850.0,2.0514,BID
1445733037,1850.0,1.435,BID
1445733040,1850.0,0.701,BID
1445733040,1849.98,0.49,ASK
1445733040,1850.0,0.014,BID
1445733040,1850.0,0.024,BID
1445733041,1849.98,0.008,ASK
1445733041,1850.0,0.7746,BID
1445733041,1850.0,1.6394,BID
1445733043,1850.0,0.0074,BID
1445733043,1850.0,0.49,BID
1445733044,1850.0,0.882,BID
1445733044,1850.0,0.314,BID
1445733045,1849.98,0.002,ASK
1445733045,1849.97,0.005,ASK
1445733045,1850.0,0.183,BID
1445733047,1850.0,0.0074,BID
1445733047,1850.0,0.09,BID
1445733047,1850.0,0.5,BID
1445733048,1850.0,0.6748,BID
1445733048,1850.0,0.7472,BID
1445733049,1849.97,0.008,ASK
1445733050,1850.0,0.5,BID
1445733050,1850.0,0.7528,BID
1445733050,1850.0,1.0,BID
1445733050,1850.0,0.4146,BID
1445733050,1850.0,1.262,BID
1445733050,1850.0,1.694,BID
1445733050,1850.0,1.0,BID
1445733050,1850.0,0.996,BID
1445733050,1850.0,2.0,BID
1445733050,1850.0,1.8886,BID
1445733050,1850.0,2.882,BID
1445733050,1850.0,0.784,BID
1445733050,1850.0,0.03,BID
1445733051,1850.0,0.29,BID
1445733052,1850.0,0.9,BID
1445733052,1850.0,0.0074,BID
1445733053,1850.0,6.18,BID
1445733053,1849.97,0.007,ASK
1445733054,1850.0,0.5,BID
1445733054,1850.0,0.001,BID
1445733055,1850.0,0.1,BID
1445733055,1850.0,0.278,BID
1445733055,1850.0,0.3887,BID
1445733055,1850.0,0.1113,BID
1445733055,1850.0,0.0074,BID
1445733056,1850.0,2.3613,BID
1445733056,1850.0,0.7135,BID
1445733056,1850.0,0.001,BID
1445733056,1850.0,2.2504,BID
1445733056,1850.0,0.5353,BID
1445733056,1850.0,8.8143,BID
1445733056,1850.0,0.72,BID
1445733056,1850.0,0.1,BID
1445733056,1850.0,1.3123,BID
1445733056,1850.0,4.0534,BID
1445733056,1850.0,0.2,BID
1445733057,1849.97,0.007,ASK
1445733057,1849.97,14.642,ASK
1445733058,1849.97,0.086,BID
1445733059,1849.96,0.0074,BID
1445733059,1849.96,0.6426,BID
1445733059,1849.97,0.0074,BID
1445733060,1849.97,0.65,BID
1445733060,1849.97,0.5,BID
1445733061,1849.71,0.008,ASK
1445733061,1849.97,0.6258,BID
1445733062,1849.97,0.4888,BID
1445733062,1850.0,5.7466,BID
1445733062,1850.0,0.001,BID
1445733062,1850.0,3.7636,BID
1445733063,1850.0,0.157,BID
1445733063,1850.0,0.0074,BID
1445733063,1850.0,1.1146,BID
1445733063,1849.97,0.008,ASK
1445733064,1849.97,0.007,ASK
1445733064,1850.0,0.7981,BID
1445733067,1850.0,0.015,BID
1445733067,1850.0,0.0074,BID
1445733069,1849.97,0.008,ASK
1445733069,1850.0,0.015,BID
1445733069,1850.0,0.01,BID
1445733070,1849.97,0.477,ASK
1445733070,1849.67,0.06,ASK
1445733070,1849.38,0.8,ASK
1445733070,1849.37,0.1311,ASK
1445733070,1849.36,0.5319,ASK
1445733071,1850.0,0.0074,BID
1445733071,1850.0,0.06,BID
1445733072,1849.96,0.485,BID
1445733072,1850.0,0.015,BID
1445733072,1850.0,0.5405,BID
1445733072,1850.0,0.05,BID
1445733074,1850.0,0.0854,BID
1445733074,1850.0,0.001,BID
1445733075,1850.0,3.0899,BID
1445733075,1850.0,0.2672,BID
1445733075,1850.0,0.2328,ASK
1445733076,1849.99,0.5672,BID
1445733076,1850.01,0.3048,BID
1445733077,1849.99,0.06,BID
1445733077,1850.01,0.5072,BID
1445733077,1849.39,0.007,ASK
1445733078,1850.01,0.227,BID
1445733079,1850.01,1.56,BID
1445733079,1850.01,0.0074,BID
1445733080,1849.95,0.06,BID
1445733080,1849.95,0.0353,BID
1445733080,1850.01,0.4647,BID
1445733080,1850.01,6.9299,BID
1445733080,1850.01,10.001,BID
1445733080,1850.44,0.001,BID
1445733080,1850.5,0.001,BID
1445733080,1850.58,0.001,BID
1445733080,1850.69,0.001,BID
1445733080,1850.77,0.001,BID
1445733080,1850.79,0.001,BID
1445733080,1850.79,0.001,BID
1445733080,1850.85,1.0,BID
1445733080,1850.89,0.001,BID
1445733080,1850.9,0.001,BID
1445733080,1850.94,0.0011,BID
1445733080,1850.94,0.001,BID
1445733080,1850.98,0.1,BID
1445733080,1850.99,0.001,BID
1445733080,1851.0,0.001,BID
1445733080,1851.01,0.055,BID
1445733080,1851.03,0.001,BID
1445733080,1851.03,0.001,BID
1445733080,1851.13,0.001,BID
1445733080,1851.21,0.001,BID
1445733080,1851.47,0.001,BID
1445733080,1851.47,0.001,BID
1445733080,1851.47,0.001,BID
1445733080,1851.48,0.001,BID
1445733080,1851.48,0.001,BID
1445733080,1851.48,0.001,BID
1445733080,1851.49,0.001,BID
1445733080,1851.49,0.001,BID
1445733080,1851.49,0.001,BID
1445733080,1851.49,0.001,BID
1445733080,1851.5,0.001,BID
1445733080,1851.5,0.001,BID
1445733080,1851.5,0.001,BID
1445733080,1851.5,0.001,BID
1445733080,1851.5,0.001,BID
1445733080,1851.5,0.001,BID
1445733080,1851.5,0.001,BID
1445733080,1851.76,0.001,BID
1445733080,1851.98,0.1,BID
1445733080,1852.0,0.1,BID
1445733080,1852.02,0.3706,BID
1445733080,1852.65,0.001,BID
1445733080,1852.98,0.1,BID
1445733080,1853.04,0.1704,BID
1445733081,1853.03,12.749,BID
1445733081,1849.39,0.007,ASK
1445733081,1849.4,10.0,BID
1445733081,1849.4,9.911,BID
1445733083,1853.04,0.0074,BID
1445733083,1853.04,0.01,BID
1445733086,1850.11,0.054,ASK
1445733086,1850.01,0.329,ASK
1445733086,1849.44,0.768,ASK
1445733086,1849.32,0.0953,ASK
1445733086,1849.31,0.1445,ASK
1445733086,1849.3,0.9922,ASK
1445733086,1850.0,1.617,BID
1445733089,1850.12,0.008,ASK
1445733089,1852.53,0.001,BID
1445733093,1852.98,0.001,BID
1445733093,1851.08,0.0074,ASK
1445733093,1850.14,0.54,ASK
1445733093,1850.14,0.7533,ASK
1445733093,1850.13,0.2793,ASK
1445733095,1850.14,0.001,BID
1445733096,1850.14,0.006,BID
1445733097,1851.11,0.006,ASK
1445733097,1852.98,0.01,BID
1445733099,1852.98,0.0074,BID
1445733099,1851.11,0.175,ASK
1445733099,1850.15,0.694,ASK
1445733099,1850.15,7.937,ASK
1445733100,1851.12,0.01,ASK
1445733101,1852.93,0.768,BID
1445733101,1852.96,0.554,BID
1445733101,1852.97,0.007,BID
1445733101,1852.98,0.671,BID
1445733108,1851.16,0.01,ASK
1445733108,1851.16,0.53,ASK
1445733108,1851.14,0.0432,ASK
1445733108,1851.13,0.2973,ASK
1445733108,1850.16,0.8,ASK
1445733108,1850.13,0.2952,ASK
1445733108,1850.13,0.0343,ASK
1445733109,1852.95,0.0074,BID
1445733111,1851.13,0.01,ASK
1445733115,1852.94,0.001,BID
1445733115,1851.19,0.014,ASK
1445733115,1851.17,0.06,ASK
1445733115,1851.13,0.509,ASK
1445733115,1852.93,0.0089,ASK
1445733116,1852.93,0.0432,ASK
1445733116,1852.93,0.54,ASK
1445733117,1852.93,0.2714,ASK
1445733117,1851.76,0.0074,BID
1445733119,1850.15,0.008,ASK
1445733120,1850.17,0.0521,BID
1445733121,1850.14,0.0853,ASK
1445733121,1850.13,0.1569,ASK
1445733121,1850.13,0.9378,ASK
1445733121,1850.17,0.0074,BID
1445733121,1850.17,0.0005,BID
1445733123,1850.18,0.0595,ASK
1445733123,1850.13,5.2667,ASK
1445733124,1850.13,1.18,ASK
1445733125,1850.18,0.001,BID
1445733127,1850.13,3.0,ASK
1445733127,1850.45,0.07,BID
1445733128,1851.13,1.18,ASK
1445733128,1851.13,0.154,ASK
1445733128,1851.13,0.65,ASK
1445733128,1851.13,0.006,ASK
1445733129,1851.13,0.06,ASK
1445733130,1851.75,0.0074,BID
1445733132,1851.13,0.01,ASK
1445733132,1851.13,0.007,ASK
1445733132,1851.13,3.0,ASK
1445733133,1851.13,0.181,ASK
1445733134,1851.74,0.0074,BID
1445733134,1851.74,0.001,BID
1445733136,1851.14,0.1565,ASK
1445733136,1851.13,3.1735,ASK
1445733137,1851.14,0.01,ASK
1445733137,1851.14,0.05,ASK
1445733137,1851.13,0.45,ASK
1445733138,1851.14,0.001,BID
1445733139,1851.14,0.007,BID
1445733140,1851.14,0.008,ASK
1445733140,1851.74,0.0074,BID
1445733141,1851.74,0.001,BID
1445733141,1851.14,0.06,ASK
1445733142,1851.14,0.2087,ASK
1445733142,1851.13,0.01,ASK
1445733142,1851.14,0.0433,BID
1445733143,1851.14,0.0956,BID
1445733144,1851.13,0.0485,ASK
1445733144,1851.13,0.2275,ASK
1445733145,1851.13,0.007,ASK
1445733145,1851.13,0.65,ASK
1445733146,1851.13,0.65,ASK
1445733146,1851.43,0.0074,BID
1445733146,1851.42,4.0,ASK
1445733146,1851.42,5.0,ASK
1445733146,1851.42,2.263,ASK
1445733149,1851.13,0.2261,ASK
1445733151,1850.63,0.2254,BID
1445733152,1850.63,0.0806,BID
1445733152,1850.14,0.008,ASK
1445733152,1850.15,14.846,BID
1445733154,1850.63,0.0074,BID
1445733155,1850.63,0.001,BID
1445733155,1850.15,0.007,ASK
1445733157,1850.62,0.0074,BID
1445733160,1850.15,0.007,ASK
1445733160,1850.62,0.0426,BID
1445733160,1850.63,0.3355,BID
1445733160,1850.64,10.0,BID
1445733160,1850.64,4.874,BID
1445733162,1851.42,0.0074,BID
1445733170,1851.41,0.001,BID
1445733171,1850.64,0.06,ASK
1445733171,1850.64,0.0096,ASK
1445733171,1850.63,0.2181,ASK
1445733174,1850.64,0.008,ASK
1445733174,1850.64,0.2008,ASK
1445733174,1850.63,3.1492,ASK
1445733174,1851.4,0.001,BID
1445733176,1851.39,0.0433,BID
1445733176,1851.4,0.2078,BID
1445733176,1851.41,0.0096,BID
1445733176,1851.42,0.0185,BID
1445733177,1851.42,0.0074,BID
1445733179,1851.42,0.0473,BID
1445733179,1851.71,0.2254,BID
1445733179,1851.72,0.0956,BID
1445733179,1851.72,0.1307,BID
1445733182,1850.64,0.0433,ASK
1445733182,1850.63,1.3303,ASK
1445733184,1850.64,0.007,BID
1445733185,1851.37,0.0074,BID
1445733187,1851.37,0.001,BID
1445733187,1850.65,0.008,ASK
1445733187,1851.36,0.0433,BID
1445733187,1851.37,0.013,BID
1445733187,1851.38,0.06,BID
1445733187,1851.72,0.1586,BID
1445733187,1851.73,0.2837,BID
1445733187,1851.74,0.1555,BID
1445733187,1851.75,0.2859,BID
1445733189,1851.75,0.001,BID
1445733193,1850.91,0.001,ASK
1445733193,1851.75,0.06,BID
1445733195,1851.75,0.0074,BID
1445733196,1851.75,0.229,BID
1445733197,1850.92,0.008,ASK
1445733199,1851.75,0.0074,BID
1445733201,1850.93,0.007,ASK
1445733202,1851.74,0.0074,BID
1445733203,1851.74,0.1438,BID
1445733203,1851.74,0.145,BID
1445733203,1851.74,0.1122,BID
1445733204,1850.93,0.008,ASK
1445733206,1851.73,0.0074,BID
1445733206,1851.73,0.0006,BID
1445733206,1851.74,0.0004,BID
1445733208,1851.74,0.0181,BID
1445733208,1851.75,0.0079,BID
1445733211,1850.92,0.007,ASK
1445733213,1851.74,0.0074,BID
1445733213,1850.93,0.06,ASK
1445733213,1850.93,0.0433,ASK
1445733213,1850.92,0.1442,ASK
1445733213,1850.92,0.145,ASK
1445733213,1850.92,0.1075,BID
1445733213,1851.74,0.0026,BID
1445733213,1851.75,0.3936,BID
1445733213,1851.75,0.1063,BID
1445733214,1851.74,9.593,BID
1445733214,1851.74,3.0,BID
1445733214,1851.74,8.0,BID
1445733214,1851.74,9.32,BID
1445733216,1850.92,0.023,BID
1445733217,1850.66,0.008,ASK
1445733219,1850.92,0.0074,BID
1445733220,1850.67,0.007,ASK
1445733221,1850.92,0.4696,BID
1445733221,1850.92,0.023,BID
1445733221,1851.75,0.0074,BID
1445733221,1851.75,0.001,BID
1445733224,1851.75,0.0074,BID
1445733226,1850.92,0.001,BID
1445733227,1850.91,0.001,BID
1445733229,1850.68,0.007,ASK
1445733230,1850.91,0.063,BID
1445733231,1850.9,0.0074,BID
1445733231,1850.9,0.0214,BID
1445733231,1850.91,0.1183,BID
1445733231,1851.75,0.0413,BID
1445733232,1850.92,0.008,ASK
1445733234,1850.93,0.0019,BID
1445733234,1851.75,0.0055,BID
1445733234,1850.92,0.1733,ASK
1445733234,1850.92,0.1813,ASK
1445733235,1850.92,0.1454,BID
1445733235,1851.22,0.06,BID
1445733235,1851.75,0.9316,BID
1445733236,1850.91,0.02,BID
1445733237,1850.69,0.007,ASK
1445733238,1850.91,0.01,BID
1445733239,1850.9,0.0074,BID
1445733240,1850.9,0.145,BID
1445733240,1850.9,0.3476,BID
1445733240,1850.9,0.0836,BID
1445733240,1850.91,0.3246,BID
1445733241,1851.4,0.01,ASK
1445733241,1850.91,1.2442,ASK
1445733241,1850.7,4.8285,ASK
1445733241,1850.7,0.0836,ASK
1445733241,1850.69,0.0218,ASK
1445733241,1850.69,0.786,ASK
1445733241,1850.68,0.993,ASK
1445733241,1850.68,0.1823,ASK
1445733241,1850.68,0.1222,ASK
1445733241,1850.66,0.1227,ASK
1445733241,1850.65,0.0064,ASK
1445733241,1850.63,0.1266,ASK
1445733241,1850.5,3.1,ASK
1445733241,1850.5,0.4345,ASK
1445733241,1850.16,0.2877,ASK
1445733241,1850.13,0.0155,ASK
1445733241,1850.12,0.0608,ASK
1445733241,1850.0,0.2963,ASK
1445733241,1850.7,0.008,BID
1445733243,1850.91,0.492,ASK
1445733243,1850.71,0.158,ASK
1445733243,1851.75,0.0074,BID
1445733244,1850.89,0.112,BID
1445733245,1850.75,0.06,BID
1445733246,1850.75,0.001,BID
1445733246,1850.75,0.01,BID
1445733246,1850.74,4.0,BID
1445733246,1850.74,10.654,BID
1445733247,1850.71,0.007,ASK
1445733249,1850.75,1.6652,BID
1445733249,1850.88,0.5,BID
1445733249,1850.89,0.1082,BID
1445733249,1851.74,0.112,BID
1445733249,1851.75,0.6526,BID
1445733249,1852.0,1.5,BID
1445733249,1852.13,0.001,BID
1445733249,1852.47,0.001,BID
1445733249,1852.62,4.46,BID
1445733257,1852.46,0.0074,BID
1445733263,1852.44,0.0433,BID
1445733263,1852.45,0.06,BID
1445733263,1852.45,0.5,BID
1445733263,1852.45,0.0243,BID
1445733263,1852.61,0.161,BID
1445733263,1851.84,0.007,ASK
1445733266,1852.44,0.0074,BID
1445733266,1852.44,0.001,BID
1445733266,1851.84,0.001,ASK
1445733268,1851.85,0.0433,ASK
1445733268,1851.85,0.06,ASK
1445733268,1851.85,0.1114,ASK
1445733268,1851.84,0.2853,ASK
1445733274,1851.85,0.5,BID
1445733274,1852.42,0.0433,BID
1445733274,1852.43,0.1114,BID
1445733274,1852.44,0.2204,BID
1445733276,1852.46,0.7506,ASK
1445733276,1852.46,0.1223,ASK
1445733277,1852.46,0.252,ASK
1445733281,1852.45,0.398,BID
1445733281,1852.45,0.65,BID
1445733281,1852.47,0.1643,ASK
1445733281,1852.46,0.3357,ASK
1445733281,1852.46,0.1643,ASK
1445733281,1851.87,0.0433,ASK
1445733281,1851.86,0.2924,ASK
1445733281,1852.5,0.001,BID
1445733282,1851.87,2.0,ASK
1445733282,1851.87,11.0,ASK
1445733282,1851.87,4.258,ASK
1445733284,1851.86,0.008,ASK
1445733285,1851.86,0.1996,ASK
1445733285,1851.86,0.001,BID
1445733285,1851.86,0.2994,BID
1445733286,1852.49,0.0074,BID
1445733287,1852.0,1.559,ASK
1445733289,1852.01,0.0074,ASK
1445733289,1852.0,0.4926,ASK
1445733291,1852.01,0.007,ASK
1445733292,1852.01,0.0446,ASK
1445733292,1852.0,0.2834,ASK
1445733293,1852.48,0.0074,BID
1445733294,1852.0,0.5,ASK
1445733294,1852.0,1.51,ASK
1445733294,1852.0,5.3566,ASK
1445733296,1851.87,0.008,ASK
1445733296,1851.87,0.01,ASK
1445733296,1851.87,0.0114,ASK
1445733296,1851.77,0.2288,ASK
1445733297,1851.77,0.2598,BID
1445733297,1852.0,2.1434,BID
1445733297,1852.48,0.0074,BID
1445733298,1852.46,0.5,ASK
1445733299,1852.47,0.001,BID
1445733299,1852.46,0.007,ASK
1445733300,1852.46,1.744,ASK
1445733301,1852.46,0.5,ASK
1445733301,1852.46,0.01,ASK
1445733301,1852.46,0.65,ASK
1445733301,1852.48,0.0074,BID
1445733302,1852.46,0.65,ASK
1445733303,1852.46,0.007,ASK
1445733304,1852.48,0.001,BID
1445733304,1852.46,0.0423,ASK
1445733304,1852.46,0.65,ASK
1445733305,1852.48,0.0074,BID
1445733305,1852.46,0.65,ASK
1445733305,1852.48,0.013,BID
1445733305,1852.46,0.5,ASK
1445733306,1852.46,0.65,ASK
1445733307,1852.48,0.001,BID
1445733307,1852.46,0.38,ASK
1445733307,1852.46,0.65,ASK
1445733307,1852.46,2.1969,ASK
1445733307,1852.46,0.008,ASK
1445733308,1852.46,0.65,ASK
1445733309,1852.46,0.65,ASK
1445733309,1852.48,0.0074,BID
1445733309,1852.46,0.5,ASK
1445733310,1852.46,0.65,ASK
1445733311,1852.46,0.06,ASK
1445733311,1852.46,0.65,ASK
1445733311,1852.46,0.007,ASK
1445733312,1852.46,0.5,ASK
1445733312,1852.46,0.65,ASK
1445733313,1852.47,0.0074,BID
1445733313,1852.46,0.65,ASK
1445733314,1852.46,1.9801,ASK
1445733314,1852.46,0.65,ASK
1445733315,1852.46,0.65,ASK
1445733315,1852.46,0.008,ASK
1445733316,1852.46,0.65,ASK
1445733317,1852.46,0.5,ASK
1445733317,1852.47,0.0026,BID
1445733317,1852.48,0.0048,BID
1445733317,1852.46,0.65,ASK
1445733318,1852.46,1.9801,ASK
1445733319,1852.46,0.65,ASK
1445733320,1852.46,0.65,ASK
1445733320,1852.46,0.65,ASK
1445733320,1852.46,0.007,ASK
1445733321,1852.46,6.9894,ASK
1445733321,1852.44,0.5106,ASK
1445733322,1852.45,0.0074,BID
1445733323,1852.45,0.6426,BID
1445733323,1852.45,0.65,BID
1445733323,1852.46,0.0214,BID
1445733324,1852.46,0.4786,BID
1445733324,1852.46,0.007,ASK
1445733326,1852.48,0.0022,BID
1445733326,1852.49,0.0052,BID
1445733327,1852.46,0.0542,ASK
1445733327,1852.44,0.4458,ASK
1445733327,1852.44,1.9802,ASK
1445733328,1852.49,0.001,BID
1445733328,1852.44,0.2,ASK
1445733329,1852.44,3.719,ASK
1445733329,1852.44,0.5,ASK
1445733329,1852.44,1.9802,ASK
1445733330,1852.44,0.65,ASK
1445733330,1852.44,0.5,ASK
1445733331,1852.44,0.65,ASK
1445733331,1852.44,0.5,ASK
1445733332,1852.44,0.65,ASK
1445733333,1852.44,0.008,ASK
1445733333,1852.44,0.65,ASK
1445733334,1852.44,0.65,ASK
1445733335,1852.44,0.1,ASK
1445733335,1852.44,1.9803,ASK
1445733335,1852.45,0.024,BID
1445733335,1852.44,0.65,ASK
1445733335,1852.44,0.062,ASK
1445733336,1852.44,0.65,ASK
1445733336,1852.45,0.0302,BID
1445733336,1852.46,5.7583,BID
1445733336,1852.49,0.0232,BID
1445733336,1852.6,0.1643,BID
1445733336,1852.61,0.0423,BID
1445733336,1852.63,0.001,BID
1445733336,1852.94,0.0853,BID
1445733336,1852.94,0.0521,BID
1445733336,1853.0,0.5,ASK
1445733337,1853.0,0.65,ASK
1445733337,1853.0,0.06,ASK
1445733338,1853.0,1.9803,ASK
1445733339,1853.0,0.653,ASK
1445733341,1852.45,0.0433,ASK
1445733341,1852.44,0.0467,ASK
1445733346,1852.44,0.48,ASK
1445733346,1852.91,0.001,BID
1445733347,1852.91,0.014,BID
1445733347,1852.44,0.3372,ASK
1445733347,1852.01,0.54,ASK
1445733348,1852.0,0.0074,BID
1445733349,1851.76,0.0243,ASK
1445733349,1851.74,0.0018,ASK
1445733349,1851.41,0.01,ASK
1445733350,1851.41,1.9804,ASK
1445733350,1851.66,0.06,BID
1445733352,1851.66,0.1786,BID
1445733353,1851.41,0.007,ASK
1445733353,1851.41,0.01,ASK
1445733354,1851.42,0.0808,ASK
1445733354,1851.41,1.0312,ASK
1445733354,1851.65,0.0074,BID
1445733355,1851.41,1.9614,ASK
1445733355,1850.96,0.0011,ASK
1445733355,1850.79,0.2033,ASK
1445733355,1850.76,0.5403,ASK
1445733355,1850.71,0.0552,ASK
1445733355,1850.0,5.0,ASK
1445733355,1850.0,3.42,ASK
1445733355,1850.0,5.0,ASK
1445733355,1849.27,3.8187,ASK
1445733358,1851.41,0.5,BID
1445733358,1851.41,0.008,BID
1445733359,1851.65,0.0074,BID
1445733360,1851.65,0.001,BID
1445733360,1851.41,0.8805,ASK
1445733360,1851.41,0.06,ASK
1445733361,1851.41,0.3125,ASK
1445733361,1850.04,0.1875,ASK
1445733361,1851.1,0.06,BID
1445733361,1851.31,0.1673,BID
1445733363,1850.82,0.001,BID
1445733363,1851.0,0.0795,BID
1445733364,1850.99,2.0,BID
1445733364,1850.99,9.617,BID
1445733364,1850.04,0.3525,ASK
1445733364,1850.02,0.01,ASK
1445733368,1850.02,0.102,BID
1445733371,1849.33,0.0894,ASK
1445733371,1849.32,0.001,ASK
1445733371,1849.28,6.7578,ASK
1445733371,1849.28,0.007,ASK
1445733372,1850.01,0.017,BID
1445733373,1849.35,0.25,ASK
1445733373,1850.01,0.0074,BID
1445733375,1849.35,0.25,ASK
1445733376,1849.35,0.007,BID
1445733376,1849.99,0.057,BID
1445733377,1849.99,0.02,BID
1445733377,1849.34,0.0074,BID
1445733378,1849.33,0.1947,ASK
1445733379,1849.25,0.3043,BID
1445733379,1849.33,0.0917,BID
1445733381,1849.32,0.1947,BID
1445733381,1849.33,0.3053,BID
1445733382,1849.32,0.001,ASK
1445733382,1849.24,0.0672,BID
1445733382,1849.33,0.103,BID
1445733382,1849.99,0.122,BID
1445733382,1849.99,0.13,BID
1445733382,1849.35,0.0039,ASK
1445733382,1849.99,0.211,BID
1445733382,1850.0,0.06,BID
1445733382,1850.01,0.033,BID
1445733382,1850.01,0.049,BID
1445733382,1850.01,0.1947,BID
1445733382,1850.82,0.001,BID
1445733382,1850.95,1.7553,BID
1445733383,1849.35,0.008,ASK
1445733383,1850.95,2.58,BID
1445733384,1850.95,2.0,BID
1445733385,1850.95,0.0074,BID
1445733385,1850.11,0.122,ASK
1445733385,1849.36,0.0433,ASK
1445733385,1849.35,0.4289,ASK
1445733385,1849.03,0.0682,ASK
1445733385,1849.02,0.051,ASK
1445733385,1849.01,0.2866,ASK
1445733388,1850.94,0.034,BID
1445733390,1850.0,0.007,ASK
1445733393,1850.93,0.0074,BID
1445733394,1850.02,0.008,ASK
1445733395,1850.92,0.01,BID
1445733396,1850.92,0.0074,BID
1445733397,1850.03,0.007,ASK
1445733398,1850.03,0.001,ASK
1445733399,1850.91,0.0074,BID
1445733401,1850.9,0.0289,BID
1445733401,1850.91,0.0411,BID
1445733401,1850.04,0.007,ASK
1445733402,1850.91,0.01,BID
1445733406,1850.9,0.0948,BID
1445733406,1850.91,0.4415,BID
1445733406,1850.91,0.0589,BID
1445733406,1850.91,0.048,BID
1445733406,1850.93,0.054,BID
1445733406,1850.93,0.1615,BID
1445733406,1850.94,0.0738,BID
1445733406,1851.39,0.2475,BID
1445733407,1851.39,0.0391,BID
1445733407,1851.39,0.1329,BID
1445733407,1851.37,7.0,BID
1445733407,1851.37,6.954,BID
1445733407,1850.92,0.0136,ASK
1445733409,1850.92,0.4868,ASK
1445733409,1850.92,0.0074,BID
1445733410,1850.92,0.0058,BID
1445733410,1850.93,0.206,ASK
1445733412,1850.92,0.01,BID
1445733412,1850.92,0.034,BID
1445733413,1850.6,0.06,ASK
1445733413,1850.05,0.0948,ASK
1445733413,1850.05,0.0136,ASK
1445733413,1850.04,0.0219,ASK
1445733413,1850.03,0.0509,ASK
1445733413,1850.02,0.052,ASK
1445733413,1850.01,16.7068,ASK
1445733414,1850.63,0.008,ASK
1445733417,1850.63,0.492,ASK
1445733417,1850.01,0.508,ASK
1445733420,1850.9,0.156,BID
1445733421,1850.9,0.0001,BID
1445733421,1850.91,0.0333,BID
1445733421,1850.92,0.244,BID
1445733421,1850.92,0.212,BID
1445733421,1850.92,0.043,BID
1445733421,1850.93,0.06,BID
1445733421,1851.25,0.001,BID
1445733421,1851.36,0.4342,BID
1445733421,1851.36,3.8287,BID
1445733421,1851.37,0.2118,BID
1445733421,1851.38,0.7852,BID
1445733421,1851.4,0.65,BID
1445733421,1851.4,0.65,BID
1445733421,1851.64,0.2273,BID
1445733421,1851.64,0.0805,BID
1445733421,1851.65,0.065,BID
1445733421,1851.75,0.0243,BID
1445733421,1851.99,0.1786,BID
1445733421,1851.99,0.9771,BID
1445733422,1851.67,14.0,BID
1445733422,1851.67,6.384,BID
1445733422,1851.66,0.356,ASK
1445733423,1851.66,0.001,ASK
1445733423,1851.66,0.296,ASK
1445733424,1851.66,0.499,ASK
1445733425,1851.66,0.1542,ASK
1445733425,1851.74,0.0074,BID
1445733425,1851.66,2.4677,ASK
1445733425,1851.43,0.001,ASK
1445733425,1850.03,0.0101,ASK
1445733425,1850.03,0.1542,ASK
1445733425,1850.02,0.1561,ASK
1445733425,1850.0,2.5879,ASK
1445733426,1851.74,0.033,BID
1445733426,1850.0,1.435,ASK
1445733426,1850.01,5.266,BID
1445733427,1851.66,0.5,BID
1445733427,1851.74,0.04,BID
1445733428,1850.01,0.701,ASK
1445733429,1850.01,2.414,ASK
1445733431,1851.73,0.036,BID
1445733437,1851.73,0.01,BID
1445733439,1850.66,0.007,ASK
1445733441,1851.73,0.0074,BID
1445733443,1850.66,0.008,ASK
1445733446,1851.73,0.0074,BID
1445733448,1850.66,0.007,ASK
1445733448,1851.71,0.2501,BID
1445733448,1851.72,0.0101,BID
1445733448,1851.73,0.4392,BID
1445733448,1851.73,0.045,BID
1445733448,1852.0,0.2556,BID
1445733452,1851.46,0.001,ASK
1445733456,1851.71,0.0074,BID
1445733456,1851.41,0.001,ASK
1445733459,1851.42,0.001,ASK
1445733462,1851.41,0.008,ASK
1445733464,1851.71,0.0074,BID
1445733466,1850.67,0.008,ASK
1445733468,1851.71,0.0074,BID
1445733470,1850.68,0.007,ASK
1445733471,1851.71,0.0074,BID
1445733473,1850.68,0.008,ASK
1445733475,1851.71,0.0074,BID
1445733487,1850.74,0.001,BID
1445733487,1851.71,0.0507,BID
1445733487,1851.71,0.0263,BID
1445733488,1850.67,0.007,ASK
1445733490,1850.67,0.026,ASK
1445733490,1850.67,0.0689,ASK
1445733490,1850.66,0.048,ASK
1445733490,1850.1,0.8,ASK
1445733490,1850.04,0.54,ASK
1445733490,1850.03,0.2501,ASK
1445733490,1850.03,0.0877,ASK
1445733490,1850.01,1.3671,ASK
1445733490,1850.0,7.2044,ASK
1445733490,1849.99,0.0074,BID
1445733491,1849.99,0.04,BID
1445733492,1849.75,0.001,ASK
1445733492,1849.75,0.001,ASK
1445733492,1849.47,0.001,ASK
1445733492,1849.37,0.1615,ASK
1445733492,1849.36,0.0738,ASK
1445733492,1849.26,0.7617,ASK
1445733493,1849.27,5.624,ASK
1445733495,1849.73,0.001,BID
1445733495,1849.99,0.049,BID
