timestamp,price,amount,side
1445989598,1904.53,0.5,ASK
1445989599,1905.74,0.0514,BID
1445989599,1905.75,0.5,BID
1445989599,1905.75,0.7106,BID
1445989612,1904.53,0.001,ASK
1445989623,1904.55,0.0543,ASK
1445989623,1904.54,0.4457,ASK
1445989625,1904.54,0.1716,ASK
1445989625,1904.54,0.001,ASK
1445989629,1904.54,0.0928,ASK
1445989630,1904.54,0.1752,BID
1445989632,1904.54,0.232,BID
1445989632,1904.54,0.1752,ASK
1445989632,1904.53,0.0928,ASK
1445989634,1904.55,0.231,ASK
1445989635,1905.59,0.0014,BID
1445989637,1905.0,0.0014,BID
1445989639,1904.55,0.001,ASK
1445989640,1904.53,0.5,ASK
1445989640,1905.0,0.0014,BID
1445989642,1904.99,0.0014,BID
1445989644,1904.97,0.0014,BID
1445989644,1904.54,0.1737,ASK
1445989646,1904.16,0.008,ASK
1445989648,1904.54,0.0014,BID
1445989649,1903.29,0.0237,ASK
1445989649,1903.28,0.5,ASK
1445989649,1903.26,0.0382,ASK
1445989649,1903.25,9.4381,ASK
1445989650,1904.54,0.0014,BID
1445989652,1904.53,0.0014,BID
1445989653,1904.53,0.0014,BID
1445989655,1904.53,0.0014,BID
1445989658,1904.52,0.0014,BID
1445989660,1903.25,0.0089,ASK
1445989662,1904.51,0.0014,BID
1445989664,1904.49,0.0014,BID
1445989666,1904.49,0.0014,BID
1445989668,1904.48,0.0014,BID
1445989670,1904.47,0.0014,BID
1445989670,1903.26,0.0475,ASK
1445989670,1903.26,0.15,ASK
1445989672,1903.26,6.8792,BID
1445989672,1903.26,0.0014,BID
1445989672,1903.25,8.6162,ASK
1445989673,1903.26,0.0419,BID
1445989673,1903.26,0.008,ASK
1445989673,1903.27,50.0,ASK
1445989673,1903.27,16.382,ASK
1445989675,1903.27,0.5254,ASK
1445989675,1903.26,0.2326,ASK
1445989675,1903.55,0.0014,BID
1445989676,1903.55,0.02,BID
1445989677,1903.55,0.0014,BID
1445989682,1903.42,0.0014,ASK
1445989682,1903.2,0.161,ASK
1445989682,1903.55,0.0772,BID
1445989684,1903.56,0.0772,ASK
1445989684,1903.55,0.0228,ASK
1445989684,1903.54,0.0014,BID
1445989686,1903.54,0.0014,BID
1445989687,1903.54,1.3022,BID
1445989688,1903.54,0.0014,ASK
1445989688,1903.53,0.0014,BID
1445989690,1903.21,0.0089,ASK
1445989691,1903.21,0.1011,ASK
1445989691,1903.21,0.0475,ASK
1445989691,1903.2,0.3514,ASK
1445989692,1904.99,0.0014,BID
1445989698,1904.53,0.0014,BID
1445989700,1904.53,0.0014,BID
1445989703,1904.53,7.636,BID
1445989703,1904.83,0.5,ASK
1445989706,1904.83,0.5944,ASK
1445989706,1904.96,0.0014,BID
1445989707,1904.96,1.18,BID
1445989708,1904.82,0.0014,BID
1445989708,1904.82,0.6486,BID
1445989708,1904.83,4.1709,BID
1445989708,1904.83,0.5,BID
1445989708,1904.96,0.0305,BID
1445989708,1904.96,0.0515,BID
1445989708,1904.97,0.5,BID
1445989708,1904.97,0.11,BID
1445989708,1904.99,0.1499,BID
1445989708,1905.17,4.1529,BID
1445989712,1905.28,0.0543,ASK
1445989712,1905.27,0.4457,ASK
1445989714,1906.35,0.0014,BID
1445989715,1905.28,0.008,ASK
1445989717,1906.49,0.0014,BID
1445989719,1906.15,0.0014,BID
1445989720,1906.15,0.0014,BID
1445989722,1906.15,0.0014,BID
1445989725,1906.14,0.0014,BID
1445989727,1906.15,0.0014,BID
1445989727,1906.15,0.008,BID
1445989728,1906.44,0.01,ASK
1445989728,1906.44,0.0089,ASK
1445989729,1906.44,0.0529,ASK
1445989730,1906.44,1.18,BID
1445989730,1906.43,0.0014,BID
1445989733,1906.43,0.0014,BID
1445989735,1906.43,0.0014,BID
1445989736,1906.28,0.0014,BID
1445989737,1906.28,0.01,BID
1445989738,1906.28,0.0014,BID
1445989740,1906.28,0.0014,BID
1445989744,1906.28,0.0014,BID
1445989749,1904.94,0.0089,ASK
1445989751,1906.28,0.0014,BID
1445989753,1906.28,0.0014,BID
1445989756,1906.28,0.0014,BID
1445989758,1906.28,0.0014,BID
1445989760,1906.28,0.0014,BID
1445989762,1906.28,0.0014,BID
1445989764,1905.25,0.0089,ASK
1445989766,1906.27,0.0014,BID
1445989768,1906.27,0.0014,BID
1445989770,1906.26,0.0014,BID
1445989772,1906.27,0.0014,BID
1445989774,1906.26,0.0014,BID
1445989777,1906.27,0.0014,BID
1445989780,1904.97,0.008,ASK
1445989782,1906.27,0.0014,BID
1445989784,1906.27,0.0014,BID
1445989785,1904.98,4.0,BID
1445989785,1904.98,0.828,BID
1445989786,1906.26,0.0014,BID
1445989788,1906.26,0.0014,BID
1445989790,1906.25,0.0014,BID
1445989792,1906.26,0.0014,BID
1445989797,1904.96,0.0089,ASK
1445989799,1906.25,0.0014,BID
1445989800,1906.26,0.0014,BID
1445989806,1906.26,0.0014,BID
1445989810,1905.89,0.0014,ASK
1445989811,1905.89,0.09,BID
1445989812,1905.59,0.0014,BID
1445989814,1905.58,0.0014,BID
1445989819,1904.22,0.008,ASK
1445989821,1905.17,0.0014,BID
1445989824,1905.16,0.0014,BID
1445989826,1905.16,0.0014,BID
1445989834,1905.15,0.0014,BID
1445989835,1905.15,0.0014,BID
1445989837,1905.16,0.0014,BID
1445989838,1904.23,0.0089,ASK
1445989840,1905.15,0.0014,BID
1445989843,1905.16,0.0014,BID
1445989845,1905.15,0.0014,BID
1445989847,1906.26,0.0014,BID
1445989849,1905.17,0.0014,BID
1445989851,1905.17,0.0014,BID
1445989853,1904.25,0.008,ASK
1445989855,1905.16,0.0014,BID
1445989861,1904.28,0.525,ASK
1445989861,1904.26,0.0542,ASK
1445989861,1903.85,0.01,ASK
1445989861,1903.67,0.0146,ASK
1445989861,1903.67,0.0014,BID
1445989865,1903.67,0.6112,BID
1445989867,1905.14,0.0014,BID
1445989875,1905.1,0.0014,BID
1445989881,1905.09,0.0014,BID
1445989883,1905.09,0.0014,BID
1445989885,1903.44,0.0089,ASK
1445989887,1905.08,0.0014,BID
1445989890,1905.04,7.239,BID
1445989894,1905.04,0.0014,BID
1445989895,1905.04,0.0529,BID
1445989895,1905.05,0.531,BID
1445989895,1905.17,1.3194,BID
1445989898,1905.25,0.8755,BID
1445989901,1905.16,0.1,BID
1445989903,1905.25,0.0014,BID
1445989905,1905.25,0.0014,BID
1445989905,1905.17,4.3161,ASK
1445989905,1905.25,0.022,BID
1445989907,1905.25,0.0014,BID
1445989909,1905.25,0.0014,BID
1445989911,1905.18,0.008,ASK
1445989913,1905.25,0.0014,BID
1445989915,1905.18,0.0512,ASK
1445989915,1905.18,0.1118,ASK
1445989915,1905.17,3.4741,ASK
1445989919,1905.17,0.0014,BID
1445989921,1905.17,0.0014,BID
1445989923,1905.17,17.0,BID
1445989923,1905.17,0.0014,BID
1445989924,1905.17,0.5249,BID
1445989925,1905.17,0.0014,BID
1445989927,1905.17,0.0014,BID
1445989936,1903.55,0.0089,ASK
1445989938,1905.17,0.0014,BID
1445989940,1905.16,0.0014,BID
1445989942,1905.17,0.0014,BID
1445989945,1905.17,0.0014,BID
1445989947,1905.16,0.0014,BID
1445989949,1905.16,0.0014,BID
1445989951,1905.15,0.0014,BID
1445989953,1903.57,0.0089,ASK
1445989955,1905.16,0.0014,BID
1445989956,1903.58,5.0,BID
1445989956,1903.58,4.84,BID
1445989963,1905.14,0.0014,BID
1445989966,1905.13,0.0014,BID
1445989968,1905.14,0.0014,BID
1445989969,1904.97,1.18,ASK
1445989969,1905.14,0.0014,BID
1445989970,1904.97,0.512,ASK
1445989972,1904.14,0.0014,BID
1445989973,1904.14,0.1,BID
1445989974,1903.31,0.0089,ASK
1445989976,1904.13,0.0014,BID
1445989978,1904.14,0.0014,BID
1445989980,1904.13,0.0014,BID
1445989982,1904.14,0.0014,BID
1445989984,1904.12,0.0014,BID
1445989986,1904.12,0.0014,BID
1445989988,1903.32,0.008,ASK
1445989989,1904.12,0.0014,BID
1445989991,1904.11,0.0014,BID
1445989994,1904.12,0.0014,BID
1445989997,1904.12,0.0014,BID
1445990002,1904.12,0.0014,BID
1445990004,1904.13,0.0014,BID
1445990006,1903.34,0.0089,ASK
1445990008,1904.13,0.0014,BID
1445990013,1903.33,0.01,ASK
1445990013,1903.32,0.4742,ASK
1445990013,1903.32,0.002,ASK
1445990013,1903.03,0.6,ASK
1445990013,1903.02,1.411,ASK
1445990013,1903.02,0.1528,ASK
1445990013,1904.12,0.0014,BID
1445990015,1903.03,1.0,ASK
1445990015,1903.03,6.601,ASK
1445990015,1904.12,0.0014,BID
1445990017,1904.11,0.0014,BID
1445990019,1904.12,0.0014,BID
1445990020,1903.02,0.001,ASK
1445990021,1904.11,0.0014,BID
1445990024,1903.03,0.008,ASK
1445990026,1904.12,0.0014,BID
1445990028,1904.11,0.0014,BID
1445990030,1904.12,0.0014,BID
1445990032,1904.12,0.0014,BID
1445990034,1904.11,0.0014,BID
1445990035,1904.12,0.0014,BID
1445990037,1903.04,0.0089,ASK
1445990039,1903.99,0.0014,BID
1445990042,1903.99,0.0014,BID
1445990043,1903.03,0.0436,ASK
1445990043,1903.02,0.0564,ASK
1445990044,1903.98,0.0014,BID
1445990046,1903.98,0.0014,BID
1445990047,1903.0,3.106,ASK
1445990055,1903.88,0.0014,BID
1445990057,1903.88,0.0014,BID
1445990059,1903.0,0.008,ASK
1445990060,1903.87,0.0014,BID
1445990062,1903.88,0.0014,BID
1445990065,1903.87,0.001,BID
1445990065,1903.88,0.0004,BID
1445990066,1903.95,0.0014,BID
1445990068,1903.64,0.0014,BID
1445990070,1903.64,0.0014,BID
1445990071,1903.01,0.0089,ASK
1445990073,1903.63,0.0014,BID
1445990075,1903.63,0.0014,BID
1445990078,1903.63,0.0014,BID
1445990084,1903.52,0.0014,BID
1445990086,1903.52,0.0014,BID
1445990088,1903.01,0.001,ASK
1445990088,1903.52,0.0014,BID
1445990090,1903.02,0.008,ASK
1445990092,1903.5,0.0014,BID
1445990094,1903.49,0.0014,BID
1445990096,1903.49,0.0014,BID
1445990099,1903.49,0.5,BID
1445990099,1903.49,1.411,BID
1445990099,1903.5,0.669,BID
1445990099,1903.5,2.0,BID
1445990101,1903.48,0.008,BID
1445990101,1903.5,1.172,BID
1445990101,1903.5,0.6093,BID
1445990101,1903.51,0.1,BID
1445990101,1904.13,1.2907,BID
1445990102,1904.12,0.0014,BID
1445990103,1904.12,0.2286,BID
1445990103,1904.13,0.9514,BID
1445990107,1903.87,0.003,BID
1445990107,1904.13,1.177,BID
1445990108,1904.13,2.0,BID
1445990108,1904.12,0.0014,BID
1445990110,1904.13,0.0014,BID
1445990112,1903.04,0.0089,ASK
1445990114,1904.12,0.0014,BID
1445990119,1904.11,0.0014,BID
1445990122,1904.12,0.0014,BID
1445990126,1904.12,0.0014,BID
1445990141,1904.11,0.0014,BID
1445990144,1904.11,0.0014,BID
1445990146,1904.11,0.0014,BID
1445990161,1903.13,0.001,ASK
1445990165,1904.11,0.0256,BID
1445990165,1904.12,0.4744,BID
1445990168,1904.12,0.1214,BID
1445990168,1904.12,0.2291,BID
1445990169,1904.12,0.0075,ASK
1445990178,1904.13,0.001,ASK
1445990178,1904.12,0.142,ASK
1445990178,1904.12,0.35,ASK
1445990178,1903.16,0.0151,ASK
1445990178,1903.16,0.0149,ASK
1445990178,1903.15,0.6,ASK
1445990178,1903.15,0.025,ASK
1445990178,1903.15,0.9823,ASK
1445990185,1904.13,0.0149,BID
1445990185,1904.13,0.025,BID
1445990185,1904.14,0.4601,BID
1445990190,1904.14,0.5,BID
1445990196,1904.14,0.5,BID
1445990209,1903.36,0.0544,ASK
1445990209,1903.35,0.1,ASK
1445990209,1903.34,0.0152,ASK
1445990215,1903.34,0.5,BID
1445990217,1903.34,0.1117,BID
1445990223,1903.37,0.025,ASK
1445990223,1903.36,0.5,ASK
1445990223,1903.36,0.047,ASK
1445990223,1903.35,0.4137,ASK
1445990223,1903.35,0.5254,ASK
1445990223,1903.21,0.025,ASK
1445990223,1903.2,0.5,ASK
1445990223,1903.12,5.2035,ASK
1445990224,1903.03,0.047,BID
1445990224,1903.03,0.025,BID
1445990225,1903.03,0.5,BID
1445990226,1903.03,2.3205,BID
1445990235,1903.04,0.0089,ASK
1445990236,1903.33,0.1,BID
1445990236,1903.34,0.0274,BID
1445990239,1903.35,0.0014,BID
1445990242,1903.35,0.0014,BID
1445990242,1903.35,0.127,BID
1445990243,1903.35,0.4172,BID
1445990253,1904.13,0.0544,BID
1445990253,1904.14,0.0538,BID
1445990271,1904.91,0.235,BID
1445990294,1904.9,0.0014,BID
1445990296,1904.9,0.0014,BID
1445990297,1903.48,6.686,BID
1445990298,1904.9,0.0014,BID
1445990300,1904.9,0.0014,BID
1445990302,1903.49,0.0089,ASK
1445990305,1904.9,0.0014,BID
1445990306,1904.9,0.0014,BID
1445990308,1904.9,0.0014,BID
1445990310,1904.9,0.0014,BID
1445990312,1904.9,0.0014,BID
1445990314,1904.9,0.0007,BID
1445990314,1904.9,0.0007,BID
1445990315,1903.54,1.0,BID
1445990315,1903.54,5.0,BID
1445990315,1903.54,2.12,BID
1445990316,1903.53,0.008,ASK
1445990318,1904.9,0.0014,BID
1445990321,1904.89,0.0014,BID
1445990323,1904.89,0.0014,BID
1445990324,1904.9,0.5979,BID
1445990325,1904.91,0.0052,ASK
1445990328,1904.99,0.0014,BID
1445990330,1904.99,0.0014,BID
1445990332,1904.98,0.0014,BID
1445990332,1904.91,3.95,ASK
1445990334,1904.91,0.0089,ASK
1445990335,1904.91,0.65,ASK
1445990336,1904.91,0.65,ASK
1445990336,1904.98,0.0014,BID
1445990337,1904.91,0.65,ASK
1445990338,1904.91,0.65,ASK
1445990338,1904.98,0.0014,BID
1445990338,1904.98,0.0091,BID
1445990338,1904.99,0.0272,BID
1445990338,1904.99,0.2376,BID
1445990338,1904.99,0.2261,BID
1445990340,1904.99,0.0014,BID
1445990341,1904.99,0.0225,BID
1445990342,1905.0,0.0239,BID
1445990343,1905.0,0.0014,BID
1445990344,1905.0,0.022,BID
1445990346,1905.0,0.44,BID
1445990347,1905.0,0.0014,BID
1445990347,1905.0,0.5249,BID
1445990348,1905.0,0.022,BID
1445990348,1905.0,0.5249,BID
1445990348,1905.0,0.0014,BID
1445990349,1905.0,0.44,BID
1445990350,1904.99,0.008,ASK
1445990350,1905.0,0.5249,BID
1445990351,1905.0,0.5249,BID
1445990352,1905.0,0.0014,BID
1445990352,1905.0,0.5249,BID
1445990353,1904.99,0.4695,ASK
1445990353,1904.92,0.1394,ASK
1445990353,1904.91,0.3911,ASK
1445990353,1905.0,0.5249,BID
1445990353,1905.0,0.03,BID
1445990353,1905.0,0.0014,BID
1445990355,1904.98,0.0014,BID
1445990357,1904.98,0.0014,BID
1445990357,1904.98,0.4667,BID
1445990360,1905.0,0.0014,BID
1445990361,1905.0,0.466,BID
1445990362,1905.0,0.0014,BID
1445990362,1905.0,0.3969,BID
1445990364,1905.01,0.0089,ASK
1445990366,1905.16,0.0014,BID
1445990366,1905.16,0.1917,BID
1445990367,1905.17,0.1931,BID
1445990368,1905.17,0.0014,BID
1445990371,1905.17,0.191,BID
1445990372,1905.17,0.5249,BID
1445990373,1905.17,0.5249,BID
1445990374,1905.17,0.0014,BID
1445990374,1905.17,0.191,BID
1445990375,1905.17,0.5249,BID
1445990375,1905.17,0.5249,BID
1445990376,1905.17,0.0014,BID
1445990376,1905.17,0.5249,BID
1445990378,1905.17,0.5249,BID
1445990378,1905.17,0.0014,BID
1445990378,1905.17,0.1321,BID
1445990380,1905.25,0.0014,BID
1445990382,1905.18,0.008,ASK
1445990384,1905.25,0.1212,BID
1445990384,1906.22,0.0014,BID
1445990385,1906.21,5.0,BID
1445990385,1906.21,4.214,BID
1445990388,1906.22,0.0006,BID
1445990388,1906.27,0.0008,BID
1445990390,1906.27,0.0014,BID
1445990392,1906.27,0.0014,BID
1445990394,1906.27,0.0014,BID
1445990396,1906.27,0.0014,BID
1445990397,1905.27,0.0089,ASK
1445990400,1906.27,0.0014,BID
1445990407,1905.28,0.13,ASK
1445990430,1906.27,0.0122,BID
1445990432,1906.27,0.02,ASK
1445990433,1906.27,0.4033,ASK
1445990434,1906.27,0.65,ASK
1445990435,1906.27,0.65,ASK
1445990437,1906.27,0.65,ASK
1445990438,1906.27,0.65,ASK
1445990439,1906.27,0.112,ASK
1445990445,1905.36,0.0259,ASK
1445990445,1905.35,0.5,ASK
1445990445,1905.35,0.017,ASK
1445990445,1905.34,0.34,ASK
1445990445,1905.32,0.025,ASK
1445990445,1905.28,1.4096,ASK
1445990445,1905.27,1.9707,ASK
1445990475,1906.25,0.2553,BID
1445990477,1906.24,0.0772,BID
1445990477,1906.25,0.0741,BID
1445990483,1906.24,0.0014,BID
1445990485,1906.24,0.0014,BID
1445990486,1906.24,0.0014,BID
1445990488,1906.24,0.4958,BID
1445990488,1906.25,1.0802,BID
1445990488,1906.25,0.1342,BID
1445990488,1906.26,0.388,BID
1445990488,1906.26,0.0014,BID
1445990490,1906.26,0.0014,BID
1445990494,1906.01,0.008,ASK
1445990497,1906.26,0.0014,BID
1445990502,1906.26,0.0014,BID
1445990504,1906.26,0.0014,BID
1445990504,1906.26,0.143,BID
1445990504,1906.26,0.65,BID
1445990504,1906.28,0.3999,BID
1445990504,1906.45,0.007,BID
1445990504,1906.83,0.001,BID
1445990504,1907.6,0.003,BID
1445990504,1908.39,0.1593,BID
1445990504,1908.5,0.34,BID
1445990504,1908.51,2.0168,BID
1445990509,1908.27,0.0014,ASK
1445990512,1907.97,0.0014,BID
1445990517,1908.34,0.0014,BID
1445990520,1906.07,0.0089,ASK
1445990521,1908.34,0.0014,BID
1445990523,1908.34,0.0014,BID
1445990532,1907.66,0.0014,BID
1445990534,1908.34,0.0014,BID
1445990536,1907.65,0.0014,BID
1445990542,1907.64,0.0014,BID
1445990544,1907.65,0.0014,BID
1445990546,1906.18,0.0089,ASK
1445990547,1907.64,0.0014,BID
1445990549,1908.32,0.0014,BID
1445990551,1908.31,0.0014,BID
1445990554,1908.32,0.0014,BID
1445990556,1908.31,0.0014,BID
1445990558,1908.31,0.0014,BID
1445990559,1906.28,0.0089,ASK
1445990561,1908.32,0.0014,BID
1445990562,1908.32,0.0014,BID
1445990564,1908.32,0.3,BID
1445990566,1907.29,0.0014,BID
1445990568,1907.29,0.0014,BID
1445990570,1907.28,0.0014,BID
1445990572,1907.28,0.0005,BID
1445990572,1907.29,0.0009,BID
1445990574,1906.33,0.008,ASK
1445990576,1907.29,0.0014,BID
1445990576,1907.29,0.001,BID
1445990577,1908.0,0.0014,BID
1445990579,1907.99,0.0014,BID
1445990581,1907.99,0.0014,BID
1445990584,1907.29,0.0014,BID
1445990586,1907.29,0.0014,BID
1445990588,1906.39,0.0089,ASK
1445990590,1907.29,0.0014,BID
1445990592,1907.29,0.0014,BID
1445990598,1907.97,0.0014,BID
1445990603,1907.96,0.01,BID
1445990603,1908.0,0.79,BID
1445990604,1907.39,0.0014,ASK
1445990606,1907.09,0.0014,BID
1445990606,1906.42,0.1327,ASK
1445990606,1906.41,0.0262,ASK
1445990606,1906.41,1.1126,ASK
1445990611,1907.99,0.0014,BID
1445990613,1906.44,0.008,ASK
1445990616,1907.99,0.0014,BID
1445990618,1907.98,0.0014,BID
1445990620,1907.98,0.0014,BID
1445990628,1907.98,0.0014,BID
1445990634,1907.96,0.0014,BID
1445990636,1907.98,0.0014,BID
1445990638,1906.48,0.0089,ASK
1445990640,1907.97,0.0014,BID
1445990641,1907.98,0.0014,BID
1445990646,1907.97,0.0014,BID
1445990648,1907.97,0.0014,BID
1445990653,1907.97,0.0014,BID
1445990655,1907.96,0.001,BID
1445990655,1907.97,0.0004,BID
1445990657,1906.5,0.008,ASK
1445990659,1907.96,0.0014,BID
1445990661,1907.96,0.0014,BID
1445990664,1907.96,0.0014,BID
1445990671,1907.96,0.0014,BID
1445990673,1907.96,0.0014,BID
1445990675,1907.96,0.0014,BID
1445990676,1906.55,0.0089,ASK
1445990678,1907.96,0.0014,BID
1445990680,1907.95,0.0014,BID
1445990682,1907.96,0.0014,BID
1445990684,1907.95,0.0014,BID
1445990687,1907.95,0.0014,BID
1445990690,1907.95,0.0014,BID
1445990692,1906.6,0.008,ASK
1445990694,1907.96,0.0014,BID
1445990700,1907.95,0.0014,BID
1445990702,1907.96,0.0014,BID
1445990704,1908.29,0.0014,BID
1445990706,1907.98,0.0014,BID
1445990708,1908.29,0.0014,BID
1445990709,1906.65,0.0089,ASK
1445990711,1908.29,0.0014,BID
1445990714,1908.29,0.0014,BID
1445990716,1908.29,0.0014,BID
1445990722,1908.0,0.0014,BID
1445990723,1908.0,0.0014,BID
1445990726,1908.0,0.0014,BID
1445990727,1908.0,0.0014,BID
1445990730,1906.72,0.0089,ASK
1445990732,1907.99,0.0014,BID
1445990732,1906.73,0.0262,ASK
1445990732,1906.73,0.0539,ASK
1445990732,1906.72,0.4911,ASK
1445990732,1906.71,0.1,ASK
1445990732,1906.71,2.4428,ASK
1445990734,1907.98,0.0014,BID
1445990737,1907.97,0.0059,BID
1445990739,1907.97,0.0014,BID
1445990739,1906.72,0.5,ASK
1445990739,1906.01,1.9023,ASK
1445990739,1906.01,0.0485,ASK
1445990739,1906.0,2.4,ASK
1445990739,1905.1,0.5,ASK
1445990739,1905.09,0.5822,ASK
1445990739,1905.09,0.9796,ASK
1445990739,1905.07,1.4105,ASK
1445990739,1905.05,0.1653,ASK
1445990739,1904.61,0.0022,ASK
1445990739,1904.27,0.1091,ASK
1445990741,1907.96,2.0,ASK
1445990741,1907.96,3.0,ASK
1445990741,1907.96,17.35,ASK
1445990748,1907.95,0.0014,BID
1445990750,1907.95,0.0014,BID
1445990752,1907.94,0.0014,BID
1445990753,1904.33,0.0089,ASK
1445990755,1907.94,0.0014,BID
1445990758,1907.61,0.0014,BID
1445990760,1907.61,0.0008,BID
1445990760,1907.9,0.0006,BID
1445990766,1907.89,0.0014,BID
1445990771,1907.88,0.0014,BID
1445990774,1907.87,0.0014,BID
1445990775,1904.4,0.008,ASK
1445990777,1907.86,1.4105,BID
1445990777,1907.86,0.1,BID
1445990777,1907.87,0.5,BID
1445990777,1907.87,1.6582,BID
1445990781,1907.01,0.0014,ASK
1445990782,1907.86,0.0014,BID
1445990784,1907.86,0.0014,BID
1445990789,1907.85,0.0014,BID
1445990790,1907.85,0.0014,BID
1445990798,1907.86,0.0014,BID
1445990799,1904.5,0.0089,ASK
1445990803,1907.85,0.0014,BID
1445990806,1907.1,0.0014,BID
1445990808,1907.83,0.0014,BID
1445990810,1907.83,0.0014,BID
1445990812,1907.83,0.0014,BID
1445990820,1907.81,0.0014,BID
1445990821,1906.67,0.008,ASK
1445990823,1907.8,0.0014,BID
1445990826,1907.8,0.0014,BID
1445990830,1907.79,0.0014,BID
1445990831,1906.67,0.0014,BID
1445990834,1906.67,0.0014,BID
1445990836,1906.67,0.0014,BID
1445990838,1904.73,0.0089,ASK
1445990840,1907.76,0.0014,BID
1445990842,1907.77,0.0014,BID
1445990844,1907.75,0.0014,BID
1445990849,1904.77,0.001,ASK
1445990850,1907.75,0.0014,BID
1445990852,1907.72,0.0014,BID
1445990854,1907.72,0.0014,BID
1445990860,1904.79,0.008,ASK
1445990868,1907.49,0.0014,BID
1445990875,1907.48,0.0014,BID
1445990877,1907.47,0.0014,BID
1445990879,1907.45,0.0014,BID
1445990882,1907.44,0.0014,BID
1445990884,1907.44,0.005,BID
1445990892,1906.8,0.0014,ASK
1445990892,1904.84,0.025,ASK
1445990892,1904.84,0.0056,ASK
1445990892,1904.83,0.5,ASK
1445990892,1904.82,0.0251,ASK
1445990892,1904.81,0.5,ASK
1445990893,1904.78,0.0014,BID
1445990894,1904.63,0.0089,ASK
1445990895,1904.78,0.5,BID
1445990896,1904.78,0.525,BID
1445990896,1904.78,0.0014,BID
1445990897,1904.78,0.525,BID
1445990900,1904.78,0.525,BID
1445990901,1904.78,0.525,BID
1445990902,1904.78,0.5,BID
1445990902,1904.78,0.525,BID
1445990903,1904.78,0.525,BID
1445990904,1904.78,0.0014,BID
1445990904,1904.78,0.525,BID
1445990904,1904.78,2.1637,BID
1445990904,1906.8,0.5918,BID
1445990904,1907.0,2.2445,BID
1445990906,1907.0,0.0014,BID
1445990907,1904.79,0.3771,ASK
1445990912,1906.79,0.0014,BID
1445990913,1906.45,0.0014,BID
1445990922,1906.45,0.0014,BID
1445990923,1904.84,0.008,ASK
1445990923,1906.44,11.0,BID
1445990923,1906.44,0.433,BID
1445990925,1906.45,0.0014,BID
1445990927,1906.45,0.0014,BID
1445990928,1906.44,6.0,BID
1445990928,1906.44,2.96,BID
1445990929,1906.45,0.0014,BID
1445990932,1906.45,0.0014,BID
1445990934,1906.45,0.0014,BID
1445990936,1906.45,0.0014,BID
1445990937,1904.92,0.0089,ASK
1445990939,1906.42,0.0014,BID
1445990941,1904.92,0.001,ASK
1445990942,1906.42,0.0014,BID
1445990952,1906.73,0.0014,BID
1445990954,1906.38,0.0014,BID
1445990956,1906.38,0.0014,BID
1445990958,1906.38,0.0012,BID
1445990958,1906.72,0.0002,BID
1445990965,1906.7,0.0014,BID
1445990967,1905.01,0.0089,ASK
1445990969,1906.68,0.014,BID
1445990969,1906.7,0.0235,BID
1445990969,1906.71,0.4972,BID
1445990969,1906.72,0.0018,BID
1445990969,1906.72,10.347,ASK
1445990976,1906.7,0.0014,BID
1445990980,1906.7,0.0014,BID
1445990982,1906.7,0.0014,BID
1445990984,1906.8,0.0014,BID
1445990986,1906.79,0.0014,BID
1445990988,1906.79,0.0014,BID
1445990997,1906.45,0.0089,ASK
1445990999,1906.79,0.0014,BID
1445991002,1906.8,0.0014,BID
1445991004,1906.78,0.0014,BID
1445991006,1906.78,0.0014,BID
1445991008,1906.8,0.0014,BID
1445991010,1906.79,0.0014,BID
1445991011,1906.44,0.008,ASK
1445991019,1906.78,0.0197,BID
1445991019,1906.79,0.01,BID
1445991019,1906.8,1.1885,BID
1445991019,1907.0,0.0014,BID
1445991022,1907.0,0.0014,BID
1445991024,1907.0,0.0014,BID
1445991026,1907.0,0.0014,BID
1445991026,1906.81,0.0248,ASK
1445991026,1906.81,0.5,ASK
1445991026,1906.8,1.4752,ASK
1445991027,1906.8,0.0248,ASK
1445991028,1906.99,0.0014,BID
1445991028,1906.82,0.001,ASK
1445991030,1906.99,0.0014,BID
1445991032,1906.81,0.0089,ASK
1445991034,1906.99,0.0014,BID
1445991036,1906.99,0.0014,BID
1445991043,1906.99,0.0014,BID
1445991048,1906.99,0.0014,BID
1445991051,1906.99,0.0014,BID
1445991053,1906.99,0.0014,BID
1445991055,1906.81,0.008,ASK
1445991057,1906.99,0.0014,BID
1445991058,1906.99,0.0014,BID
1445991059,1906.81,0.0734,ASK
1445991060,1906.99,0.0014,BID
1445991060,1906.81,0.0534,ASK
1445991060,1906.81,0.0291,ASK
1445991060,1906.81,0.0112,ASK
1445991060,1906.8,0.0622,ASK
1445991061,1906.81,15.446,ASK
1445991062,1906.99,0.0014,BID
1445991062,1906.8,0.0937,ASK
1445991064,1906.99,0.0014,BID
1445991066,1906.99,0.0014,BID
1445991066,1906.99,0.0052,BID
1445991066,1906.99,0.0179,BID
1445991066,1906.99,0.0734,BID
1445991066,1907.0,0.8535,BID
1445991067,1906.99,0.0937,BID
1445991067,1907.0,0.0056,BID
1445991068,1907.0,0.0979,BID
1445991068,1906.81,0.0089,ASK
1445991069,1907.0,0.5244,BID
1445991071,1907.0,0.5244,BID
1445991071,1907.0,0.0014,BID
1445991073,1907.0,0.0014,BID
1445991075,1906.99,0.0014,BID
1445991077,1906.99,0.0014,BID
1445991079,1906.99,0.0014,BID
1445991081,1906.99,0.0014,BID
1445991083,1906.81,0.008,ASK
1445991085,1906.99,0.0014,BID
1445991087,1906.99,0.0014,BID
1445991089,1906.99,0.0014,BID
1445991091,1906.99,0.0014,BID
1445991093,1906.99,0.0014,BID
1445991093,1906.81,0.0066,ASK
1445991093,1906.81,0.08,ASK
1445991093,1906.81,0.0937,ASK
1445991093,1906.8,10.2359,ASK
1445991095,1906.99,0.0014,BID
1445991096,1906.99,0.2016,BID
1445991096,1907.0,0.2257,BID
1445991096,1907.0,0.89,BID
1445991096,1907.0,0.6827,BID
1445991096,1906.69,0.0089,ASK
1445991098,1907.0,0.0014,BID
1445991101,1906.81,0.0014,BID
1445991103,1906.69,0.0811,ASK
1445991103,1906.44,0.0349,ASK
1445991103,1906.43,0.1239,ASK
1445991103,1906.81,0.0014,BID
1445991105,1906.68,0.0014,BID
1445991107,1906.68,0.0014,BID
1445991108,1906.68,0.0783,BID
1445991108,1906.8,0.0349,BID
1445991108,1906.8,0.0098,BID
1445991112,1906.79,0.0014,BID
1445991114,1906.43,0.008,ASK
1445991116,1906.79,0.0014,BID
1445991118,1906.79,0.0014,BID
1445991119,1906.79,0.0294,BID
1445991121,1906.8,0.0014,BID
1445991121,1906.79,0.0293,ASK
1445991123,1906.8,0.0014,BID
1445991125,1906.8,0.0014,BID
1445991126,1906.8,0.059,BID
1445991127,1906.8,0.0014,BID
1445991128,1906.79,0.0089,ASK
1445991129,1906.79,0.0634,ASK
1445991129,1906.7,0.5449,ASK
1445991129,1906.5,0.01,ASK
1445991129,1906.43,0.3681,ASK
1445991129,1906.42,0.6286,ASK
1445991130,1906.8,0.001,BID
1445991130,1906.8,0.0014,BID
1445991132,1906.78,0.0014,BID
1445991134,1906.78,0.0709,BID
1445991134,1906.8,0.0014,BID
1445991135,1906.79,0.026,ASK
1445991135,1906.79,0.11,ASK
1445991136,1906.8,0.0014,BID
1445991138,1906.8,0.0014,BID
1445991138,1906.8,0.0366,BID
1445991139,1906.8,0.4792,BID
1445991139,1906.8,0.0452,BID
1445991140,1906.8,0.0014,BID
1445991141,1906.8,0.1716,BID
1445991141,1906.81,0.3528,BID
1445991142,1906.81,0.0014,BID
1445991142,1906.81,0.5244,BID
1445991143,1906.79,0.0089,ASK
1445991145,1906.81,0.0014,BID
1445991147,1906.81,0.0014,BID
1445991149,1906.81,0.0014,BID
1445991153,1906.81,0.5,BID
1445991154,1906.81,0.0014,BID
1445991156,1906.81,0.0014,BID
1445991158,1906.81,0.0014,BID
1445991159,1906.81,0.5,BID
1445991160,1906.8,0.0717,ASK
1445991160,1906.8,0.0991,ASK
1445991160,1906.8,0.0265,ASK
1445991160,1906.79,0.0135,ASK
1445991160,1906.8,0.0089,BID
1445991160,1906.81,0.5155,BID
1445991163,1906.81,0.0014,BID
1445991165,1906.81,0.0014,BID
1445991167,1906.81,0.0014,BID
1445991168,1906.81,0.0014,BID
1445991170,1906.81,0.0014,BID
1445991170,1906.81,0.5,BID
1445991171,1906.81,0.5244,BID
1445991172,1906.81,0.0014,BID
1445991173,1906.8,0.008,ASK
1445991175,1906.81,0.0014,BID
1445991177,1906.81,0.0014,BID
1445991179,1906.81,0.9262,BID
1445991179,1906.99,0.1256,BID
1445991179,1907.0,0.5129,BID
1445991179,1907.0,2.0,BID
1445991179,1907.9,0.1653,BID
1445991179,1908.09,0.1467,BID
1445991179,1908.9,0.0014,BID
1445991180,1908.9,0.0986,BID
1445991180,1908.98,0.5,BID
1445991180,1908.99,0.231,BID
1445991180,1909.0,1.6209,BID
1445991180,1909.0,3.0,BID
1445991180,1909.1,0.049,BID
1445991180,1909.12,0.007,BID
1445991180,1909.14,0.145,BID
1445991181,1909.14,0.0014,BID
1445991187,1909.8,0.0014,BID
1445991189,1909.8,0.0014,BID
1445991190,1908.15,0.0089,ASK
1445991192,1909.8,0.0014,BID
1445991195,1909.79,0.0014,BID
1445991196,1909.79,0.0014,BID
1445991198,1909.8,0.0014,BID
1445991200,1909.79,0.0014,BID
1445991202,1909.8,0.0014,BID
1445991205,1908.19,0.008,ASK
1445991206,1909.0,4.774,BID
1445991207,1909.0,0.0014,BID
1445991209,1909.0,0.0014,BID
1445991211,1908.99,0.0014,BID
1445991213,1908.99,0.0014,BID
1445991215,1909.0,0.0014,BID
1445991216,1908.99,0.0014,BID
1445991218,1908.2,0.0089,ASK
1445991227,1908.99,0.0014,BID
1445991229,1908.99,0.0014,BID
1445991231,1908.98,0.0014,BID
1445991233,1908.98,0.0014,BID
1445991235,1908.98,0.0014,BID
1445991239,1908.98,0.0058,BID
1445991239,1908.99,0.4942,BID
1445991241,1908.99,0.0014,BID
1445991243,1908.99,0.001,BID
1445991243,1908.37,0.008,ASK
1445991245,1908.99,0.0014,BID
1445991245,1908.99,0.5,BID
1445991246,1909.0,0.0014,BID
1445991247,1909.0,1.73,BID
1445991248,1909.0,1.0447,BID
1445991248,1909.0,0.104,BID
1445991248,1909.0,0.0014,BID
1445991250,1909.0,0.0014,BID
1445991252,1909.0,0.0014,BID
1445991254,1909.0,0.0014,BID
1445991254,1909.0,0.5,BID
1445991255,1908.99,16.015,BID
1445991256,1908.15,0.0089,ASK
1445991259,1909.0,0.0014,BID
1445991260,1908.16,0.0538,ASK
1445991260,1908.15,0.0911,ASK
1445991260,1908.14,0.1233,ASK
1445991260,1907.98,0.14,ASK
1445991260,1906.84,0.025,ASK
1445991260,1906.84,0.1468,ASK
1445991261,1909.0,0.0014,BID
1445991263,1908.99,0.0014,BID
1445991264,1908.98,0.0014,BID
1445991266,1908.98,0.0014,BID
1445991268,1908.98,0.0014,BID
1445991270,1906.86,0.008,ASK
1445991272,1908.98,0.0014,BID
1445991274,1908.98,0.0014,BID
1445991276,1908.97,0.0014,BID
1445991278,1908.97,0.0014,BID
1445991281,1908.96,0.0014,BID
1445991283,1908.96,0.0014,BID
1445991285,1908.33,0.0089,ASK
1445991286,1908.95,0.0014,BID
1445991287,1908.34,0.001,ASK
1445991289,1908.96,0.0014,BID
1445991291,1909.0,0.0014,BID
1445991293,1908.95,0.0014,BID
1445991295,1908.94,0.0014,BID
1445991296,1908.94,0.0986,BID
1445991296,1908.99,0.8417,BID
1445991296,1909.0,11.6197,BID
1445991297,1908.93,0.0014,BID
1445991297,1908.35,17.0,BID
1445991297,1908.35,1.669,BID
1445991299,1909.0,5.2122,BID
1445991299,1909.8,0.043,BID
1445991299,1909.96,0.0014,BID
1445991301,1909.8,0.0089,ASK
1445991304,1909.95,0.0014,BID
1445991304,1909.95,0.5,BID
1445991306,1909.95,0.0014,BID
1445991309,1909.94,0.1619,BID
1445991310,1909.8,0.001,ASK
1445991311,1909.94,0.0014,BID
1445991313,1909.96,0.0014,BID
1445991315,1909.93,0.0014,BID
1445991317,1909.95,0.0014,BID
1445991319,1909.8,0.0089,ASK
1445991321,1909.94,0.0014,BID
1445991322,1909.8,10.726,ASK
1445991322,1909.65,0.1,ASK
1445991322,1908.0,0.001,ASK
1445991322,1908.0,0.001,ASK
1445991322,1907.98,2.3602,ASK
1445991323,1909.95,0.0014,BID
1445991324,1907.99,1.0,BID
1445991324,1907.99,11.223,BID
1445991325,1909.79,0.0014,BID
1445991325,1909.79,0.5,BID
1445991326,1909.79,0.0014,BID
1445991328,1909.79,0.0014,BID
1445991332,1909.78,0.1,BID
1445991332,1909.79,0.1458,BID
1445991334,1909.92,0.0014,BID
1445991335,1909.92,0.0417,BID
1445991335,1909.93,0.1073,BID
1445991335,1909.94,2.0,BID
1445991335,1909.94,0.1468,BID
1445991337,1909.94,2.9382,ASK
1445991337,1909.93,0.1073,BID
1445991337,1909.79,0.008,ASK
1445991339,1909.93,0.0014,BID
1445991341,1909.93,0.0014,BID
1445991344,1909.93,3.5483,BID
1445991344,1909.96,0.8193,BID
1445991346,1909.96,0.0014,BID
1445991349,1909.96,0.0014,BID
1445991350,1909.93,0.253,ASK
1445991350,1909.93,0.2755,ASK
1445991350,1909.85,0.2268,ASK
1445991350,1909.84,0.6447,ASK
1445991351,1909.96,2.531,BID
1445991351,1909.96,0.0014,BID
1445991353,1909.96,0.0014,BID
1445991358,1909.95,0.092,BID
1445991358,1909.96,1.8406,BID
1445991358,1909.99,0.8292,BID
1445991358,1910.0,1.5327,BID
1445991358,1910.0,0.0713,BID
1445991358,1909.84,0.0089,ASK
1445991360,1910.0,0.0014,BID
1445991363,1910.0,2.0942,BID
1445991364,1910.0,0.639,BID
1445991364,1910.0,0.5236,BID
1445991366,1910.0,0.0014,BID
1445991367,1910.0,0.253,BID
1445991368,1910.0,0.0014,BID
1445991368,1910.0,0.5236,BID
1445991371,1910.0,0.0014,BID
1445991372,1910.0,0.66,BID
1445991373,1910.0,0.0014,BID
1445991373,1910.0,0.2283,BID
1445991373,1910.0,0.2953,BID
1445991373,1910.0,0.253,BID
1445991378,1910.0,0.0014,BID
1445991379,1910.0,0.253,BID
1445991380,1909.81,0.008,ASK
1445991382,1910.0,0.0039,BID
1445991382,1910.0,0.05,BID
1445991382,1910.0,0.1991,BID
1445991382,1910.0,0.0014,BID
1445991384,1909.99,0.001,BID
1445991385,1909.99,0.0014,BID
1445991387,1909.8,0.0123,ASK
1445991387,1909.8,0.0014,BID
1445991388,1909.8,0.253,BID
1445991389,1909.8,0.0014,BID
1445991391,1909.8,0.0014,BID
1445991392,1909.8,0.253,BID
1445991393,1909.8,0.5236,BID
1445991393,1909.8,0.001,BID
1445991393,1909.8,0.0014,BID
1445991395,1909.79,0.0089,ASK
1445991396,1909.8,9.3857,BID
1445991397,1909.8,0.0014,BID
1445991399,1909.8,0.0014,BID
1445991401,1909.8,0.0014,BID
1445991406,1909.8,0.0014,BID
1445991407,1909.8,1.0602,BID
1445991407,1909.8,0.0123,BID
1445991408,1909.81,0.5236,BID
1445991408,1909.81,0.0014,BID
1445991409,1909.8,2.0,ASK
1445991411,1909.81,0.0014,BID
1445991412,1909.8,0.008,ASK
1445991413,1909.81,26.1217,BID
1445991413,1910.0,6.8783,BID
1445991414,1910.0,0.0014,BID
1445991416,1910.0,0.0014,BID
1445991418,1909.99,0.0014,BID
1445991420,1910.0,0.0014,BID
1445991422,1909.99,0.0014,BID
1445991424,1910.0,0.0014,BID
1445991424,1909.83,0.0262,ASK
1445991424,1909.82,0.5236,ASK
1445991424,1909.81,0.0575,ASK
1445991424,1909.81,0.1136,ASK
1445991424,1909.8,0.4591,ASK
1445991428,1909.81,0.0089,ASK
1445991430,1909.81,0.3749,ASK
1445991430,1909.8,1.6251,ASK
1445991430,1909.8,1.18,ASK
1445991431,1909.82,0.0014,BID
1445991432,1909.8,0.3838,ASK
1445991433,1909.8,2.0,ASK
1445991433,1909.8,1.18,ASK
1445991434,1909.81,0.0014,BID
1445991434,1909.8,0.65,ASK
1445991435,1909.82,0.0248,BID
1445991435,1909.99,0.0262,BID
1445991435,1909.99,0.0575,BID
1445991435,1909.99,0.1136,BID
1445991436,1910.0,0.0014,BID
1445991436,1909.99,0.0159,ASK
1445991437,1909.81,0.0014,ASK
1445991438,1909.99,0.0014,BID
1445991440,1909.99,0.0014,BID
1445991442,1909.99,0.0014,BID
1445991442,1909.99,0.238,BID
1445991443,1910.0,0.01,BID
1445991443,1909.81,0.008,ASK
1445991445,1910.0,0.0014,BID
1445991447,1909.99,0.0014,BID
1445991450,1909.99,0.0014,BID
1445991450,1909.99,0.1323,BID
1445991450,1910.0,0.1057,BID
1445991452,1910.0,0.0014,BID
1445991453,1909.88,0.0151,ASK
1445991453,1909.82,0.1162,ASK
1445991453,1909.82,0.0394,ASK
1445991453,1909.82,0.0159,ASK
1445991454,1909.82,0.0014,BID
1445991454,1909.82,0.0884,BID
1445991455,1909.81,2.58,ASK
1445991456,1909.82,0.0014,BID
1445991456,1909.81,0.65,ASK
1445991457,1909.81,0.65,ASK
1445991458,1909.81,0.0089,ASK
1445991458,1909.81,0.65,ASK
1445991459,1909.81,0.65,ASK
1445991459,1909.82,0.0014,BID
1445991460,1909.81,0.65,ASK
1445991461,1909.82,0.0014,BID
1445991462,1909.82,0.238,BID
1445991463,1909.82,0.5236,BID
1445991463,1909.82,0.0014,BID
1445991465,1909.82,0.5236,BID
1445991466,1909.82,0.5236,BID
1445991466,1909.82,0.0014,BID
1445991467,1909.82,0.5236,BID
1445991468,1909.82,0.001,BID
1445991468,1909.82,0.0014,BID
1445991470,1909.82,0.0014,BID
1445991471,1909.82,4.7605,BID
1445991471,1909.82,0.0014,BID
1445991473,1909.81,0.0089,ASK
1445991475,1909.82,0.0014,BID
1445991477,1909.82,0.0014,BID
1445991478,1909.82,0.0014,BID
1445991481,1909.82,0.0014,BID
1445991483,1909.82,0.0014,BID
1445991484,1909.82,10.2425,BID
1445991484,1909.99,0.1162,BID
1445991484,1909.99,0.0394,BID
1445991484,1909.99,0.0159,BID
1445991484,1910.0,0.5776,BID
1445991485,1909.99,0.0014,BID
1445991488,1909.82,0.0089,ASK
1445991490,1909.99,0.0014,BID
1445991492,1909.99,0.0014,BID
1445991494,1909.99,0.0014,BID
1445991496,1909.99,0.0014,BID
1445991496,1909.99,0.0814,BID
1445991496,1910.0,34.3186,BID
1445991498,1910.0,0.0014,BID
1445991500,1910.0,0.0014,BID
1445991502,1910.0,5.2034,BID
1445991505,1909.84,0.008,ASK
1445991507,1910.0,0.0014,BID
1445991508,1909.85,7.0,BID
1445991508,1909.85,13.747,BID
1445991509,1910.0,0.0014,BID
1445991511,1910.0,0.0014,BID
1445991513,1910.0,0.0014,BID
1445991514,1910.0,0.238,BID
1445991514,1910.0,0.0014,BID
1445991515,1910.0,0.5236,BID
1445991516,1910.0,0.5236,BID
1445991517,1910.0,0.0014,BID
1445991519,1909.84,0.0089,ASK
1445991520,1909.99,0.0169,BID
1445991520,1910.0,6.3997,BID
1445991520,1910.0,1.0,BID
1445991520,1910.0,1.8256,BID
1445991520,1910.0,0.454,BID
1445991521,1910.19,0.0014,BID
1445991523,1910.19,0.0014,BID
1445991525,1910.19,0.0052,BID
1445991525,1910.4,7.0,BID
1445991525,1910.5,4.9377,BID
1445991525,1910.57,0.001,BID
1445991525,1910.59,0.346,BID
1445991526,1910.59,0.0014,BID
1445991528,1910.59,0.0014,BID
1445991572,1910.59,3.6512,BID
1445991601,1911.34,0.001,BID
1445991616,1911.34,0.0014,BID
1445991618,1911.34,0.0006,BID
1445991618,1912.09,0.0008,BID
1445991623,1910.62,0.008,ASK
1445991625,1912.09,0.0014,BID
1445991628,1912.87,0.0014,BID
1445991630,1912.86,0.0014,BID
1445991632,1912.87,0.0014,BID
1445991634,1912.86,0.0014,BID
1445991636,1912.86,0.0014,BID
1445991641,1910.63,0.0089,ASK
1445991643,1912.87,0.0014,BID
1445991648,1912.87,0.0014,BID
1445991649,1912.86,0.0038,BID
1445991649,1912.87,0.0014,BID
1445991649,1913.0,2.8056,BID
1445991649,1913.94,2.0,BID
1445991649,1913.95,0.974,BID
1445991649,1913.96,4.0583,BID
1445991649,1914.0,0.2,BID
1445991649,1914.4,4.8769,BID
1445991651,1914.4,0.0014,BID
1445991651,1912.1,8.0,BID
1445991651,1912.1,5.0,BID
1445991651,1912.1,0.935,BID
1445991653,1912.85,0.0014,BID
1445991655,1912.85,0.0014,BID
1445991657,1912.11,0.0543,ASK
1445991657,1912.1,0.1093,ASK
1445991657,1912.1,0.026,ASK
1445991657,1912.1,0.0617,ASK
1445991657,1912.09,3.8379,ASK
1445991658,1912.85,0.0014,BID
1445991659,1912.1,0.008,ASK
1445991661,1913.95,0.0014,BID
1445991662,1912.84,0.02,BID
1445991663,1912.84,0.0014,BID
1445991666,1913.94,0.0014,BID
1445991668,1913.93,0.0014,BID
1445991670,1913.94,0.0014,BID
1445991672,1913.94,0.0014,BID
1445991674,1912.12,0.0089,ASK
1445991675,1913.94,0.0014,BID
1445991684,1913.93,0.0014,BID
1445991685,1912.13,0.1,ASK
1445991685,1912.13,0.0217,ASK
1445991685,1912.13,0.0299,ASK
1445991685,1912.12,0.3721,ASK
1445991687,1913.95,0.0014,BID
1445991692,1913.92,0.0014,BID
1445991694,1913.92,0.0014,BID
1445991697,1913.29,0.0014,ASK
1445991697,1912.43,0.0261,ASK
1445991697,1912.42,0.3486,ASK
1445991699,1912.42,0.008,ASK
1445991700,1913.29,0.1,BID
1445991700,1913.91,0.0301,BID
1445991700,1913.95,0.0499,BID
1445991700,1913.95,0.0261,BID
1445991700,1913.96,4.1297,BID
1445991704,1914.01,0.0242,ASK
1445991704,1914.0,6.2808,ASK
1445991705,1914.0,4.4478,ASK
1445991705,1914.01,47.0,ASK
1445991705,1914.01,11.606,ASK
1445991706,1914.38,0.0014,BID
1445991708,1914.38,0.0014,BID
1445991710,1914.37,0.0014,BID
1445991710,1914.0,1.5483,ASK
1445991712,1914.38,0.0014,BID
1445991714,1914.37,0.0014,BID
1445991716,1914.0,21.4108,ASK
1445991716,1914.38,0.0014,BID
1445991717,1914.0,0.0089,ASK
1445991719,1914.01,0.0121,ASK
1445991719,1914.01,0.6,ASK
1445991719,1914.0,3.8659,ASK
1445991719,1914.34,0.0014,BID
1445991721,1914.33,0.0014,BID
1445991725,1914.01,0.075,ASK
1445991725,1914.01,0.0794,ASK
1445991725,1914.01,0.032,ASK
1445991726,1914.01,0.0014,BID
1445991727,1914.01,0.01,BID
1445991728,1914.01,0.0014,BID
1445991730,1914.01,0.0014,BID
1445991730,1914.0,0.1619,ASK
1445991732,1914.01,0.0014,BID
1445991733,1914.0,6.6,ASK
1445991734,1914.01,0.0014,BID
1445991736,1914.0,0.0089,ASK
1445991737,1914.01,0.0014,BID
1445991739,1914.01,0.0014,BID
1445991740,1914.0,5.2034,ASK
1445991740,1914.0,4.2715,ASK
1445991741,1914.01,0.0014,BID
1445991743,1914.01,0.0014,BID
1445991745,1914.01,0.0014,BID
1445991747,1914.01,0.0014,BID
1445991750,1914.0,0.0089,ASK
1445991752,1914.01,0.0014,BID
1445991753,1914.01,0.2868,BID
1445991753,1914.01,0.034,BID
1445991753,1914.02,0.6086,BID
1445991753,1914.02,0.0014,BID
1445991755,1914.01,0.0014,BID
1445991757,1914.02,0.0014,BID
1445991758,1914.0,0.5,ASK
1445991759,1914.0,0.65,ASK
1445991760,1914.02,0.0014,BID
1445991761,1914.0,0.5,ASK
1445991762,1914.01,0.0014,BID
1445991762,1914.0,0.65,ASK
1445991764,1914.0,0.5,ASK
1445991765,1914.0,0.65,ASK
1445991767,1914.01,0.0186,BID
1445991767,1914.01,0.008,ASK
1445991769,1914.02,0.0014,BID
1445991769,1914.01,0.4734,ASK
1445991771,1914.01,0.0014,BID
1445991774,1914.01,0.0014,BID
1445991774,1914.0,0.0477,ASK
1445991774,1914.0,0.4263,ASK
1445991775,1914.01,0.0014,BID
1445991775,1914.0,4.2604,ASK
1445991777,1914.01,0.0014,BID
1445991779,1914.01,0.0014,BID
1445991780,1914.0,0.479,ASK
1445991781,1914.0,0.0089,ASK
1445991781,1914.0,0.65,ASK
1445991783,1914.01,0.0014,BID
1445991785,1914.01,0.0014,BID
1445991787,1914.01,0.0014,BID
1445991789,1914.01,0.0014,BID
1445991792,1914.01,0.0014,BID
1445991794,1914.01,0.0014,BID
1445991795,1914.0,0.008,ASK
1445991797,1914.01,0.0014,BID
1445991799,1914.0,0.2755,ASK
1445991800,1914.01,0.0014,BID
1445991800,1914.0,0.0176,ASK
1445991801,1914.01,0.0014,BID
1445991802,1914.0,0.2476,ASK
1445991802,1914.0,0.001,ASK
1445991802,1914.0,8.4862,ASK
1445991803,1914.0,0.65,ASK
1445991803,1914.01,0.0014,BID
1445991806,1914.01,0.0014,BID
1445991809,1914.0,0.355,ASK
1445991811,1914.01,0.0014,BID
1445991815,1914.01,0.0028,BID
1445991815,1914.02,0.0659,BID
1445991815,1914.3,0.11,BID
1445991815,1914.39,0.0794,BID
1445991815,1914.4,0.7419,BID
1445991820,1914.01,0.0089,ASK
1445991822,1914.18,0.0014,BID
1445991824,1914.17,0.0014,BID
1445991826,1914.17,0.0014,BID
1445991828,1914.4,0.0014,BID
1445991829,1914.16,0.0014,BID
1445991832,1914.16,0.0014,BID
1445991834,1914.0,0.008,ASK
1445991835,1914.0,0.0395,ASK
1445991836,1914.0,0.0014,BID
1445991838,1914.0,0.0014,BID
1445991839,1914.0,0.2323,BID
1445991840,1913.99,0.0014,BID
1445991841,1913.99,0.0014,BID
1445991842,1913.98,5.0,BID
1445991842,1913.98,4.0,BID
1445991842,1913.98,3.077,BID
1445991842,1913.99,0.4972,BID
1445991842,1914.0,11.4896,BID
1445991842,1914.16,0.4986,BID
1445991844,1914.4,0.0014,BID
1445991846,1914.39,0.0014,BID
1445991846,1914.39,0.0061,BID
1445991846,1914.4,0.844,BID
1445991846,1914.64,0.3299,BID
1445991848,1914.17,0.0089,ASK
1445991851,1914.64,0.0014,BID
1445991853,1914.64,0.0014,BID
1445991854,1914.18,0.11,ASK
1445991854,1914.63,0.0014,BID
1445991856,1914.63,0.0014,BID
1445991858,1914.63,0.0014,BID
1445991860,1914.63,0.0014,BID
1445991862,1914.19,0.008,ASK
1445991864,1914.63,0.2853,BID
1445991864,1914.63,0.11,BID
1445991864,1914.64,0.6047,BID
1445991864,1914.64,0.0014,BID
1445991865,1914.64,2.58,BID
1445991865,1914.64,2.0,BID
1445991866,1914.64,0.0014,BID
1445991867,1914.64,1.18,BID
1445991868,1914.64,0.0014,BID
1445991870,1914.19,0.092,ASK
1445991870,1914.18,0.019,ASK
1445991870,1914.18,0.0259,ASK
1445991870,1914.18,0.0423,ASK
1445991870,1914.17,4.3394,ASK
1445991870,1914.64,1.18,BID
1445991871,1914.64,0.0014,BID
1445991873,1914.63,0.0014,BID
1445991873,1914.19,3.0,BID
1445991873,1914.19,11.836,BID
1445991875,1914.63,0.0014,BID
1445991877,1914.63,0.0395,BID
1445991877,1914.63,0.0259,BID
1445991877,1914.63,0.019,BID
1445991877,1914.64,5.1172,BID
1445991881,1914.18,0.0089,ASK
1445991883,1914.63,0.0014,BID
1445991889,1914.63,0.0014,BID
1445991891,1914.63,0.0014,BID
1445991893,1914.63,0.0014,BID
1445991895,1914.63,0.0014,BID
1445991897,1914.63,0.0014,BID
1445991900,1914.63,0.0014,BID
1445991905,1914.64,1.0,BID
1445991909,1914.2,0.0089,ASK
1445991911,1914.63,0.0014,BID
1445991916,1914.63,0.0014,BID
1445991918,1914.63,0.0014,BID
1445991920,1914.63,0.0858,BID
1445991920,1914.64,1.4618,BID
1445991921,1914.64,0.0014,BID
1445991923,1914.64,0.0014,BID
1445991928,1914.64,0.0014,BID
1445991930,1914.23,0.0089,ASK
1445991931,1914.6,0.0014,BID
1445991933,1914.59,0.0014,BID
1445991935,1914.6,0.0014,BID
1445991937,1914.6,0.0014,BID
1445991939,1914.59,0.0014,BID
1445991942,1914.6,0.0014,BID
1445991944,1914.24,0.008,ASK
1445991946,1914.59,0.0014,BID
1445991948,1914.6,0.0014,BID
1445991950,1914.59,0.0014,BID
1445991952,1914.6,0.0014,BID
1445991954,1914.6,0.0014,BID
1445991955,1914.59,0.0014,BID
1445991957,1914.21,0.0089,ASK
1445991959,1914.59,0.0014,BID
1445991961,1914.58,0.0014,BID
1445991963,1914.59,0.0014,BID
1445991966,1914.59,0.0014,BID
1445991972,1914.6,0.0014,BID
1445991974,1914.59,0.0014,BID
1445991976,1914.23,0.008,ASK
1445991976,1914.59,0.0086,BID
1445991976,1914.6,2.5307,BID
1445991978,1914.64,0.0014,BID
1445991980,1914.64,0.0014,BID
1445991982,1914.64,0.0014,BID
1445991984,1914.64,0.0014,BID
1445991986,1914.64,0.0014,BID
1445991988,1914.64,0.0014,BID
1445991988,1914.63,3.1735,ASK
1445991989,1914.63,0.0089,ASK
1445991991,1914.64,0.0014,BID
1445991991,1914.63,2.0,ASK
1445991992,1914.63,0.65,ASK
1445991994,1914.63,0.65,ASK
1445991994,1914.64,0.0014,BID
1445991996,1914.64,0.0014,BID
1445991998,1914.64,0.0014,BID
1445992000,1914.64,0.0014,BID
1445992002,1914.64,0.0014,BID
1445992003,1914.63,0.008,ASK
1445992004,1914.63,5.2016,ASK
1445992005,1914.63,0.65,ASK
1445992006,1914.64,0.0014,BID
1445992006,1914.63,2.58,ASK
1445992006,1914.63,1.18,ASK
1445992012,1914.64,0.0014,BID
1445992014,1914.64,0.0014,BID
1445992024,1914.64,0.0014,BID
1445992025,1914.63,0.3587,ASK
1445992025,1914.63,1.1889,ASK
1445992026,1914.64,0.0014,BID
1445992028,1914.64,0.0014,BID
1445992029,1914.63,0.0089,ASK
1445992031,1914.63,0.8968,ASK
1445992031,1914.34,0.09,ASK
1445992031,1914.19,0.1723,ASK
1445992031,1914.18,0.0209,ASK
1445992031,1914.64,0.0014,BID
1445992033,1914.64,0.0014,BID
1445992038,1914.64,0.0014,BID
1445992043,1914.63,0.0014,BID
1445992045,1914.63,0.0014,BID
1445992047,1914.63,0.0014,BID
1445992049,1914.21,0.008,ASK
1445992052,1914.63,0.0014,BID
1445992054,1914.63,0.0014,BID
1445992055,1914.2,0.0161,ASK
1445992055,1914.2,0.0812,ASK
1445992055,1914.2,0.1,ASK
1445992055,1914.19,2.1672,ASK
1445992056,1914.62,0.0014,BID
1445992058,1914.62,0.0014,BID
1445992060,1914.61,0.0014,BID
1445992061,1914.61,0.0014,BID
1445992063,1914.19,0.0089,ASK
1445992065,1914.61,0.0014,BID
1445992068,1914.61,0.0014,BID
1445992070,1914.61,0.0014,BID
1445992072,1914.61,0.0014,BID
1445992074,1914.61,0.0014,BID
1445992076,1914.61,0.0014,BID
1445992078,1914.61,0.0014,BID
1445992079,1914.2,0.0089,ASK
1445992081,1914.61,0.0014,BID
1445992082,1914.61,0.0802,BID
1445992082,1914.62,0.0147,BID
1445992082,1914.62,0.0136,BID
1445992082,1914.62,0.1522,BID
1445992083,1914.61,21.296,BID
1445992085,1914.62,0.1198,BID
1445992085,1914.62,0.0768,BID
1445992085,1914.63,0.5,BID
1445992085,1914.63,1.3034,BID
1445992086,1914.61,0.0014,BID
1445992087,1914.61,0.0015,BID
1445992087,1914.63,1.9985,BID
1445992088,1914.63,0.0014,BID
1445992089,1914.2,0.0111,ASK
1445992089,1914.2,0.0775,ASK
1445992089,1914.2,0.5,ASK
1445992089,1914.19,1.793,ASK
1445992090,1914.63,0.0014,BID
1445992090,1914.62,0.0775,BID
1445992090,1914.63,1.1025,BID
1445992091,1914.63,1.0319,BID
1445992091,1914.64,6.9044,BID
1445992091,1914.64,1.7385,BID
1445992091,1914.66,2.0,BID
1445992092,1914.98,0.0014,BID
1445992092,1914.98,0.0986,BID
1445992092,1915.0,0.06,BID
1445992092,1915.0,0.2,BID
1445992092,1915.0,1.6414,BID
1445992093,1915.0,2.58,BID
1445992093,1915.0,0.0014,BID
1445992094,1914.93,0.02,ASK
1445992095,1914.93,0.0089,BID
1445992098,1915.0,0.0014,BID
1445992100,1915.0,0.0014,BID
1445992102,1915.0,0.0014,BID
1445992104,1915.0,0.0014,BID
1445992106,1915.0,0.0014,BID
1445992108,1915.0,0.0014,BID
1445992110,1914.95,0.008,ASK
1445992112,1915.0,0.0014,BID
1445992113,1915.0,0.7674,BID
1445992113,1915.05,0.0016,BID
1445992113,1915.28,0.01,BID
1445992117,1915.93,0.0014,BID
1445992120,1915.93,0.0014,BID
1445992122,1915.93,0.0014,BID
1445992125,1915.93,0.0014,BID
1445992130,1915.93,0.0014,BID
1445992132,1914.63,0.0089,ASK
1445992134,1915.93,0.0014,BID
1445992142,1915.92,0.0014,BID
1445992144,1915.92,0.0014,BID
1445992146,1915.92,0.0014,BID
1445992147,1915.92,0.0058,BID
1445992147,1915.93,0.0066,BID
1445992147,1915.98,0.1,BID
1445992147,1916.0,0.07,BID
1445992147,1916.0,1.0,BID
1445992147,1916.83,0.0014,BID
1445992149,1916.83,0.0014,BID
1445992151,1916.22,0.008,ASK
1445992153,1916.83,0.0014,BID
1445992157,1916.83,0.0047,BID
1445992157,1916.84,2.0,BID
1445992157,1916.88,16.0215,BID
1445992157,1916.98,0.1,BID
1445992157,1917.0,1.5738,BID
1445992160,1917.0,0.0014,BID
1445992162,1917.0,0.0014,BID
1445992165,1917.0,0.0014,BID
1445992170,1917.0,0.0014,BID
1445992173,1917.0,0.0014,BID
1445992174,1916.25,0.0089,ASK
1445992176,1917.0,0.0014,BID
1445992186,1917.0,0.0014,BID
1445992188,1916.99,0.0014,BID
1445992190,1916.27,0.0014,BID
1445992199,1916.27,0.0014,BID
1445992201,1916.26,0.0014,BID
1445992205,1914.71,0.0542,ASK
1445992205,1914.7,0.1,ASK
1445992205,1914.69,0.0261,ASK
1445992205,1914.68,0.522,ASK
1445992206,1914.64,15.88,ASK
1445992207,1914.63,0.008,ASK
1445992208,1914.64,17.0,ASK
1445992208,1914.64,3.835,ASK
1445992209,1914.68,0.0014,BID
1445992211,1914.68,0.0014,BID
1445992211,1914.63,0.0045,ASK
1445992213,1914.63,0.5,BID
1445992213,1914.63,0.0014,BID
1445992214,1914.62,0.0029,ASK
1445992215,1914.62,0.0014,BID
1445992217,1914.62,0.0014,BID
1445992219,1914.62,0.0014,BID
1445992221,1914.27,0.0089,ASK
1445992223,1914.62,0.0014,BID
1445992224,1914.59,0.0014,BID
1445992226,1914.59,0.0014,BID
1445992227,1914.27,0.343,ASK
1445992228,1914.59,0.0014,BID
1445992230,1914.59,0.0014,BID
1445992232,1914.59,0.0014,BID
1445992235,1914.27,0.008,ASK
1445992243,1914.57,0.0014,BID
1445992247,1914.58,0.0014,BID
1445992249,1914.58,0.0014,BID
1445992251,1914.57,0.0014,BID
1445992253,1914.57,0.0014,BID
1445992258,1914.57,0.0014,BID
1445992261,1914.22,0.0089,ASK
1445992261,1914.57,0.0958,BID
1445992261,1914.62,2.0095,BID
1445992261,1914.63,1.4961,BID
1445992261,1914.68,2.6689,BID
1445992262,1914.68,1.7297,ASK
1445992262,1914.21,0.5,ASK
1445992262,1914.18,0.3503,ASK
1445992263,1914.61,0.0014,BID
1445992265,1915.0,0.0014,BID
1445992268,1914.99,0.0014,BID
1445992269,1915.0,0.0014,BID
1445992271,1914.99,0.0014,BID
1445992273,1915.0,0.0014,BID
1445992275,1914.99,0.0014,BID
1445992277,1914.21,0.0089,ASK
1445992279,1914.98,0.0014,BID
1445992281,1914.99,0.0014,BID
1445992283,1914.98,0.0014,BID
1445992285,1914.99,0.0014,BID
1445992287,1914.97,0.0014,BID
1445992287,1914.21,0.0911,ASK
1445992287,1914.2,0.0802,ASK
1445992287,1914.19,1.4059,ASK
1445992287,1914.19,0.1172,ASK
1445992287,1914.18,4.0595,ASK
1445992289,1913.9,0.0011,ASK
1445992292,1913.9,0.0014,BID
1445992294,1913.01,0.0089,ASK
1445992296,1913.87,0.0014,BID
1445992300,1913.87,0.0014,BID
1445992302,1913.86,0.0014,BID
1445992306,1913.88,0.0014,BID
1445992309,1913.87,0.0014,BID
1445992311,1913.87,0.0014,BID
1445992312,1913.02,14.0,BID
1445992312,1913.02,3.035,BID
1445992313,1913.01,0.008,ASK
1445992315,1913.87,0.0014,BID
1445992318,1913.86,0.0014,BID
1445992319,1913.86,0.0014,BID
1445992320,1913.84,4.0,BID
1445992320,1913.84,1.0,BID
1445992320,1913.84,11.36,BID
1445992322,1913.87,0.0014,BID
1445992325,1913.86,0.0014,BID
1445992328,1913.86,0.0014,BID
1445992330,1913.02,0.0089,ASK
1445992332,1913.9,0.0014,BID
1445992334,1913.89,0.0014,BID
1445992336,1913.89,0.0014,BID
1445992338,1913.89,0.0014,BID
1445992340,1913.89,0.0014,BID
1445992342,1913.88,0.0014,BID
1445992347,1913.03,0.008,ASK
1445992349,1913.88,0.0014,BID
1445992354,1913.88,0.0014,BID
1445992356,1913.88,0.0014,BID
1445992360,1913.02,0.15,ASK
1445992360,1913.01,20.5,ASK
1445992360,1913.0,2.58,ASK
1445992360,1913.0,16.77,ASK
1445992363,1913.86,0.0014,BID
1445992365,1913.86,0.0014,BID
1445992367,1913.86,0.0014,BID
1445992370,1913.0,0.0089,ASK
1445992372,1913.86,0.0014,BID
1445992376,1913.86,0.0014,BID
1445992378,1913.86,0.0014,BID
1445992380,1913.87,0.0014,BID
1445992385,1913.86,0.0014,BID
1445992387,1913.86,0.0014,BID
1445992389,1913.01,0.008,ASK
1445992391,1913.86,0.0014,BID
1445992392,1913.86,0.0014,BID
1445992402,1913.85,0.0014,BID
1445992404,1913.86,0.0014,BID
1445992410,1913.85,0.0014,BID
1445992412,1913.85,0.0014,BID
1445992414,1913.02,0.0089,ASK
1445992416,1913.85,0.0014,BID
1445992418,1913.85,0.0014,BID
1445992419,1913.02,0.0011,ASK
1445992419,1913.0,0.1989,ASK
1445992420,1913.85,0.0014,BID
1445992422,1913.85,0.0014,BID
1445992424,1913.85,0.0014,BID
1445992426,1913.84,0.0197,ASK
1445992426,1913.0,1.6053,ASK
1445992426,1912.82,0.011,ASK
1445992426,1912.44,0.001,ASK
1445992426,1911.73,2.3341,ASK
1445992426,1911.72,6.7858,ASK
1445992430,1913.86,0.0014,BID
1445992432,1913.85,0.008,ASK
1445992432,1913.85,0.1,ASK
1445992434,1913.86,0.0014,BID
1445992435,1913.86,0.0014,BID
1445992437,1913.86,0.0014,BID
1445992439,1913.86,0.0014,BID
1445992441,1913.86,0.0014,BID
1445992443,1913.86,0.0014,BID
1445992445,1911.73,0.0089,ASK
1445992447,1913.86,0.0014,BID
1445992451,1913.86,0.0014,BID
1445992459,1912.99,0.0014,BID
1445992461,1912.99,0.0014,BID
1445992464,1913.0,0.0014,BID
1445992467,1913.0,0.0014,BID
1445992468,1911.78,0.1,ASK
1445992468,1911.76,0.244,ASK
1445992469,1911.76,0.6408,BID
1445992470,1912.58,0.0014,BID
1445992479,1911.67,0.003,ASK
1445992479,1911.0,0.0059,ASK
1445992481,1911.97,0.0014,BID
1445992484,1911.95,0.0014,BID
1445992484,1911.0,0.7,ASK
1445992492,1911.91,0.0014,BID
1445992493,1911.91,0.0014,BID
1445992502,1911.86,0.0014,BID
1445992505,1911.85,0.0014,BID
1445992506,1911.0,0.0089,ASK
1445992508,1911.83,0.0014,BID
1445992510,1911.83,0.0014,BID
1445992514,1911.82,0.11,BID
1445992514,1911.82,0.5,BID
1445992514,1911.83,0.39,BID
1445992515,1911.83,0.0014,BID
1445992517,1911.82,0.0014,BID
1445992518,1911.02,1.0,BID
1445992518,1911.02,9.336,BID
1445992519,1911.82,0.0014,BID
1445992522,1911.82,0.0014,BID
1445992524,1911.01,0.008,ASK
1445992526,1911.78,0.0014,BID
1445992528,1911.78,0.0014,BID
1445992530,1911.77,0.0014,BID
1445992534,1911.77,0.0014,BID
1445992536,1911.77,0.0014,BID
1445992537,1911.01,0.1,ASK
1445992537,1911.0,0.2,ASK
1445992538,1911.77,0.0014,BID
1445992540,1911.0,0.0089,ASK
1445992542,1911.0,3.573,ASK
1445992542,1910.7,0.0014,BID
1445992544,1910.14,0.007,ASK
1445992544,1910.11,0.01,ASK
1445992544,1910.02,1.163,ASK
1445992544,1911.76,0.0014,BID
1445992548,1911.75,0.0014,BID
1445992548,1910.72,0.3,ASK
1445992550,1910.42,0.0014,BID
1445992554,1911.47,0.0014,ASK
1445992554,1910.42,4.0331,ASK
1445992556,1911.74,0.0014,BID
1445992558,1910.02,0.008,ASK
1445992560,1911.73,0.0014,BID
1445992563,1911.73,0.0014,BID
1445992566,1911.72,0.0014,BID
1445992568,1911.72,0.0014,BID
1445992570,1911.71,0.0014,BID
1445992578,1911.69,0.0014,BID
1445992580,1910.04,0.0089,ASK
1445992582,1911.7,0.0014,BID
1445992584,1911.7,0.0014,BID
1445992586,1911.68,0.0014,BID
1445992589,1911.67,0.0014,BID
1445992592,1911.67,0.0014,BID
1445992597,1911.64,0.0014,BID
1445992599,1910.09,0.008,ASK
1445992600,1911.33,0.0014,BID
1445992603,1911.33,0.0014,BID
1445992605,1911.33,0.0014,BID
1445992607,1911.32,0.0014,BID
1445992610,1911.33,0.0014,BID
1445992612,1911.29,0.0014,BID
1445992613,1910.01,0.0089,ASK
1445992616,1911.29,0.0014,BID
1445992618,1911.28,0.0014,BID
1445992621,1911.28,0.6,BID
1445992621,1911.28,0.5,BID
1445992621,1911.6,0.4944,BID
1445992621,1911.78,2.0652,BID
1445992621,1911.87,0.0276,ASK
1445992622,1911.87,0.36,ASK
1445992623,1913.0,0.0014,BID
1445992625,1911.88,0.0543,ASK
1445992625,1911.87,0.4457,ASK
1445992626,1911.87,0.1,ASK
1445992626,1913.0,0.0014,BID
1445992628,1912.99,0.0014,BID
1445992630,1912.99,0.0014,BID
1445992634,1911.88,0.0457,ASK
1445992634,1911.88,0.0543,ASK
1445992635,1911.88,0.008,ASK
1445992637,1912.98,0.0014,BID
1445992637,1912.98,0.0236,BID
1445992637,1912.98,0.108,BID
1445992637,1912.99,0.5,BID
1445992637,1912.99,4.5958,BID
1445992637,1912.98,8.0,BID
1445992637,1912.98,2.356,BID
1445992638,1911.89,0.1,ASK
1445992638,1911.89,0.0397,ASK
1445992639,1912.9,0.0014,BID
1445992642,1912.9,0.0014,BID
1445992645,1912.9,0.0014,BID
1445992646,1912.9,0.0014,BID
1445992648,1912.89,0.0014,BID
1445992650,1911.92,0.0089,ASK
1445992652,1912.89,0.0014,BID
1445992653,1911.94,9.015,BID
1445992654,1912.35,0.0014,BID
1445992655,1912.35,0.0011,BID
1445992655,1912.89,0.0986,BID
1445992655,1912.97,0.025,BID
1445992655,1912.98,0.1605,BID
1445992655,1912.99,3.2109,BID
1445992655,1912.99,0.0253,BID
1445992655,1913.0,0.9944,BID
1445992655,1913.0,0.001,BID
1445992655,1913.0,0.001,BID
1445992655,1913.0,0.001,BID
1445992655,1913.83,2.7007,BID
1445992655,1913.85,0.0045,BID
1445992655,1913.86,0.136,BID
1445992655,1913.86,0.0125,BID
1445992655,1913.9,2.8122,BID
1445992655,1914.0,0.0753,BID
1445992656,1914.0,0.0014,BID
1445992657,1911.94,0.025,ASK
1445992657,1911.93,0.475,ASK
1445992658,1912.34,0.0014,BID
1445992660,1913.99,0.0014,BID
1445992662,1913.99,0.0014,BID
1445992664,1913.98,0.0014,BID
1445992666,1911.97,0.0089,ASK
1445992668,1913.98,0.0014,BID
1445992670,1913.97,0.0473,BID
1445992670,1913.98,0.0155,BID
1445992670,1913.99,0.5,BID
1445992670,1914.0,0.2776,BID
1445992670,1914.23,0.1596,BID
1445992670,1914.23,0.0014,BID
1445992671,1914.23,0.0014,BID
1445992674,1914.22,0.0014,BID
1445992680,1914.22,0.0014,BID
1445992683,1914.22,0.0014,BID
1445992687,1913.87,0.1,ASK
1445992687,1913.87,0.05,ASK
1445992687,1913.86,1.0,ASK
1445992692,1912.06,0.0089,ASK
1445992694,1913.49,0.0014,BID
1445992699,1913.47,0.0014,BID
1445992702,1913.46,0.0014,BID
1445992704,1913.46,0.0014,BID
1445992705,1913.46,0.0014,BID
1445992707,1913.45,0.0014,BID
1445992709,1912.09,0.008,ASK
1445992710,1913.45,0.0014,BID
1445992712,1913.44,0.0047,BID
1445992712,1913.45,0.0986,BID
1445992712,1914.0,0.8967,BID
1445992712,1914.0,0.0014,BID
1445992713,1912.11,0.025,ASK
1445992713,1912.11,2.7045,ASK
1445992713,1912.1,0.5,ASK
1445992713,1912.08,6.7705,ASK
1445992714,1914.0,0.0014,BID
1445992717,1913.44,0.0014,BID
1445992719,1913.44,0.0014,BID
1445992721,1913.44,0.0014,BID
1445992726,1912.15,0.0089,ASK
1445992728,1913.43,0.0014,BID
1445992730,1913.43,0.0014,BID
1445992732,1913.43,0.0014,BID
1445992735,1913.43,0.0014,BID
1445992741,1913.86,0.0014,BID
1445992743,1913.86,0.0014,BID
1445992746,1912.45,0.008,ASK
1445992747,1913.86,3.4708,BID
1445992747,1913.99,6.7794,BID
1445992747,1914.0,0.1005,BID
1445992747,1914.97,0.0267,BID
1445992754,1913.84,0.0014,BID
1445992756,1913.84,0.0014,BID
1445992758,1914.98,0.0014,BID
1445992759,1912.51,0.0219,ASK
1445992759,1912.51,0.0201,ASK
1445992759,1912.51,0.1553,ASK
1445992759,1912.5,0.5206,ASK
1445992759,1912.5,10.3279,ASK
1445992759,1912.49,0.842,ASK
1445992760,1912.0,0.0014,BID
1445992761,1912.0,0.1,BID
1445992762,1912.0,2.58,BID
1445992762,1912.0,0.0014,BID
1445992763,1912.0,0.523,BID
1445992763,1912.0,0.522,BID
1445992764,1912.0,0.0014,BID
1445992764,1912.0,0.523,BID
1445992765,1911.87,0.0089,ASK
1445992766,1912.0,0.013,BID
1445992766,1912.0,0.523,BID
1445992767,1912.0,0.0014,BID
1445992767,1911.99,0.4853,BID
1445992767,1912.0,0.0377,BID
1445992768,1912.0,0.523,BID
1445992769,1912.0,0.0014,BID
1445992772,1911.99,0.0014,BID
1445992776,1911.97,0.0014,BID
1445992778,1911.97,0.0014,BID
1445992780,1911.97,0.0014,BID
1445992781,1911.87,0.008,ASK
1445992783,1911.97,0.0014,BID
1445992786,1911.97,0.0014,BID
1445992788,1911.97,0.0014,BID
1445992793,1911.97,0.0014,BID
1445992795,1911.97,0.0014,BID
1445992797,1911.97,0.0014,BID
1445992798,1911.97,0.5094,BID
1445992798,1911.98,0.0521,BID
1445992798,1911.99,0.5664,BID
1445992798,1911.99,0.0521,BID
1445992800,1911.87,0.0089,ASK
1445992801,1911.99,0.4226,BID
1445992801,1912.0,0.7574,BID
1445992802,1912.0,0.0014,BID
1445992802,1912.0,0.4226,BID
1445992808,1911.99,0.0014,BID
1445992809,1911.99,0.2598,BID
1445992809,1912.0,0.4102,BID
1445992809,1911.98,0.2747,ASK
1445992810,1912.0,0.0014,BID
1445992810,1912.0,0.2612,BID
1445992813,1912.0,0.0014,BID
1445992815,1912.0,0.0014,BID
1445992817,1912.0,0.0014,BID
1445992818,1911.99,0.008,ASK
1445992819,1912.0,21.4111,BID
1445992820,1912.0,0.0014,BID
1445992820,1912.0,0.523,BID
1445992821,1912.0,0.523,BID
1445992821,1912.0,1.5497,BID
1445992822,1912.0,0.0014,BID
1445992822,1912.0,0.523,BID
1445992824,1912.0,0.0033,BID
1445992824,1912.0,0.523,BID
1445992824,1912.0,0.0014,BID
1445992825,1912.0,0.523,BID
1445992826,1912.0,0.0014,BID
1445992826,1912.0,0.523,BID
1445992827,1912.0,0.523,BID
1445992828,1912.0,0.0014,BID
1445992829,1912.0,0.523,BID
1445992829,1912.0,0.5,BID
1445992830,1912.0,1.0,BID
1445992830,1912.0,1.0,BID
1445992830,1912.0,0.523,BID
1445992831,1912.0,0.0014,BID
1445992831,1912.0,0.523,BID
1445992832,1912.0,0.1996,BID
1445992832,1912.01,0.0089,ASK
1445992835,1914.94,0.0014,BID
1445992837,1914.95,0.0014,BID
1445992842,1914.92,0.0014,ASK
1445992845,1914.61,0.0014,BID
1445992846,1914.61,0.0014,BID
1445992848,1914.61,0.0014,BID
1445992850,1914.6,0.0014,BID
1445992852,1912.1,0.0089,ASK
1445992853,1912.1,0.001,ASK
1445992853,1914.59,0.0014,BID
1445992857,1914.6,0.0014,BID
1445992858,1912.11,0.0257,ASK
1445992858,1912.11,0.6,ASK
1445992858,1912.1,0.5121,ASK
1445992858,1912.1,0.236,ASK
1445992858,1912.09,0.9805,ASK
1445992858,1912.08,0.025,ASK
1445992858,1912.07,0.5,ASK
1445992858,1912.01,0.3145,ASK
1445992858,1912.01,0.523,ASK
1445992858,1911.98,0.2361,ASK
1445992858,1911.87,10.3813,ASK
1445992858,1910.51,0.0012,ASK
1445992858,1910.01,0.5147,ASK
1445992858,1910.0,0.001,ASK
1445992858,1910.0,2.6,ASK
1445992858,1910.0,0.007,ASK
1445992858,1910.0,2.0692,ASK
1445992861,1912.12,0.001,ASK
1445992862,1914.59,0.0014,BID
1445992867,1914.56,0.0379,BID
1445992867,1914.57,0.5621,BID
1445992869,1913.73,0.0012,ASK
1445992872,1913.43,0.0014,BID
1445992873,1912.15,0.3073,ASK
1445992876,1913.43,0.0014,BID
1445992878,1912.16,0.0107,ASK
1445992881,1911.99,0.0017,BID
1445992883,1911.99,0.0014,BID
1445992893,1911.93,0.195,BID
1445992893,1911.94,0.805,BID
1445992894,1911.94,0.046,BID
1445992899,1911.96,0.308,BID
1445992899,1911.99,1.756,BID
1445992899,1911.99,0.2005,BID
1445992900,1911.99,1.9234,BID
1445992905,1911.99,0.531,BID
1445992906,1912.24,0.1,BID
1445992906,1914.51,0.6,BID
1445992906,1914.51,10.3279,BID
1445992906,1914.51,0.9805,BID
1445992906,1914.56,0.013,ASK
1445992910,1914.56,2.58,ASK
1445992910,1914.56,2.0,ASK
1445992912,1914.56,1.55,ASK
1445992913,1914.56,1.8486,ASK
1445992913,1912.01,0.0349,ASK
1445992913,1912.01,0.1165,ASK
1445992914,1914.25,0.1,BID
1445992925,1912.37,0.01,BID
1445992928,1912.68,0.041,ASK
1445992932,1912.4,0.01,BID
1445992935,1912.11,0.0089,ASK
1445992937,1914.18,0.0014,BID
1445992939,1914.17,0.001,BID
1445992939,1914.18,0.0004,BID
1445992944,1914.17,0.0014,BID
1445992946,1914.17,0.0986,BID
1445992946,1914.18,0.4996,BID
1445992946,1914.19,2.5363,BID
1445992947,1914.19,0.0014,BID
1445992949,1914.17,0.0014,BID
1445992951,1912.49,0.01,BID
1445992952,1914.16,0.0249,BID
1445992952,1914.19,0.161,BID
1445992952,1914.19,0.099,BID
1445992952,1914.2,9.5278,BID
1445992955,1914.2,0.0014,BID
1445992957,1912.22,0.008,ASK
1445992958,1914.3,1.0,BID
1445992959,1914.3,0.0014,BID
1445992961,1914.3,0.0014,BID
1445992964,1912.56,0.01,BID
1445992967,1914.3,0.0014,BID
1445992969,1914.29,0.0014,BID
1445992970,1914.29,0.03,BID
1445992976,1914.29,0.0014,BID
1445992977,1914.29,0.0014,BID
1445992979,1912.33,0.0089,ASK
1445992981,1914.3,0.0014,BID
1445992984,1913.96,0.01,ASK
1445992985,1913.66,0.0014,BID
1445992988,1914.26,0.0014,BID
1445992993,1914.26,0.0166,BID
1445992993,1914.3,0.0014,BID
1445992996,1914.3,0.0014,BID
1445992996,1914.29,0.5,ASK
1445992997,1914.29,0.01,ASK
1445992997,1914.3,0.0014,BID
1445992999,1914.29,0.008,ASK
1445992999,1914.29,7.4654,ASK
1445993001,1913.99,0.0014,BID
1445993004,1914.28,0.0014,BID
1445993010,1914.26,10.3097,ASK
1445993010,1913.96,0.0014,BID
1445993012,1914.25,0.0014,BID
1445993012,1914.25,0.01,BID
1445993015,1914.27,0.0014,BID
1445993017,1914.29,0.0014,BID
1445993020,1912.48,0.0089,ASK
1445993022,1914.26,0.0014,BID
1445993028,1914.29,0.0014,BID
1445993030,1914.28,0.0014,BID
1445993032,1914.28,0.0014,BID
1445993034,1914.29,0.0014,BID
1445993036,1914.29,0.0014,BID
1445993038,1914.28,0.0014,BID
1445993039,1912.57,0.0089,ASK
1445993041,1914.29,0.0014,BID
1445993044,1914.28,0.0014,BID
1445993047,1914.29,0.0014,BID
1445993052,1914.29,0.0014,BID
1445993054,1914.28,0.0014,BID
1445993063,1914.29,0.0014,BID
1445993066,1912.66,0.0089,ASK
1445993070,1914.28,0.0169,BID
1445993070,1914.28,0.0019,BID
1445993070,1914.29,0.4972,BID
1445993073,1914.3,0.0014,BID
1445993073,1914.29,0.484,ASK
1445993075,1914.28,0.0014,BID
1445993078,1914.28,0.0014,BID
1445993080,1914.28,0.0014,BID
1445993082,1914.28,0.0014,BID
1445993084,1914.27,0.0014,BID
1445993085,1912.93,0.008,ASK
1445993086,1912.94,15.0,ASK
1445993086,1912.94,4.953,ASK
1445993087,1914.27,0.4986,BID
1445993087,1914.28,0.2323,BID
1445993089,1914.28,0.001,BID
1445993089,1914.28,0.0014,BID
1445993090,1914.28,0.2437,BID
1445993094,1914.3,1.6858,BID
1445993094,1914.32,0.01,BID
1445993094,1914.6,0.01,BID
1445993095,1914.62,0.0014,BID
1445993098,1914.62,0.0014,BID
1445993100,1914.62,0.0072,BID
1445993100,1914.95,0.01,BID
1445993100,1915.0,0.7088,BID
1445993101,1914.93,11.139,BID
1445993103,1914.99,0.5,BID
1445993103,1915.0,0.1722,BID
1445993103,1915.0,0.5,BID
1445993103,1915.0,0.3772,BID
1445993103,1914.62,0.0543,ASK
1445993103,1914.62,0.0249,ASK
1445993103,1914.61,0.498,ASK
1445993104,1914.6,0.1,BID
1445993105,1914.6,0.0124,BID
1445993105,1914.6,0.0014,BID
1445993106,1914.6,1.5346,BID
1445993106,1914.99,0.0124,BID
1445993106,1915.0,0.0385,BID
1445993106,1914.32,0.0041,ASK
1445993111,1914.99,0.0014,BID
1445993112,1914.99,0.5,BID
1445993112,1915.0,0.7394,BID
1445993113,1914.9,2.58,BID
1445993113,1914.9,0.0014,BID
1445993113,1914.9,0.0543,BID
1445993113,1914.33,6.0,BID
1445993113,1914.33,11.371,BID
1445993114,1914.9,0.0066,BID
1445993114,1914.89,1.0,BID
1445993114,1914.89,6.406,BID
1445993115,1914.32,0.0089,ASK
1445993117,1914.98,0.0014,BID
1445993124,1914.98,0.0014,BID
1445993124,1914.98,0.0972,BID
1445993124,1914.99,0.499,BID
1445993124,1915.0,3.2845,BID
1445993124,1915.0,2.0,BID
1445993124,1915.01,2.0326,BID
1445993126,1915.32,0.0014,BID
1445993126,1915.27,0.0529,ASK
1445993132,1914.6,0.0014,BID
1445993133,1914.33,0.1,ASK
1445993133,1914.32,0.0119,ASK
1445993133,1914.32,0.0142,ASK
1445993133,1914.31,0.5224,ASK
1445993133,1913.99,0.01,ASK
1445993133,1913.03,0.0316,ASK
1445993133,1913.02,0.6,ASK
1445993133,1913.02,0.0976,ASK
1445993134,1915.32,0.0014,BID
1445993137,1915.32,0.0014,BID
1445993141,1914.33,0.008,ASK
1445993142,1915.32,0.0058,BID
1445993144,1915.62,0.1,ASK
1445993144,1915.65,0.0014,BID
1445993146,1915.62,0.0014,BID
1445993148,1915.64,0.0014,BID
1445993150,1915.65,0.0086,BID
1445993150,1915.99,0.0976,BID
1445993150,1916.0,0.8938,BID
1445993154,1915.97,0.0014,BID
1445993156,1915.97,0.0014,BID
1445993159,1915.96,0.0014,BID
1445993160,1914.95,0.0014,ASK
1445993160,1914.37,0.0075,ASK
1445993168,1915.97,0.0014,BID
1445993168,1914.38,0.0291,ASK
1445993170,1915.96,0.0014,BID
1445993172,1915.97,0.0014,BID
1445993174,1915.96,0.0038,ASK
1445993174,1915.97,0.0014,BID
1445993175,1915.97,0.003,BID
1445993175,1915.97,0.6,BID
1445993175,1916.0,0.397,BID
1445993176,1915.96,4.477,ASK
1445993176,1916.0,0.0014,BID
1445993178,1915.98,0.5219,ASK
1445993178,1915.96,0.1281,ASK
1445993178,1915.96,0.008,ASK
1445993180,1915.97,0.1342,ASK
1445993180,1915.97,0.0294,ASK
1445993180,1915.96,0.4864,ASK
1445993180,1916.0,2.7544,BID
1445993180,1916.0,5.719,BID
1445993180,1916.0,0.0014,BID
1445993181,1915.97,0.0261,ASK
1445993181,1915.96,0.6239,ASK
1445993182,1915.99,0.0014,BID
1445993182,1915.96,0.0261,ASK
1445993183,1915.99,0.0014,BID
1445993183,1915.99,0.0014,BID
1445993184,1915.96,4.5548,ASK
1445993184,1915.99,0.1375,BID
1445993184,1915.99,0.0294,BID
1445993184,1915.99,0.0261,BID
1445993184,1916.0,50.7225,BID
1445993184,1916.0,0.8362,ASK
1445993185,1916.0,0.65,ASK
1445993185,1916.1,0.0014,BID
1445993188,1916.6,0.0011,BID
1445993190,1916.62,0.0003,ASK
1445993192,1916.59,0.0014,BID
1445993193,1916.29,0.0089,ASK
1445993196,1916.59,0.0014,BID
1445993202,1916.77,0.0014,BID
1445993204,1916.77,0.0014,BID
1445993206,1916.76,0.0014,BID
1445993208,1916.76,0.0014,BID
1445993210,1916.76,0.0014,BID
1445993212,1916.76,0.0158,BID
1445993212,1916.9,0.008,ASK
1445993214,1916.97,0.0014,BID
1445993216,1916.97,0.0014,BID
1445993217,1916.9,4.6111,ASK
1445993218,1916.97,0.0014,BID
1445993218,1916.9,0.65,ASK
1445993220,1916.9,0.65,ASK
1445993221,1916.9,0.5651,ASK
1445993222,1916.89,0.0849,BID
1445993222,1916.97,0.0914,BID
1445993222,1916.98,0.8237,BID
1445993223,1916.89,0.0914,BID
1445993225,1916.89,0.0849,BID
1445993226,1916.89,0.0014,BID
1445993226,1916.89,0.4723,BID
1445993228,1916.98,0.0014,BID
1445993230,1916.98,0.0014,BID
1445993233,1916.91,0.0089,ASK
1445993235,1916.98,0.0014,BID
1445993237,1916.98,0.0014,BID
1445993239,1916.91,0.0197,ASK
1445993239,1916.9,0.0494,ASK
1445993239,1916.9,0.5217,ASK
1445993239,1916.68,0.1,ASK
1445993239,1916.58,0.01,ASK
1445993239,1916.57,0.01,ASK
1445993239,1916.34,0.01,ASK
1445993239,1916.29,0.0011,ASK
1445993239,1916.12,0.0041,ASK
1445993240,1916.98,0.0014,BID
1445993242,1916.97,0.0014,BID
1445993245,1916.97,0.0014,BID
1445993250,1916.97,0.0014,BID
1445993257,1916.97,0.0088,BID
1445993257,1916.97,0.0197,BID
1445993257,1916.98,0.2693,BID
1445993257,1916.98,1.8182,BID
1445993260,1916.93,0.2,ASK
1445993276,1916.61,0.0542,ASK
1445993276,1916.6,0.01,ASK
1445993281,1916.91,0.1,BID
1445993281,1916.92,0.2,BID
1445993281,1916.98,0.426,BID
1445993290,1916.98,0.0748,BID
1445993290,1916.98,0.1692,BID
1445993295,1916.97,0.0014,BID
1445993297,1916.17,0.0089,ASK
1445993300,1916.97,0.0014,BID
1445993302,1916.98,0.0014,BID
1445993306,1916.97,0.0514,BID
1445993306,1916.98,0.5024,BID
1445993306,1916.98,1.375,BID
1445993306,1916.98,5.159,BID
1445993306,1916.98,1.893,BID
1445993306,1916.98,7.016,BID
1445993306,1916.98,0.463,BID
1445993307,1916.98,0.01,ASK
1445993308,1917.0,0.0014,BID
1445993314,1917.0,0.0014,BID
1445993316,1917.0,0.0014,BID
1445993318,1917.0,0.0014,BID
1445993319,1916.98,0.0089,ASK
1445993321,1917.0,0.0014,BID
1445993324,1917.0,0.0014,BID
1445993324,1916.99,0.0085,ASK
1445993326,1917.0,0.1,BID
1445993328,1917.0,0.5216,BID
1445993329,1917.0,0.5216,BID
1445993330,1917.0,0.0014,BID
1445993330,1917.0,0.5216,BID
1445993330,1917.0,0.5,BID
1445993331,1917.0,0.5216,BID
1445993332,1917.0,0.0014,BID
1445993332,1917.0,0.5216,BID
1445993332,1917.0,2.0,BID
1445993333,1917.0,0.5,BID
1445993333,1917.0,0.5216,BID
1445993334,1917.0,0.501,BID
1445993334,1917.01,0.0206,BID
1445993335,1917.01,2.0,BID
1445993336,1917.01,0.5216,BID
1445993337,1917.01,0.5216,BID
1445993337,1917.01,2.0,BID
1445993338,1917.01,0.0014,BID
1445993338,1917.01,0.5216,BID
1445993339,1917.01,8.0,BID
1445993339,1917.01,0.4381,BID
1445993339,1917.16,0.0014,BID
1445993341,1917.02,0.008,ASK
1445993343,1917.16,0.0014,BID
1445993346,1917.16,0.0014,BID
1445993347,1917.16,0.0248,BID
1445993347,1917.55,0.001,BID
1445993347,1917.8,0.0128,BID
1445993347,1917.98,0.1,BID
1445993347,1918.0,0.0014,BID
1445993349,1918.0,0.0014,BID
1445993353,1918.0,0.0014,BID
1445993358,1918.0,0.0014,BID
1445993359,1917.98,0.0089,ASK
1445993361,1918.0,0.0014,BID
1445993362,1918.0,0.2,BID
1445993364,1918.0,0.0014,BID
1445993364,1918.0,0.5214,BID
1445993365,1918.0,0.5214,BID
1445993366,1918.0,0.0014,BID
1445993366,1918.0,0.5214,BID
1445993367,1918.0,0.5214,BID
1445993368,1918.0,0.5214,BID
1445993369,1918.0,0.5214,BID
1445993370,1918.0,0.5214,BID
1445993371,1918.0,0.5214,BID
1445993372,1918.0,0.0014,BID
1445993372,1918.0,0.5214,BID
1445993373,1918.0,0.5214,BID
1445993375,1918.0,0.5214,BID
1445993376,1918.0,0.0014,BID
1445993376,1918.0,0.5214,BID
1445993378,1918.0,0.0014,BID
1445993380,1917.99,0.008,ASK
1445993380,1918.0,0.1,BID
1445993382,1918.0,0.0014,BID
1445993388,1918.0,0.0014,BID
1445993391,1918.0,0.0014,BID
1445993394,1918.0,0.0014,BID
1445993396,1918.0,0.0014,BID
1445993398,1918.0,14.8126,BID
1445993398,1918.0,0.0014,BID
1445993399,1917.99,0.017,ASK
1445993399,1917.98,0.5,ASK
1445993403,1917.98,0.8525,BID
1445993403,1917.71,0.0089,ASK
1445993404,1917.98,0.0009,BID
1445993407,1917.99,0.0014,BID
1445993408,1917.98,0.0089,ASK
1445993410,1917.99,0.0014,BID
1445993424,1917.98,0.4902,ASK
1445993424,1917.69,0.1,ASK
1445993424,1917.27,0.03,ASK
1445993424,1917.26,0.025,ASK
1445993424,1917.26,0.1048,ASK
1445993430,1917.97,0.4902,BID
1445993431,1917.97,0.0098,ASK
1445993434,1917.96,0.0902,BID
1445993434,1917.98,0.1048,BID
1445993434,1917.99,0.305,BID
1445993440,1917.99,0.5,BID
1445993444,1917.99,0.5,BID
1445993446,1917.31,0.01,ASK
1445993447,1917.99,0.5,BID
1445993451,1917.98,0.01,BID
1445993451,1917.99,0.49,BID
1445993458,1917.99,0.5,BID
1445993460,1917.99,0.5,BID
1445993461,1917.68,0.01,ASK
1445993464,1917.98,0.0885,BID
1445993464,1917.99,0.4115,BID
1445993466,1917.68,1.0,BID
1445993466,1917.68,3.0,BID
1445993466,1917.68,7.808,BID
1445993467,1917.97,0.01,BID
1445993467,1917.99,0.49,BID
1445993470,1917.99,0.5,BID
1445993472,1917.99,0.5,BID
1445993474,1917.99,0.0014,BID
1445993476,1917.67,0.01,ASK
1445993476,1917.99,0.0014,BID
1445993478,1917.99,0.5,BID
1445993482,1917.98,0.01,BID
1445993482,1917.99,0.1968,BID
1445993485,1918.0,0.0014,BID
1445993486,1917.99,0.2932,ASK
1445993486,1917.99,0.206,ASK
1445993487,1917.98,0.0014,BID
1445993487,1917.67,6.0,ASK
1445993487,1917.67,10.622,ASK
1445993488,1917.66,0.008,ASK
1445993488,1917.98,0.143,BID
1445993490,1917.98,0.0014,BID
1445993492,1917.98,0.0014,BID
1445993495,1917.98,0.0014,BID
1445993495,1917.96,0.01,ASK
1445993497,1917.98,0.0014,BID
1445993498,1917.98,2.9218,BID
1445993498,1917.98,0.2932,BID
1445993498,1918.0,4.0386,BID
1445993498,1918.0,3.4804,BID
1445993498,1918.0,6.7521,BID
1445993498,1918.0,1.04,BID
1445993498,1918.0,1.136,BID
1445993499,1918.15,0.0014,BID
1445993504,1918.15,0.0014,BID
1445993506,1918.01,0.01,ASK
1445993506,1918.01,0.0089,ASK
1445993508,1918.15,0.0014,BID
1445993510,1918.15,0.0014,BID
1445993512,1918.15,0.0002,BID
1445993512,1918.2,0.0012,BID
1445993514,1918.2,0.012,BID
1445993514,1918.31,0.003,BID
1445993514,1918.37,0.01,BID
1445993514,1918.49,0.0189,BID
1445993514,1918.5,0.6561,BID
1445993518,1918.5,0.0014,BID
1445993521,1918.5,0.0014,BID
1445993524,1918.5,0.0014,BID
1445993525,1918.03,0.01,ASK
1445993526,1918.03,0.008,ASK
1445993528,1918.5,0.0014,BID
1445993531,1918.49,0.0014,BID
1445993533,1918.49,0.0014,BID
1445993535,1918.5,0.0014,BID
1445993537,1918.49,0.0014,BID
1445993538,1918.49,0.0138,BID
1445993538,1918.5,2.0942,BID
1445993538,1918.54,56.9875,BID
1445993539,1918.98,0.0014,BID
1445993540,1918.55,0.0089,ASK
1445993542,1918.55,0.01,ASK
1445993543,1918.98,0.0014,BID
1445993548,1918.66,0.0542,ASK
1445993548,1918.65,0.01,ASK
1445993548,1918.55,0.3715,ASK
1445993548,1918.55,0.9528,ASK
1445993548,1918.55,0.5,ASK
1445993548,1918.54,0.6915,ASK
1445993548,1918.98,0.0014,BID
1445993551,1918.98,0.0014,BID
1445993553,1918.67,0.1,ASK
1445993553,1918.54,1.9,ASK
1445993553,1918.97,0.0014,BID
1445993554,1918.54,1.18,ASK
1445993555,1918.55,0.6,ASK
1445993555,1918.54,1.4,ASK
1445993555,1918.97,0.0014,BID
1445993556,1918.56,0.01,ASK
1445993558,1918.98,0.0014,BID
1445993561,1918.64,0.01,ASK
1445993561,1918.55,0.4205,ASK
1445993561,1918.55,0.0908,ASK
1445993561,1918.54,0.2047,ASK
1445993564,1918.96,0.0014,BID
1445993565,1918.55,2.0,BID
1445993565,1918.55,3.0,BID
1445993565,1918.55,10.32,BID
1445993566,1918.54,0.0089,ASK
1445993566,1918.54,0.01,ASK
1445993568,1918.96,0.0014,BID
1445993570,1918.63,0.01,ASK
1445993570,1918.54,1.17,ASK
1445993570,1918.95,0.0014,BID
1445993571,1918.55,0.5904,ASK
1445993571,1918.54,1.4096,ASK
1445993572,1918.98,0.0014,BID
1445993572,1918.54,1.18,ASK
1445993574,1918.94,0.0014,BID
1445993576,1918.93,0.0014,BID
1445993578,1918.94,0.0014,BID
1445993580,1918.55,0.0089,ASK
1445993582,1918.93,0.0014,BID
1445993583,1918.55,0.01,ASK
1445993586,1918.95,0.0014,ASK
1445993586,1918.6,0.01,ASK
1445993586,1918.55,0.1986,ASK
1445993588,1918.97,0.0014,BID
1445993590,1918.97,0.0014,BID
1445993595,1918.98,0.0014,BID
1445993599,1918.95,0.0014,BID
1445993600,1918.56,0.01,ASK
1445993604,1918.15,0.008,ASK
1445993605,1918.15,0.01,ASK
1445993605,1918.98,0.0014,BID
1445993608,1918.97,0.0014,BID
1445993609,1918.0,0.001,ASK
1445993609,1918.0,0.0917,ASK
1445993609,1918.0,0.0249,ASK
1445993609,1918.0,0.0118,ASK
1445993609,1917.99,0.5214,ASK
1445993609,1917.99,0.8986,ASK
1445993609,1917.99,9.1014,ASK
1445993609,1917.97,10.3094,ASK
1445993609,1917.96,1.9829,ASK
1445993609,1917.97,3.739,BID
1445993610,1918.97,0.0458,BID
1445993610,1918.97,0.1,BID
1445993610,1918.98,0.0888,BID
1445993610,1918.99,0.0688,BID
1445993610,1919.0,0.06,BID
1445993610,1919.0,1.0,BID
1445993610,1919.0,0.1169,BID
1445993610,1919.0,0.2,BID
1445993610,1919.41,0.0195,BID
1445993610,1919.41,0.5,BID
1445993610,1919.42,0.3904,BID
1445993610,1919.43,2.0,BID
1445993610,1919.52,2.001,BID
1445993610,1919.85,0.007,BID
1445993610,1919.97,0.0201,BID
1445993610,1919.98,0.1,BID
1445993610,1920.0,0.0068,BID
1445993610,1920.0,0.1,BID
1445993610,1920.0,0.01,BID
1445993610,1920.0,0.01,BID
1445993610,1920.0,0.6135,BID
1445993610,1920.0,2.2019,BID
1445993610,1920.0,2.1108,BID
1445993610,1920.0,0.0014,BID
1445993612,1917.96,0.01,ASK
1445993612,1919.4,0.0014,BID
1445993613,1919.39,12.0,ASK
1445993613,1919.39,1.832,ASK
1445993615,1919.4,0.0014,BID
1445993620,1920.0,0.0014,BID
1445993622,1918.95,0.0089,ASK
1445993623,1919.99,0.0014,BID
1445993625,1919.99,0.0014,BID
1445993628,1919.98,0.0014,BID
1445993630,1919.98,0.0014,BID
1445993632,1919.98,0.0014,BID
1445993640,1919.99,0.0014,BID
1445993642,1919.62,0.008,ASK
1445993643,1919.99,0.0014,BID
1445993646,1919.98,0.0014,BID
1445993648,1919.99,0.0014,BID
1445993650,1919.98,0.0014,BID
1445993652,1919.99,0.0014,BID
1445993653,1919.99,0.3792,BID
1445993653,1920.0,0.3458,BID
1445993653,1920.0,0.0014,BID
1445993655,1918.64,0.0089,ASK
1445993658,1920.0,1.5477,BID
1445993658,1920.0,11.9915,BID
1445993658,1920.0,0.1,BID
1445993658,1920.0,0.3858,BID
1445993658,1920.0,7.1663,BID
1445993658,1920.0,1.7342,BID
1445993658,1920.0,0.0014,BID
1445993660,1919.99,0.0014,BID
1445993662,1919.99,0.0033,BID
1445993662,1919.99,0.0014,BID
1445993664,1919.99,0.0014,BID
1445993666,1919.98,0.0014,BID
1445993669,1919.99,0.0014,BID
1445993671,1918.65,0.008,ASK
1445993673,1919.98,0.0014,BID
1445993677,1919.98,0.001,BID
1445993677,1919.99,0.0004,BID
1445993680,1919.99,0.2031,BID
1445993680,1919.99,10.3094,BID
1445993680,1920.0,4.4885,BID
1445993683,1919.98,0.0014,BID
1445993685,1919.98,0.0014,BID
1445993690,1919.98,0.0014,BID
1445993693,1919.98,0.0014,BID
1445993698,1919.06,0.0089,ASK
1445993701,1919.98,0.0014,BID
1445993705,1919.07,0.0323,ASK
1445993705,1919.07,0.5,ASK
1445993705,1919.06,0.1927,ASK
1445993709,1919.98,0.0089,BID
1445993709,1919.99,2.3254,BID
1445993709,1919.99,0.0323,BID
1445993711,1919.99,0.5,ASK
1445993712,1919.99,0.65,ASK
1445993713,1919.99,0.65,ASK
1445993714,1919.99,0.65,ASK
1445993715,1919.99,0.7042,ASK
1445993715,1919.69,0.1,BID
1445993724,1919.6,0.03,ASK
1445993725,1919.31,0.0542,BID
1445993729,1919.08,0.0107,ASK
1445993729,1919.07,0.2146,ASK
1445993729,1919.05,0.0317,ASK
1445993729,1919.04,0.5,ASK
1445993729,1919.01,0.1549,ASK
1445993729,1919.0,20.4692,ASK
1445993730,1919.0,0.6593,ASK
1445993759,1919.91,0.0542,BID
1445993759,1919.92,0.1,BID
1445993759,1919.93,0.1927,BID
1445993759,1919.97,0.5,BID
1445993759,1919.98,0.65,BID
1445993759,1919.98,0.65,BID
1445993765,1919.99,0.1973,BID
1445993765,1920.0,0.5567,BID
1445993766,1920.0,0.5208,BID
1445993771,1919.99,0.2146,BID
1445993771,1920.0,1.3328,BID
1445993772,1920.0,0.2146,BID
1445993772,1920.0,4.0157,BID
1445993772,1920.0,0.0329,BID
1445993772,1920.0,0.7063,BID
1445993772,1920.0,0.0235,BID
1445993772,1920.0,1.0,BID
1445993772,1920.0,15.5883,BID
1445993773,1920.0,0.5208,BID
1445993774,1920.0,0.5208,BID
1445993775,1920.0,0.0014,BID
1445993776,1920.0,0.5208,BID
1445993776,1920.0,0.0033,BID
1445993777,1919.99,0.3313,ASK
1445993777,1919.99,0.0261,ASK
1445993777,1919.98,12.4305,ASK
1445993777,1920.0,0.0014,BID
1445993777,1920.0,0.5208,BID
1445993778,1919.99,0.031,ASK
1445993778,1919.98,0.3003,ASK
1445993779,1920.0,0.0014,BID
1445993779,1919.98,0.3574,ASK
1445993780,1920.0,2.58,BID
1445993780,1920.0,1.18,BID
1445993780,1920.0,14.2403,BID
1445993780,1920.0,1.0,BID
1445993780,1920.0,1.4369,BID
1445993780,1920.0,0.5787,BID
1445993780,1920.0,6.648,BID
1445993780,1920.0,0.1073,BID
1445993780,1920.0,5.1405,BID
1445993780,1920.0,0.0512,BID
1445993780,1920.0,0.2,BID
1445993780,1920.0,1.0,BID
1445993780,1920.0,7.06,BID
1445993780,1920.0,1.8872,BID
1445993780,1920.0,6.6055,BID
1445993780,1920.0,10.0,BID
1445993780,1920.0,2.8642,BID
1445993781,1920.0,0.0014,BID
1445993781,1920.0,0.5208,BID
1445993782,1920.0,0.3,BID
1445993782,1920.0,0.2116,BID
1445993782,1920.0,0.3092,BID
1445993783,1920.0,0.0014,BID
1445993783,1919.99,0.01,ASK
1445993783,1920.0,0.5208,BID
1445993783,1920.0,0.01,BID
1445993784,1920.0,0.5208,BID
1445993785,1919.99,0.008,ASK
1445993787,1920.0,0.0014,BID
1445993789,1920.0,0.0014,BID
1445993792,1920.0,0.0014,BID
1445993792,1920.0,1.18,BID
1445993794,1920.0,0.0014,BID
1445993797,1920.0,27.7692,BID
1445993797,1920.0,7.5226,BID
1445993797,1920.0,0.0014,BID
1445993799,1920.0,0.0014,BID
1445993799,1920.0,2.0,BID
1445993799,1919.99,0.01,ASK
1445993800,1920.0,0.01,BID
1445993801,1919.99,0.0089,ASK
1445993804,1920.0,0.0014,BID
1445993805,1920.0,1.8312,BID
1445993805,1920.0,3.3559,BID
1445993805,1920.0,1.2241,BID
1445993805,1920.0,0.7759,BID
1445993808,1920.0,0.0014,BID
1445993810,1920.0,0.0014,BID
1445993812,1920.0,0.0014,BID
1445993815,1919.99,0.01,ASK
1445993815,1920.0,0.0014,BID
1445993815,1920.0,0.01,BID
1445993815,1919.99,2.7131,ASK
1445993815,1919.99,0.2894,ASK
1445993816,1919.99,0.3988,ASK
1445993816,1919.99,0.2512,ASK
1445993817,1919.99,0.3488,ASK
1445993817,1919.99,0.3012,ASK
1445993818,1919.99,0.65,ASK
1445993819,1919.99,0.65,ASK
1445993820,1919.99,0.65,ASK
1445993821,1920.0,0.0014,BID
1445993821,1919.99,0.9488,ASK
1445993821,1919.98,13.4172,ASK
1445993821,1919.98,0.3477,ASK
1445993823,1919.98,0.0014,BID
1445993827,1919.7,0.0089,ASK
1445993827,1919.7,0.0911,ASK
1445993829,1919.6,0.0014,BID
1445993831,1919.04,0.01,ASK
1445993831,1919.6,0.01,BID
1445993831,1919.6,0.0014,BID
1445993833,1919.6,0.0014,BID
1445993835,1919.6,0.5601,BID
1445993835,1919.97,0.01,BID
1445993835,1919.98,0.3009,BID
1445993835,1919.98,0.227,BID
1445993836,1920.79,0.0014,BID
1445993837,1919.59,0.1,BID
1445993837,1920.79,0.572,BID
1445993838,1920.79,1.374,BID
1445993838,1920.79,0.0014,BID
1445993839,1920.79,5.151,BID
1445993840,1920.79,0.8011,BID
1445993840,1920.9,0.001,BID
1445993840,1920.98,0.1,BID
1445993840,1921.02,0.0014,BID
1445993842,1921.0,0.0089,ASK
1445993842,1921.02,0.0086,BID
1445993842,1921.98,0.1,BID
1445993844,1922.0,4.5289,ASK
1445993845,1922.16,0.0014,BID
1445993846,1922.0,4.3178,ASK
1445993846,1922.01,0.6,ASK
1445993846,1922.0,8.2166,ASK
1445993846,1921.01,0.2264,ASK
1445993846,1921.01,0.0263,ASK
1445993846,1921.01,0.026,ASK
1445993846,1921.0,0.979,ASK
1445993846,1921.0,7.005,ASK
1445993846,1921.0,0.462,ASK
1445993847,1920.7,0.0014,BID
1445993848,1920.7,0.1,BID
1445993849,1920.7,0.01,BID
1445993850,1921.99,0.0014,BID
1445993854,1919.61,0.0264,ASK
1445993854,1919.61,0.0542,ASK
1445993854,1919.61,0.9779,ASK
1445993854,1919.6,0.5288,ASK
1445993855,1919.3,2.13,BID
1445993855,1919.3,1.5474,BID
1445993857,1921.98,0.0014,BID
1445993857,1919.65,10.772,BID
1445993860,1921.97,0.0014,BID
1445993864,1919.67,0.01,ASK
1445993864,1921.95,0.0014,BID
1445993864,1921.95,0.01,BID
1445993875,1919.98,0.1,ASK
1445993875,1919.7,0.52,ASK
1445993875,1919.68,1.96,ASK
1445993878,1919.71,0.5,ASK
1445993878,1919.69,0.1317,ASK
1445993878,1919.69,0.0449,ASK
1445993878,1919.68,4.5105,ASK
1445993887,1920.01,0.227,ASK
1445993891,1919.0,0.001,ASK
1445993895,1919.0,0.008,ASK
1445993898,1919.66,0.0014,BID
1445993898,1919.66,0.0986,BID
1445993898,1919.66,0.0414,BID
1445993898,1919.7,0.343,BID
1445993898,1919.97,0.227,ASK
1445993900,1919.99,0.0014,BID
1445993901,1919.96,0.528,ASK
1445993902,1919.98,0.0014,BID
1445993904,1919.98,0.3561,BID
1445993904,1919.99,0.4809,BID
1445993905,1919.99,0.0014,BID
1445993905,1919.99,0.3575,BID
1445993907,1919.99,0.089,BID
1445993908,1919.99,6.2198,BID
1445993908,1921.85,0.0014,BID
1445993912,1921.83,0.0014,BID
1445993912,1920.31,0.52,ASK
1445993914,1920.0,0.6,BID
1445993914,1919.69,0.0089,ASK
1445993916,1919.99,4.162,ASK
1445993918,1920.0,3.259,BID
1445993918,1921.81,0.52,BID
1445993918,1921.82,0.9779,BID
1445993918,1921.83,0.5972,BID
1445993918,1921.83,5.1459,BID
1445993919,1919.99,0.0089,BID
1445993922,1920.31,0.0453,ASK
1445993922,1919.68,0.1075,BID
1445993923,1919.68,2.688,BID
1445993924,1919.05,31.0,BID
1445993924,1919.05,2.279,BID
1445993928,1919.68,3.161,BID
1445993943,1921.76,0.0453,BID
1445993943,1921.77,0.5,BID
1445993943,1921.77,0.006,BID
1445993943,1921.78,0.6,BID
1445993943,1921.79,1.4287,BID
1445993943,1921.79,3.5733,BID
1445993943,1921.99,0.6486,BID
1445993943,1922.0,0.01,BID
1445993943,1922.0,1.0,BID
1445993943,1922.0,0.5846,BID
1445993949,1921.77,2.6932,BID
1445993955,1922.16,0.0014,BID
1445993955,1921.78,0.0443,ASK
1445993957,1921.77,0.0014,BID
1445993959,1921.77,0.0014,BID
1445993961,1921.77,0.0014,BID
1445993965,1921.52,0.001,ASK
1445993971,1921.77,0.0014,BID
1445993973,1921.77,0.0014,BID
1445993976,1920.2,0.0089,ASK
1445993978,1921.77,0.0014,BID
1445993980,1921.77,0.0014,BID
1445993982,1920.96,0.0014,BID
1445993983,1920.96,1.9586,BID
1445993983,1921.77,5.5869,BID
1445993985,1922.16,0.0014,BID
1445993986,1921.77,0.024,ASK
1445993987,1921.77,3.0286,ASK
1445993987,1922.16,0.0014,BID
1445993989,1921.78,0.0542,ASK
1445993989,1921.78,0.5,ASK
1445993989,1921.77,2.8277,ASK
1445993990,1922.16,0.0014,BID
1445993991,1921.79,0.1,ASK
1445993991,1921.77,1.4529,ASK
1445993993,1921.78,0.1325,ASK
1445993993,1921.78,0.0308,ASK
1445993993,1921.78,0.025,ASK
1445993993,1921.77,1.3587,ASK
1445993994,1921.77,7.1861,ASK
1445993996,1920.29,0.0089,ASK
1445993998,1922.0,0.0014,BID
1445994000,1921.99,0.0014,BID
1445994003,1921.99,0.0014,BID
1445994005,1920.3,0.014,ASK
1445994005,1920.29,0.5911,ASK
1445994005,1920.29,10.3198,ASK
1445994005,1920.28,0.3164,ASK
1445994005,1921.99,0.0014,BID
1445994008,1921.98,0.0014,BID
1445994008,1921.98,0.0514,BID
1445994008,1921.99,0.0972,BID
1445994008,1921.99,1.5514,BID
1445994011,1921.98,0.0014,BID
1445994014,1920.3,0.008,ASK
1445994017,1921.97,0.0014,BID
1445994019,1920.3,0.0724,ASK
1445994019,1920.29,1.5527,ASK
1445994019,1920.29,0.0857,ASK
1445994019,1920.28,0.8692,ASK
1445994019,1921.96,0.0014,BID
1445994020,1920.28,0.8454,ASK
1445994020,1920.28,0.026,ASK
1445994020,1920.27,0.52,ASK
1445994020,1920.14,23.9625,ASK
1445994020,1920.1,1.6051,ASK
1445994020,1920.0,0.506,ASK
1445994020,1920.0,0.0542,BID
1445994020,1919.6,1.18,ASK
1445994022,1919.6,2.0,ASK
1445994024,1919.79,0.0014,ASK
1445994024,1919.61,0.0419,ASK
1445994024,1919.6,1.1068,ASK
1445994024,1919.02,0.0299,ASK
1445994024,1919.99,0.1,BID
1445994026,1919.99,0.0014,BID
1445994033,1919.03,0.025,ASK
1445994033,1919.02,0.5,ASK
1445994033,1919.02,0.149,ASK
1445994033,1919.01,0.506,ASK
1445994035,1919.97,0.0299,BID
1445994035,1919.98,0.5972,BID
1445994035,1919.98,0.0198,BID
1445994035,1919.99,0.0993,BID
1445994035,1920.0,72.4808,BID
1445994035,1920.0,0.2944,ASK
1445994036,1920.0,0.1,ASK
1445994036,1920.0,2.025,ASK
1445994036,1921.95,0.0014,BID
1445994038,1920.05,0.827,ASK
1445994038,1920.0,1.173,ASK
1445994038,1921.95,0.0014,BID
1445994040,1920.01,0.0089,ASK
1445994040,1920.01,0.1885,ASK
1445994040,1920.01,0.6,ASK
1445994040,1920.0,1.2115,ASK
1445994043,1920.0,0.8,ASK
1445994043,1921.95,0.0014,BID
1445994045,1921.94,0.0014,BID
1445994048,1921.89,0.0014,BID
1445994050,1921.89,0.0014,BID
1445994053,1921.88,0.0014,BID
1445994055,1921.87,0.0014,BID
1445994056,1920.03,0.008,ASK
1445994058,1921.87,0.0014,BID
1445994061,1921.83,0.0014,BID
1445994063,1921.83,0.0014,BID
1445994066,1921.82,0.0014,BID
1445994069,1921.82,0.0014,BID
1445994072,1921.81,0.0014,BID
1445994074,1920.06,0.0089,ASK
1445994075,1920.06,0.0911,ASK
1445994075,1920.05,0.0892,ASK
1445994075,1920.04,0.3257,ASK
1445994078,1921.8,0.0014,BID
1445994078,1921.8,0.0086,BID
1445994078,1921.81,0.0458,BID
1445994078,1921.81,0.541,BID
1445994078,1921.82,0.4986,BID
1445994078,1921.82,0.4529,BID
1445994079,1921.8,0.6,BID
1445994079,1921.82,9.8682,BID
1445994079,1921.82,0.041,BID
1445994079,1921.83,0.8202,BID
1445994079,1921.99,0.1835,BID
1445994079,1922.0,0.0866,BID
1445994079,1922.0,3.5837,BID
1445994080,1922.1,0.0592,ASK
1445994080,1922.1,0.03,ASK
1445994080,1922.16,0.0014,BID
1445994082,1922.16,0.0014,BID
1445994082,1922.16,1.18,BID
1445994083,1922.16,0.5202,BID
1445994084,1922.16,0.5202,BID
1445994084,1922.16,0.0014,BID
1445994084,1922.16,0.7684,BID
1445994084,1922.52,0.3353,BID
1445994084,1922.92,0.015,BID
1445994084,1922.98,0.0613,BID
1445994085,1920.07,15.853,BID
1445994088,1922.4,0.1,BID
1445994091,1922.98,0.0014,BID
1445994092,1922.98,0.0373,BID
1445994092,1923.87,0.01,BID
1445994092,1923.98,0.1,BID
1445994092,1924.0,0.1,BID
1445994092,1924.96,0.3331,BID
1445994092,1924.98,0.1,BID
1445994092,1924.98,0.4996,BID
1445994093,1924.98,0.0014,BID
1445994095,1922.47,0.008,ASK
1445994103,1924.95,0.1028,BID
1445994104,1924.95,0.6208,ASK
1445994104,1924.36,0.0014,BID
1445994107,1924.98,0.0014,BID
1445994110,1924.65,0.0014,BID
1445994110,1922.48,0.9776,ASK
1445994110,1922.47,0.0414,ASK
1445994110,1922.43,0.0112,ASK
1445994110,1922.42,0.5167,ASK
1445994112,1924.64,0.0014,BID
1445994114,1924.96,0.0014,BID
1445994124,1924.05,0.0014,BID
1445994125,1924.97,7.0,BID
1445994125,1924.97,2.0,BID
1445994125,1924.97,10.285,BID
1445994133,1923.02,0.0089,ASK
1445994135,1924.97,0.0014,BID
1445994136,1923.03,0.025,ASK
1445994136,1923.02,0.4911,ASK
1445994136,1923.02,0.0236,ASK
1445994137,1924.97,0.0014,BID
1445994143,1923.44,0.0014,ASK
1445994146,1923.14,0.0014,BID
1445994148,1924.92,0.0014,BID
1445994150,1924.92,0.0014,BID
1445994158,1924.15,0.0014,BID
1445994160,1923.12,0.0089,ASK
1445994162,1924.14,0.0014,BID
1445994163,1924.12,0.0014,BID
1445994166,1924.11,0.0014,BID
1445994169,1924.11,0.0014,BID
1445994171,1924.11,0.0014,BID
1445994173,1924.11,0.0014,BID
1445994178,1923.16,0.0089,ASK
1445994180,1924.11,0.0014,BID
1445994181,1923.16,0.0136,ASK
1445994181,1923.16,0.0125,ASK
1445994181,1923.15,0.5263,ASK
1445994182,1924.11,0.0014,BID
1445994187,1924.11,0.0014,BID
1445994194,1924.11,0.0014,BID
1445994196,1924.08,0.0014,BID
1445994199,1924.08,0.0014,BID
1445994200,1924.07,0.0052,BID
1445994200,1924.08,0.5162,BID
1445994200,1924.83,0.4944,BID
1445994200,1924.84,0.5139,BID
1445994200,1924.85,0.0121,BID
1445994200,1924.98,0.5956,BID
1445994200,1924.98,0.4426,BID
1445994201,1923.51,0.008,ASK
1445994201,1924.97,0.5291,BID
1445994201,1924.98,1.4709,BID
1445994203,1924.98,0.0014,BID
1445994207,1924.98,0.0014,BID
1445994209,1924.98,0.0014,BID
1445994215,1924.97,1.0666,BID
1445994215,1924.97,0.021,BID
1445994215,1924.98,0.3983,BID
1445994215,1924.98,0.5141,BID
1445994217,1924.98,0.1579,BID
1445994217,1924.98,1.374,BID
1445994217,1924.98,0.0129,BID
1445994219,1924.98,2.0,BID
1445994220,1924.98,3.1381,BID
1445994220,1924.98,1.89,BID
1445994220,1924.98,1.5806,BID
1445994224,1924.98,0.0014,BID
1445994226,1924.98,0.001,BID
1445994230,1924.98,0.0014,BID
1445994232,1924.98,0.0014,BID
1445994234,1924.98,4.1499,BID
1445994241,1924.84,0.0089,ASK
1445994241,1924.98,1.2693,BID
1445994241,1924.98,0.462,BID
1445994241,1924.98,2.8096,BID
1445994242,1924.98,0.5195,BID
1445994243,1924.98,0.0014,BID
1445994243,1924.98,0.5195,BID
1445994245,1924.98,0.5195,BID
1445994246,1924.98,0.0014,BID
1445994247,1924.98,0.0086,BID
1445994247,1925.0,0.2,BID
1445994247,1925.0,4.014,BID
1445994251,1925.0,0.0014,BID
1445994254,1925.0,0.0014,BID
1445994255,1925.0,4.5381,BID
1445994256,1925.0,0.5195,BID
1445994256,1925.0,0.0014,BID
1445994257,1925.0,0.5195,BID
1445994259,1925.0,0.0014,BID
1445994259,1925.0,0.5195,BID
1445994260,1925.0,0.915,BID
1445994261,1925.0,0.054,BID
1445994261,1924.99,0.008,ASK
1445994262,1925.0,4.5902,BID
1445994263,1925.0,0.0014,BID
1445994266,1925.0,5.7133,BID
1445994266,1925.0,1.6099,BID
1445994266,1925.0,1.0,BID
1445994266,1925.0,0.5633,BID
1445994270,1925.0,1.7301,BID
1445994270,1925.0,2.7151,BID
1445994270,1925.0,0.0014,BID
1445994272,1925.0,3.9302,BID
1445994272,1925.0,1.0,BID
1445994273,1925.15,0.015,BID
1445994273,1925.28,0.01,BID
1445994273,1925.54,0.001,BID
1445994273,1925.9,0.01,BID
1445994273,1925.98,0.1,BID
1445994273,1926.0,0.1852,BID
1445994276,1926.0,0.0563,BID
1445994276,1926.01,0.1757,BID
1445994276,1926.01,4.4875,BID
1445994277,1925.01,0.0542,ASK
1445994277,1925.01,0.0134,ASK
1445994277,1925.0,0.2428,ASK
1445994277,1925.0,0.0251,ASK
1445994277,1924.99,0.5029,ASK
1445994277,1924.85,0.1,ASK
1445994277,1924.83,4.2733,ASK
1445994277,1923.66,2.0,ASK
1445994277,1923.66,0.6,ASK
1445994277,1923.66,10.3119,ASK
1445994277,1923.66,0.0012,ASK
1445994277,1923.65,0.5,ASK
1445994277,1923.5,4.6166,ASK
1445994277,1923.21,0.237,ASK
1445994277,1922.95,3.9793,ASK
1445994277,1922.49,0.002,BID
1445994277,1922.49,0.0107,BID
1445994279,1922.49,0.5296,BID
1445994281,1926.0,0.0014,BID
1445994282,1925.99,0.0014,BID
1445994284,1926.0,0.0014,BID
1445994286,1925.99,0.0014,BID
1445994286,1925.99,0.0986,BID
1445994286,1925.99,0.0528,BID
1445994286,1926.0,0.0168,BID
1445994286,1926.0,0.0134,BID
1445994286,1926.01,0.8078,BID
1445994286,1926.31,0.003,BID
1445994286,1926.97,0.6,BID
1445994286,1926.98,0.1,BID
1445994289,1926.98,0.5,ASK
1445994289,1926.99,3.0994,BID
1445994290,1926.98,0.65,ASK
1445994290,1926.98,0.0089,ASK
1445994291,1926.98,0.65,ASK
1445994292,1926.98,0.65,ASK
1445994292,1927.0,0.0014,BID
1445994294,1926.99,0.6,ASK
1445994294,1926.98,0.05,ASK
1445994295,1926.98,0.237,ASK
1445994295,1926.98,0.65,ASK
1445994310,1926.98,0.002,ASK
1445994314,1926.99,0.1,BID
1445994314,1926.99,0.6,BID
1445994314,1927.0,5.984,BID
1445994315,1927.0,0.5189,BID
1445994315,1926.98,2.58,ASK
1445994316,1926.98,0.65,ASK
1445994317,1926.98,0.65,ASK
1445994318,1926.98,0.65,ASK
1445994318,1927.0,3.9526,BID
1445994320,1926.98,0.65,ASK
1445994321,1926.99,0.5,ASK
1445994321,1926.98,0.15,ASK
1445994322,1926.98,0.65,ASK
1445994323,1926.98,0.65,ASK
1445994324,1926.98,0.65,ASK
1445994325,1926.98,0.65,ASK
1445994326,1926.98,0.65,ASK
1445994326,1926.99,0.001,BID
1445994327,1926.98,0.65,ASK
1445994328,1926.98,0.65,ASK
1445994329,1926.98,0.65,ASK
1445994330,1926.98,0.65,ASK
1445994331,1926.98,0.65,ASK
1445994333,1926.98,0.1797,ASK
1445994337,1926.97,0.242,BID
1445994346,1926.97,0.2283,BID
1445994346,1926.97,0.65,BID
1445994346,1926.98,0.1586,BID
1445994354,1926.96,0.0118,BID
1445994368,1925.2,0.0119,ASK
1445994368,1925.2,1.9981,ASK
1445994374,1926.96,0.0014,BID
1445994380,1926.96,0.0014,BID
1445994381,1926.95,7.0,BID
1445994381,1926.95,10.724,BID
1445994382,1926.96,0.0014,BID
1445994385,1926.96,0.0014,BID
1445994386,1926.96,0.4826,BID
1445994389,1926.97,1.9981,BID
1445994390,1926.98,2.4328,ASK
1445994390,1926.96,1.1262,ASK
1445994390,1926.71,1.614,ASK
1445994390,1926.98,0.5189,ASK
1445994390,1926.71,1.4811,ASK
1445994390,1926.71,0.5024,ASK
1445994396,1926.95,0.0014,BID
1445994399,1925.32,0.008,ASK
1445994401,1926.95,0.0014,BID
1445994404,1926.95,0.0014,BID
1445994404,1926.95,0.6458,BID
1445994406,1926.98,0.0014,BID
1445994406,1926.97,1.18,ASK
1445994407,1926.97,0.65,ASK
1445994407,1926.97,2.0,ASK
1445994408,1926.99,0.0014,BID
1445994408,1926.97,0.65,ASK
1445994408,1926.97,1.18,ASK
1445994409,1926.97,0.65,ASK
1445994409,1926.99,0.0014,BID
1445994410,1926.98,0.6,ASK
1445994410,1926.97,0.05,ASK
1445994411,1926.97,2.0,ASK
1445994411,1926.97,0.65,ASK
1445994411,1926.99,0.0014,BID
1445994414,1926.97,1.18,ASK
1445994414,1926.97,0.0089,ASK
1445994415,1926.97,0.65,ASK
1445994416,1926.99,0.0948,BID
1445994416,1927.0,0.8452,BID
1445994416,1927.0,0.0014,BID
1445994416,1926.97,0.65,ASK
1445994417,1927.0,0.0948,BID
1445994418,1927.0,0.0014,BID
1445994420,1926.99,0.0014,BID
1445994420,1926.98,0.0248,ASK
1445994420,1926.98,0.1313,ASK
1445994420,1926.98,0.0332,ASK
1445994420,1926.97,0.0934,ASK
1445994421,1926.97,0.1561,ASK
1445994422,1926.99,0.0014,BID
1445994423,1926.97,4.4199,ASK
1445994424,1926.99,0.0014,BID
1445994424,1926.97,0.65,ASK
1445994425,1926.97,0.65,ASK
1445994426,1926.99,0.0014,BID
1445994427,1926.97,0.65,ASK
1445994428,1926.97,0.65,ASK
1445994429,1926.97,0.008,ASK
1445994430,1926.97,0.5779,ASK
1445994431,1926.96,0.0014,BID
1445994433,1926.96,0.0014,BID
1445994435,1926.96,0.0014,BID
1445994437,1926.96,0.0679,BID
1445994437,1926.96,0.65,BID
1445994437,1927.0,1.5369,BID
1445994437,1927.0,0.4022,BID
1445994438,1927.0,0.0014,BID
1445994439,1926.98,2.388,BID
1445994441,1926.98,1.254,BID
1445994442,1926.98,2.7725,BID
1445994443,1926.98,0.638,BID
1445994443,1926.99,0.5888,BID
1445994443,1927.0,7.4052,BID
1445994445,1927.0,0.1483,BID
1445994445,1927.0,0.0014,BID
1445994445,1927.0,10.373,BID
1445994446,1927.0,0.5189,BID
1445994447,1927.0,0.5189,BID
1445994448,1927.0,3.268,BID
1445994448,1927.0,0.5189,BID
1445994449,1927.0,0.0014,BID
1445994450,1927.0,0.5189,BID
1445994451,1927.0,0.5189,BID
1445994452,1927.0,3.588,BID
1445994452,1927.0,0.5189,BID
1445994452,1926.97,0.0089,ASK
1445994453,1927.0,0.5189,BID
1445994454,1927.0,0.0014,BID
1445994454,1927.0,0.5189,BID
1445994455,1926.97,0.1209,ASK
1445994455,1926.97,0.1734,ASK
1445994455,1926.97,0.114,ASK
1445994455,1926.97,0.8356,BID
1445994455,1927.0,19.1644,BID
1445994455,1927.0,0.5189,BID
1445994456,1926.97,0.0751,ASK
1445994456,1926.96,0.3332,ASK
1445994457,1926.99,0.0014,BID
1445994457,1926.99,0.1195,BID
1445994457,1927.0,12.4215,BID
1445994457,1926.97,0.3,ASK
1445994457,1926.96,0.1083,ASK
1445994459,1926.99,0.1209,BID
1445994460,1926.99,0.0014,BID
1445994460,1926.99,0.1209,BID
1445994462,1926.99,0.0053,BID
1445994462,1926.99,0.3,BID
1445994462,1927.0,19.6947,BID
1445994462,1927.0,0.0014,BID
1445994463,1927.0,0.4276,BID
1445994464,1927.0,0.0014,BID
1445994465,1927.0,1.441,BID
1445994466,1927.0,0.5189,BID
1445994467,1927.0,0.0014,BID
1445994467,1927.0,0.5189,BID
1445994468,1927.0,0.5189,BID
1445994469,1927.0,0.0014,BID
1445994469,1927.0,0.5189,BID
1445994471,1927.0,0.5189,BID
1445994471,1926.98,0.0089,ASK
1445994472,1927.0,0.5189,BID
1445994473,1927.0,0.5189,BID
1445994473,1927.0,0.0014,BID
1445994475,1927.0,0.5189,BID
1445994476,1927.0,0.5189,BID
1445994477,1926.98,0.053,ASK
1445994477,1926.97,0.5,ASK
1445994477,1926.97,0.6,ASK
1445994477,1926.97,0.5183,ASK
1445994477,1926.97,0.0152,ASK
1445994477,1926.96,2.4321,ASK
1445994477,1927.0,0.0014,BID
1445994477,1927.0,0.5189,BID
1445994480,1926.97,0.0014,BID
1445994485,1926.97,0.0014,BID
1445994487,1926.97,0.0014,BID
1445994489,1926.97,0.0014,BID
1445994492,1926.96,0.0089,ASK
1445994494,1926.97,0.0014,BID
1445994495,1926.97,0.0014,BID
1445994498,1926.97,0.0014,BID
1445994499,1926.97,0.0432,BID
1445994499,1926.99,0.5,BID
1445994499,1926.99,0.6,BID
1445994499,1926.99,0.1,BID
1445994499,1927.0,16.369,BID
1445994499,1927.0,7.2962,BID
1445994499,1927.0,46.1795,BID
1445994499,1927.33,0.01,BID
1445994499,1927.33,0.01,BID
1445994499,1927.33,0.01,BID
1445994499,1927.85,0.007,BID
1445994499,1927.98,0.1,BID
1445994499,1928.0,0.1,BID
1445994499,1928.0,0.161,BID
1445994499,1928.18,0.0014,BID
1445994500,1928.0,0.01,ASK
1445994501,1928.18,0.0014,BID
1445994504,1928.18,0.0014,BID
1445994510,1928.0,0.008,ASK
1445994512,1928.18,0.0014,BID
1445994512,1928.18,4.2445,BID
1445994512,1928.3,0.01,BID
1445994512,1928.33,0.01,BID
1445994512,1928.33,0.01,BID
1445994512,1928.33,0.01,BID
1445994512,1928.5,0.01,BID
1445994512,1928.88,0.8306,BID
1445994512,1928.98,0.1,BID
1445994512,1929.0,0.06,BID
1445994512,1929.16,5.2,BID
1445994512,1929.3,0.01,BID
1445994512,1929.32,2.0,BID
1445994512,1929.33,0.01,BID
1445994512,1929.33,0.01,BID
1445994512,1929.33,0.01,BID
1445994512,1929.62,0.005,BID
1445994512,1929.97,2.3113,BID
1445994512,1929.98,0.1,BID
1445994512,1930.0,1.6149,BID
1445994523,1928.49,0.001,BID
1445994523,1929.5,0.01,BID
1445994523,1930.0,0.4083,BID
1445994523,1930.0,0.0014,BID
1445994524,1930.0,0.0014,BID
1445994526,1930.0,0.0014,BID
1445994528,1930.0,0.0014,BID
1445994531,1930.0,0.0014,BID
1445994532,1929.67,0.01,ASK
1445994536,1928.67,0.0089,ASK
1445994538,1930.0,0.0014,BID
1445994541,1930.0,0.0014,BID
1445994541,1930.0,0.1044,BID
1445994543,1930.0,11.7926,BID
1445994543,1930.0,0.01,BID
1445994543,1930.0,0.01,BID
1445994543,1930.0,1.5421,BID
1445994545,1930.0,0.279,BID
1445994545,1929.67,0.01,ASK
1445994545,1928.69,0.0541,ASK
1445994545,1928.69,0.0368,ASK
1445994545,1928.69,0.1354,ASK
1445994545,1928.69,0.0792,ASK
1445994546,1930.0,0.0014,BID
1445994548,1929.98,0.0014,BID
1445994550,1929.99,0.0014,BID
1445994552,1929.99,0.0014,BID
1445994554,1928.71,0.008,ASK
1445994560,1929.98,0.0527,BID
1445994560,1929.99,0.1326,BID
1445994560,1929.99,0.0368,BID
1445994560,1929.99,0.1,BID
1445994560,1930.0,1.9506,BID
1445994560,1930.0,4.0,BID
1445994560,1930.0,2.0,BID
1445994560,1930.0,5.0,BID
1445994560,1930.0,6.9721,BID
1445994560,1930.0,3.2504,BID
1445994560,1930.0,0.2,BID
1445994560,1930.0,2.0,BID
1445994560,1930.0,3.0,BID
1445994560,1930.0,3.5711,BID
1445994560,1930.0,1.4369,BID
1445994560,1930.0,0.493,BID
1445994561,1929.67,3.0,BID
1445994561,1929.67,8.0,BID
1445994561,1929.67,8.788,BID
1445994562,1930.0,0.0014,BID
1445994566,1929.99,0.0014,BID
1445994568,1929.67,0.1,ASK
1445994568,1929.66,0.01,ASK
1445994569,1929.36,0.0014,BID
1445994574,1928.75,0.0541,ASK
1445994574,1928.74,0.5,ASK
1445994574,1928.67,0.0011,ASK
1445994574,1928.67,0.01,ASK
1445994574,1928.66,0.01,ASK
1445994574,1928.25,0.1484,ASK
1445994575,1929.99,0.01,ASK
1445994577,1929.99,0.11,ASK
1445994577,1929.99,3.282,ASK
1445994577,1929.99,0.0541,ASK
1445994578,1929.99,0.65,ASK
1445994579,1929.99,0.1,ASK
1445994579,1929.99,0.5,ASK
1445994579,1929.99,0.65,ASK
1445994579,1929.99,1.4334,ASK
1445994580,1929.99,0.65,ASK
1445994581,1929.99,1.8875,ASK
1445994584,1929.98,0.65,BID
1445994584,1929.98,0.65,BID
1445994584,1930.0,4.5056,BID
1445994584,1930.0,2.1734,BID
1445994584,1930.0,0.05,BID
1445994584,1930.0,1.7527,BID
1445994584,1930.0,1.0,BID
1445994584,1930.0,0.15,BID
1445994584,1930.0,2.0,BID
1445994584,1930.0,1.13,BID
1445994584,1930.0,16.68,BID
1445994584,1930.0,3.0,BID
1445994584,1930.2,2.63,BID
1445994584,1930.33,0.01,BID
1445994584,1930.33,0.01,BID
1445994584,1930.33,0.01,BID
1445994584,1930.33,0.01,BID
1445994584,1930.5,0.01,BID
1445994584,1930.64,0.64,BID
1445994584,1930.9,0.01,BID
1445994584,1930.93,0.015,BID
1445994584,1930.98,0.1,BID
1445994584,1931.0,0.2332,ASK
1445994585,1931.32,14.0,BID
1445994585,1931.32,22.487,BID
1445994587,1931.0,0.3,ASK
1445994588,1931.0,4.0881,ASK
1445994589,1931.0,19.4654,ASK
1445994589,1931.0,0.5,ASK
1445994590,1931.01,0.1,ASK
1445994590,1931.0,0.2,ASK
1445994590,1931.01,0.01,ASK
1445994591,1931.01,0.49,ASK
1445994591,1931.0,0.8647,ASK
1445994592,1931.0,0.5,ASK
1445994592,1931.0,0.3,ASK
1445994593,1931.0,1.3547,ASK
1445994593,1931.0,4.2009,ASK
1445994594,1931.0,0.3,ASK
