timestamp,price,amount,side
1445298423,1734.98,0.0321,BID
1445298423,1734.99,0.0379,BID
1445298423,1736.31,0.539,BID
1445298429,1734.66,1.0,ASK
1445298429,1734.66,0.213,ASK
1445298429,1734.49,0.2598,ASK
1445298435,1736.29,0.5,BID
1445298435,1736.3,0.6,BID
1445298435,1736.3,0.051,BID
1445298477,1734.65,0.0634,ASK
1445298477,1734.65,0.0317,ASK
1445298477,1734.64,8.6579,ASK
1445298477,1734.64,0.5,ASK
1445298477,1734.63,0.6,ASK
1445298477,1734.62,7.1214,ASK
1445298478,1736.24,12.0,ASK
1445298478,1736.24,20.0,ASK
1445298478,1736.24,4.896,ASK
1445298556,1734.71,0.303,ASK
1445298556,1734.71,0.297,ASK
1445298556,1734.7,0.006,BID
1445298581,1734.57,0.06,ASK
1445298581,1734.56,0.0299,ASK
1445298581,1734.56,0.0301,ASK
1445298581,1734.56,0.0418,ASK
1445298581,1734.55,0.1302,ASK
1445298582,1734.55,0.007,ASK
1445298586,1734.56,0.0321,ASK
1445298586,1734.55,0.3679,ASK
1445298586,1734.55,0.6,ASK
1445298588,1734.55,0.173,ASK
1445298589,1734.55,0.03,ASK
1445298594,1735.45,0.007,BID
1445298610,1735.34,0.0251,BID
1445298610,1735.34,0.01,BID
1445298610,1735.48,0.6,BID
1445298610,1735.49,0.025,BID
1445298610,1735.49,0.0161,BID
1445298610,1735.49,0.1558,BID
1445298610,1735.5,0.5,BID
1445298610,1735.5,4.0,BID
1445298610,1735.5,8.6579,BID
1445298610,1735.69,36.6741,BID
1445298611,1735.69,0.5,ASK
1445298612,1735.69,0.626,ASK
1445298612,1735.69,0.6749,ASK
1445298612,1734.57,47.0,BID
1445298612,1734.57,1.31,BID
1445298624,1735.35,0.0907,ASK
1445298624,1735.34,0.3093,ASK
1445298625,1735.34,0.688,ASK
1445298625,1735.34,0.454,ASK
1445298635,1735.34,0.05,ASK
1445298637,1735.35,0.0321,ASK
1445298637,1735.34,0.2799,ASK
1445298639,1735.34,0.033,ASK
1445298684,1734.62,0.0282,ASK
1445298685,1734.62,0.619,BID
1445298686,1734.62,0.5765,BID
1445298687,1734.62,0.764,BID
1445298687,1734.62,0.5765,BID
1445298687,1734.62,0.249,BID
1445298687,1734.62,0.249,BID
1445298688,1734.62,0.249,BID
1445298688,1734.62,1.18,BID
1445298688,1734.62,0.5765,BID
1445298689,1734.62,0.5765,BID
1445298691,1734.62,0.5765,BID
1445298691,1734.61,0.5,ASK
1445298692,1734.58,10.0,ASK
1445298692,1734.58,6.585,ASK
1445298692,1734.6,0.5765,BID
1445298693,1734.6,0.0485,BID
1445298693,1734.62,0.0685,BID
1445298694,1734.62,0.6058,BID
1445298694,1735.31,0.06,BID
1445298694,1735.33,0.2799,BID
1445298694,1735.33,0.033,BID
1445298694,1736.23,0.2013,BID
1445298695,1734.61,0.004,ASK
1445298711,1734.66,0.03,ASK
1445298711,1734.66,0.0286,ASK
1445298711,1734.66,0.0195,ASK
1445298711,1734.65,0.0319,ASK
1445298713,1734.67,0.007,ASK
1445298716,1735.65,0.0115,BID
1445298716,1735.66,0.1974,BID
1445298716,1736.08,0.1222,BID
1445298716,1736.09,0.217,BID
1445298735,1735.47,0.01,BID
1445298744,1734.71,0.0293,ASK
1445298744,1734.71,0.5,ASK
1445298744,1734.7,0.05,ASK
1445298744,1734.7,0.5362,ASK
1445298744,1734.69,0.0115,ASK
1445298744,1734.69,0.0929,ASK
1445298744,1734.68,2.065,ASK
1445298758,1734.69,0.6,ASK
1445298758,1734.68,6.3822,ASK
1445298780,1734.69,1.59,BID
1445298783,1734.88,1.2656,ASK
1445298800,1734.88,0.15,ASK
1445298834,1734.89,1.0,ASK
1445298844,1735.35,0.06,BID
1445298844,1735.39,0.0142,BID
1445298844,1735.4,0.2835,BID
1445298844,1735.47,0.0117,BID
1445298844,1735.48,0.2332,BID
1445298844,1735.56,0.0122,BID
1445298844,1735.57,2.273,BID
1445298860,1734.91,0.06,ASK
1445298860,1734.9,0.0122,ASK
1445298860,1734.9,0.0142,ASK
1445298860,1734.9,0.0036,ASK
1445298875,1734.9,0.0081,ASK
1445298875,1734.89,0.7419,ASK
1445298876,1734.9,0.18,ASK
1445298889,1734.9,0.01,ASK
1445298954,1735.4,0.06,BID
1445298954,1735.44,0.0321,ASK
1445298966,1735.44,0.02,ASK
1445298969,1735.44,0.01,ASK
1445298973,1735.44,0.44,ASK
1445298974,1735.44,0.65,ASK
1445298975,1735.44,0.65,ASK
1445298976,1735.44,0.65,ASK
1445298977,1735.44,0.65,ASK
1445298978,1735.44,0.65,ASK
1445298978,1735.44,0.75,ASK
1445298979,1735.56,0.0239,BID
1445298979,1735.56,0.1465,BID
1445298979,1735.56,0.65,ASK
1445298981,1735.57,0.1704,BID
1445298995,1735.56,0.1,ASK
1445298996,1735.56,0.65,ASK
1445298997,1735.56,0.65,ASK
1445298998,1735.56,0.65,ASK
1445298998,1735.57,4.5899,BID
1445298999,1735.57,0.65,ASK
1445299042,1735.59,0.05,ASK
1445299044,1735.59,0.01,ASK
1445299044,1735.59,0.001,ASK
1445299044,1735.57,0.327,ASK
1445299047,1735.57,0.265,ASK
1445299047,1735.57,0.265,ASK
1445299047,1735.57,0.265,ASK
1445299047,1735.57,0.265,ASK
1445299047,1735.57,0.265,ASK
1445299047,1735.57,0.265,ASK
1445299047,1735.57,0.265,ASK
1445299047,1735.57,0.265,ASK
1445299047,1735.57,0.342,ASK
1445299048,1735.57,0.265,ASK
1445299048,1735.57,0.265,ASK
1445299048,1735.57,0.65,ASK
1445299049,1735.57,0.65,ASK
1445299050,1735.57,0.65,ASK
1445299050,1735.57,0.06,ASK
1445299051,1735.57,0.01,ASK
1445299051,1735.57,0.65,ASK
1445299052,1735.57,0.01,ASK
1445299052,1735.57,0.65,ASK
1445299053,1735.57,1.551,ASK
1445299053,1735.57,0.01,ASK
1445299053,1735.57,0.65,ASK
1445299054,1735.57,0.468,ASK
1445299054,1735.57,0.65,ASK
1445299055,1735.57,0.01,ASK
1445299055,1735.57,0.65,ASK
1445299056,1735.57,0.65,ASK
1445299057,1735.57,0.65,ASK
1445299059,1735.57,0.65,ASK
1445299060,1735.57,0.5702,ASK
1445299064,1735.58,0.01,BID
1445299070,1735.59,0.011,BID
1445299081,1735.59,15.2855,ASK
1445299083,1735.58,0.01,ASK
1445299084,1735.58,0.15,ASK
1445299084,1735.58,0.01,ASK
1445299085,1735.59,0.032,BID
1445299085,1735.59,1.378,BID
1445299086,1735.59,0.5762,BID
1445299086,1735.58,0.01,ASK
1445299087,1735.59,0.121,BID
1445299087,1735.59,0.5762,BID
1445299088,1735.59,0.5762,BID
1445299088,1735.59,0.109,BID
1445299089,1735.59,0.3857,BID
1445299094,1735.61,0.01,ASK
1445299100,1735.82,0.01,BID
1445299103,1735.84,0.01,ASK
1445299112,1735.8,0.385,BID
1445299112,1735.81,0.0009,ASK
1445299113,1735.74,0.0109,BID
1445299113,1735.8,0.1492,BID
1445299113,1735.81,0.0159,ASK
1445299113,1735.81,0.0107,ASK
1445299115,1735.81,0.114,ASK
1445299115,1735.81,0.0843,ASK
1445299115,1735.81,0.0297,ASK
1445299115,1735.81,0.114,ASK
1445299115,1735.81,0.114,ASK
1445299115,1735.81,0.114,ASK
1445299116,1735.81,0.0133,ASK
1445299116,1735.61,0.0383,ASK
1445299116,1735.6,0.0624,ASK
1445299125,1735.61,0.023,ASK
1445299126,1735.61,0.0036,ASK
1445299126,1735.6,0.023,ASK
1445299130,1735.76,0.0197,BID
1445299130,1735.77,0.385,BID
1445299130,1735.8,0.1983,BID
1445299130,1735.91,0.06,BID
1445299130,1735.99,0.0276,BID
1445299130,1736.0,19.5292,BID
1445299130,1736.0,0.0176,ASK
1445299132,1736.39,1.0,BID
1445299132,1736.39,9.046,BID
1445299132,1736.01,0.01,ASK
1445299132,1736.01,0.0221,ASK
1445299132,1736.0,0.5779,ASK
1445299133,1736.0,0.479,ASK
1445299133,1736.0,0.36,ASK
1445299134,1736.0,0.031,ASK
1445299134,1736.0,0.055,ASK
1445299136,1736.01,0.126,ASK
1445299136,1736.01,0.1056,ASK
1445299136,1736.01,0.1967,ASK
1445299136,1736.0,0.2107,ASK
1445299136,1736.0,0.642,ASK
1445299136,1736.0,0.6,ASK
1445299136,1736.01,0.0229,ASK
1445299137,1736.0,0.642,ASK
1445299137,1736.0,0.08,ASK
1445299137,1736.0,0.01,ASK
1445299137,1736.0,0.428,ASK
1445299138,1736.0,0.051,ASK
1445299139,1736.0,0.051,ASK
1445299139,1736.0,0.65,ASK
1445299140,1736.0,0.265,ASK
1445299140,1736.0,0.304,ASK
1445299140,1736.0,0.049,ASK
1445299140,1736.0,0.65,ASK
1445299140,1736.0,0.265,ASK
1445299142,1736.0,0.01,ASK
1445299142,1736.0,3.0,ASK
1445299143,1736.0,0.01,ASK
1445299144,1736.0,0.053,ASK
1445299144,1736.0,1.78,ASK
1445299144,1736.0,3.0,ASK
1445299145,1736.0,0.01,ASK
1445299146,1736.34,2.0,ASK
1445299146,1736.34,1.672,ASK
1445299146,1736.0,0.01,ASK
1445299147,1736.0,5.268,ASK
1445299148,1736.0,0.01,ASK
1445299148,1736.0,0.03,ASK
1445299150,1736.0,0.01,ASK
1445299151,1736.0,0.112,ASK
1445299151,1736.0,0.406,ASK
1445299151,1736.0,0.1,ASK
1445299151,1736.0,0.406,ASK
1445299151,1736.0,0.406,ASK
1445299151,1736.0,0.406,ASK
1445299151,1736.0,0.01,ASK
1445299153,1736.0,0.1,ASK
1445299153,1736.0,0.406,ASK
1445299154,1736.01,0.06,ASK
1445299154,1736.0,1.453,ASK
1445299154,1736.0,0.4,ASK
1445299155,1736.0,5.4649,ASK
1445299155,1736.0,0.01,ASK
1445299155,1736.0,0.65,ASK
1445299155,1736.17,5.0,ASK
1445299155,1736.17,2.0,ASK
1445299155,1736.17,1.407,ASK
1445299155,1736.0,0.06,ASK
1445299157,1736.0,0.01,ASK
1445299157,1736.0,0.01,ASK
1445299168,1736.03,0.07,ASK
1445299174,1736.02,0.0321,BID
1445299177,1736.05,0.01,ASK
1445299178,1736.05,0.0221,ASK
1445299178,1736.04,0.0029,ASK
1445299179,1736.04,0.01,ASK
1445299192,1736.0,0.368,ASK
1445299193,1736.03,0.5,ASK
1445299193,1736.03,0.65,ASK
1445299194,1736.21,0.01,BID
1445299197,1736.22,0.01,ASK
1445299214,1736.45,0.06,BID
1445299215,1736.47,0.028,BID
1445299216,1736.5,0.032,ASK
1445299219,1736.46,0.0001,BID
1445299227,1736.71,0.025,BID
1445299228,1736.72,0.025,BID
1445299235,1736.53,0.01,ASK
1445299239,1736.41,0.06,ASK
1445299241,1736.33,0.01,BID
1445299243,1736.4,0.06,BID
1445299246,1736.43,0.01,ASK
1445299248,1736.43,0.01,ASK
1445299251,1736.43,0.01,ASK
1445299262,1736.06,0.5,ASK
1445299262,1736.03,1.41,ASK
1445299265,1736.69,0.01,BID
1445299265,1736.7,0.06,BID
1445299265,1736.71,0.0198,BID
1445299265,1736.72,0.475,BID
1445299265,1736.8,0.03,BID
1445299265,1736.81,0.6,BID
1445299265,1736.82,0.002,BID
1445299265,1736.99,0.3261,BID
1445299265,1737.0,12.15,BID
1445299266,1737.0,0.5,ASK
1445299267,1737.0,0.019,ASK
1445299267,1737.0,0.109,ASK
1445299267,1737.0,0.89,ASK
1445299267,1737.0,0.01,ASK
1445299267,1737.0,0.239,ASK
1445299267,1737.0,0.4,ASK
1445299268,1737.0,0.6,ASK
1445299268,1737.0,0.4,ASK
1445299268,1737.0,0.4,ASK
1445299268,1737.0,0.037,ASK
1445299268,1737.0,0.6,ASK
1445299268,1737.0,0.081,ASK
1445299268,1737.0,0.65,ASK
1445299269,1737.0,0.33,ASK
1445299269,1737.0,0.01,ASK
1445299269,1737.0,0.01,ASK
1445299269,1737.13,0.0064,BID
1445299269,1737.0,0.01,ASK
1445299270,1737.0,0.5,ASK
1445299270,1737.0,0.129,ASK
1445299270,1737.0,0.025,ASK
1445299271,1737.0,0.01,ASK
1445299271,1737.0,0.01,ASK
1445299271,1737.01,0.1098,ASK
1445299272,1737.01,0.0368,ASK
1445299272,1737.0,0.0932,ASK
1445299273,1737.0,0.5,ASK
1445299273,1737.0,0.03,ASK
1445299273,1737.01,0.01,BID
1445299274,1737.01,0.01,ASK
1445299285,1737.19,0.01,ASK
1445299299,1737.51,0.0129,BID
1445299302,1737.51,0.0071,BID
1445299302,1737.52,0.0029,BID
1445299303,1737.52,0.0011,BID
1445299305,1737.56,0.01,ASK
1445299306,1737.56,0.018,ASK
1445299308,1737.18,0.4,ASK
1445299309,1737.18,0.01,ASK
1445299313,1737.18,0.01,ASK
1445299338,1737.27,0.06,ASK
1445299338,1737.18,0.18,ASK
1445299338,1737.13,0.96,ASK
1445299338,1737.0,2.415,ASK
1445299348,1737.81,0.025,BID
1445299348,1737.81,0.028,BID
1445299348,1737.82,0.0268,BID
1445299348,1737.82,0.0542,BID
1445299350,1737.82,0.11,BID
1445299351,1737.81,0.011,BID
1445299352,1737.81,0.0099,BID
1445299352,1737.82,0.3358,BID
1445299352,1737.83,0.0103,BID
1445299352,1737.82,0.011,BID
1445299352,1737.82,0.0158,BID
1445299352,1737.83,0.4842,BID
1445299353,1737.83,0.01,BID
1445299354,1737.83,0.01,BID
1445299354,1737.83,0.0217,BID
1445299355,1737.98,0.01,BID
1445299357,1737.98,0.068,BID
1445299358,1737.98,0.022,BID
1445299358,1737.99,0.078,BID
1445299358,1737.99,0.0194,BID
1445299358,1738.0,0.0706,BID
1445299360,1738.0,0.5,BID
1445299360,1737.99,0.09,ASK
1445299362,1737.99,0.01,BID
1445299362,1737.99,0.5,BID
1445299362,1738.0,0.1,BID
1445299363,1738.0,0.51,BID
1445299363,1738.0,0.187,BID
1445299363,1738.0,0.5754,BID
1445299364,1738.0,0.4,BID
1445299365,1738.0,2.87,BID
1445299365,1738.0,0.481,BID
1445299366,1738.0,0.5754,BID
1445299366,1738.0,0.5754,BID
1445299367,1738.0,0.5754,BID
1445299368,1738.0,0.01,BID
1445299368,1738.0,0.3982,BID
1445299370,1738.17,0.004,BID
1445299374,1738.35,0.016,BID
1445299374,1738.35,0.0342,BID
1445299375,1738.35,0.0098,BID
1445299375,1738.36,0.0062,BID
1445299375,1738.36,0.0098,BID
1445299381,1738.36,0.01,ASK
1445299382,1738.52,0.002,BID
1445299387,1738.72,0.01,ASK
1445299391,1738.97,0.01,BID
1445299392,1738.71,0.01,ASK
1445299393,1738.98,0.1,BID
1445299394,1739.07,0.01,ASK
1445299395,1739.07,0.04,ASK
1445299398,1739.04,0.01,BID
1445299398,1739.04,0.012,BID
1445299400,1739.04,0.022,BID
1445299400,1739.04,0.006,BID
1445299400,1739.06,0.013,BID
1445299401,1739.06,0.037,BID
1445299401,1739.2,0.018,BID
1445299401,1739.22,0.004,BID
1445299406,1739.88,0.028,BID
1445299406,1739.88,0.562,BID
1445299406,1739.88,0.212,BID
1445299406,1739.88,0.311,BID
1445299408,1739.98,0.023,BID
1445299409,1739.98,0.077,BID
1445299410,1740.0,0.593,BID
1445299410,1739.99,0.023,ASK
1445299410,1739.99,0.081,ASK
1445299412,1740.0,0.045,BID
1445299413,1740.0,0.1279,BID
1445299415,1739.99,0.019,ASK
1445299415,1739.99,0.051,ASK
1445299416,1739.99,0.01,ASK
1445299416,1739.99,0.039,ASK
1445299416,1739.89,0.0121,ASK
1445299416,1739.88,0.11,ASK
1445299416,1739.68,0.06,ASK
1445299416,1739.53,0.037,ASK
1445299416,1738.36,0.0402,ASK
1445299416,1738.13,0.025,ASK
1445299416,1738.12,0.5,ASK
1445299416,1738.12,1.2157,ASK
1445299422,1739.97,0.0119,BID
1445299434,1739.95,0.06,BID
1445299434,1739.96,0.0131,BID
1445299434,1739.96,0.0121,BID
1445299434,1739.97,0.4888,BID
1445299434,1739.97,0.0112,BID
1445299434,1739.97,0.1718,BID
1445299434,1739.97,0.0252,BID
1445299434,1739.97,0.183,BID
1445299434,1739.97,0.183,BID
1445299434,1739.97,0.183,BID
1445299434,1739.97,0.183,BID
1445299435,1739.97,0.06,BID
1445299435,1739.97,0.06,BID
1445299435,1739.97,0.06,BID
1445299435,1739.97,0.183,BID
1445299435,1739.97,0.01,BID
1445299436,1739.97,3.0,BID
1445299437,1739.97,0.023,BID
1445299437,1739.97,0.214,BID
1445299438,1739.97,0.777,BID
1445299440,1739.97,0.031,BID
1445299440,1739.97,0.099,BID
1445299441,1739.97,0.5862,BID
1445299441,1739.97,0.0068,BID
1445299442,1739.97,0.023,BID
1445299442,1739.97,0.15,BID
1445299442,1739.97,0.01,BID
1445299444,1739.97,0.023,BID
1445299444,1739.97,0.88,BID
1445299444,1739.97,0.1229,BID
1445299444,1739.98,0.119,BID
1445299444,1739.98,0.119,BID
1445299445,1740.0,0.061,BID
1445299446,1740.0,0.63,BID
1445299446,1740.0,0.149,BID
1445299447,1740.0,0.03,BID
1445299447,1740.0,0.023,BID
1445299447,1740.0,0.5747,BID
1445299448,1740.0,21.341,BID
1445299448,1740.0,0.01,BID
1445299448,1740.0,31.2551,BID
1445299448,1740.0,0.5747,BID
1445299448,1740.0,0.589,BID
1445299448,1740.0,0.016,BID
1445299449,1740.0,0.016,BID
1445299449,1740.0,0.88,BID
1445299449,1740.0,0.5747,BID
1445299450,1740.0,1.8675,BID
1445299450,1740.0,0.584,BID
1445299450,1740.0,0.289,BID
1445299450,1740.0,0.5747,BID
1445299450,1740.0,2.866,BID
1445299450,1740.0,0.01,BID
1445299450,1740.0,0.512,BID
1445299450,1740.0,0.762,BID
1445299450,1740.0,0.76,BID
1445299451,1740.0,1.635,BID
1445299451,1740.0,1.26,BID
1445299451,1740.0,0.634,BID
1445299451,1740.0,1.1303,BID
1445299451,1740.0,0.1167,BID
1445299451,1740.0,0.8833,BID
1445299451,1740.0,0.1,BID
1445299454,1740.61,0.008,BID
1445299454,1740.98,0.015,BID
1445299455,1740.98,0.085,BID
1445299457,1740.98,0.415,ASK
1445299458,1740.96,0.03,BID
1445299459,1740.97,0.0412,BID
1445299460,1740.97,0.255,BID
1445299461,1740.97,0.1188,BID
1445299461,1740.98,0.1052,BID
1445299461,1740.98,0.015,BID
1445299462,1741.0,0.887,BID
1445299465,1741.0,0.1,BID
1445299467,1740.98,0.037,BID
1445299468,1740.06,0.06,ASK
1445299468,1740.05,0.032,ASK
1445299468,1740.05,0.03,ASK
1445299468,1740.05,0.6774,ASK
1445299469,1740.98,0.03,BID
1445299470,1740.98,0.382,BID
1445299470,1740.99,0.0206,ASK
1445299470,1741.0,0.412,BID
1445299471,1740.99,0.032,ASK
1445299479,1741.0,0.578,BID
1445299480,1741.01,0.06,ASK
1445299485,1741.2,0.2175,ASK
1445299485,1741.02,0.032,ASK
1445299485,1741.02,0.6,ASK
1445299485,1741.01,0.2425,ASK
1445299498,1741.97,0.032,BID
1445299498,1741.98,0.1,BID
1445299498,1742.0,1.365,BID
1445299498,1742.0,0.764,BID
1445299500,1741.99,0.001,BID
1445299506,1741.99,0.44,BID
1445299509,1742.0,0.231,BID
1445299512,1742.0,0.153,BID
1445299523,1742.0,0.1494,BID
1445299534,1741.94,0.01,ASK
1445299542,1741.58,0.032,ASK
1445299542,1741.57,0.06,ASK
1445299542,1741.13,0.5,ASK
1445299542,1741.13,0.0921,ASK
1445299542,1741.12,0.4959,ASK
1445299542,1741.12,0.1041,ASK
1445299542,1741.08,1.3087,ASK
1445299542,1741.01,0.3319,ASK
1445299542,1740.98,0.8353,ASK
1445299544,1742.0,1.148,BID
1445299558,1741.01,0.0343,ASK
1445299558,1741.01,0.0311,ASK
1445299558,1741.01,0.03,ASK
1445299558,1741.01,0.6,ASK
1445299558,1741.0,2.3046,ASK
1445299558,1741.0,0.5,ASK
1445299558,1741.0,0.4,ASK
1445299558,1741.0,0.6,ASK
1445299559,1741.0,0.202,ASK
1445299560,1741.0,1.378,ASK
1445299561,1741.0,0.65,ASK
1445299562,1741.0,0.65,ASK
1445299563,1741.0,0.65,ASK
1445299564,1741.0,0.65,ASK
1445299565,1741.0,0.65,ASK
1445299566,1741.0,0.65,ASK
1445299567,1741.0,0.65,ASK
1445299567,1741.0,1.18,ASK
1445299568,1741.0,2.0,ASK
1445299568,1741.0,0.21,ASK
1445299569,1741.0,0.21,ASK
1445299569,1741.0,0.21,ASK
1445299569,1741.0,0.023,ASK
1445299569,1741.0,0.3718,ASK
1445299570,1741.0,0.8665,ASK
1445299570,1740.98,5.19,ASK
1445299570,1740.98,1.0,ASK
1445299570,1740.98,1.6087,ASK
1445299573,1740.6,0.547,BID
1445299573,1740.6,0.07,BID
1445299575,1740.6,0.2151,BID
1445299576,1740.09,2.166,ASK
1445299577,1740.09,0.9169,ASK
1445299578,1740.01,0.5,ASK
1445299579,1740.01,0.0747,ASK
1445299579,1740.01,0.4003,ASK
1445299581,1740.01,0.1744,ASK
1445299594,1738.4,0.16,ASK
1445299594,1738.37,0.093,ASK
1445299594,1738.37,0.253,ASK
1445299594,1738.37,0.229,ASK
1445299594,1738.35,0.253,ASK
1445299595,1738.35,0.16,ASK
1445299596,1738.11,0.05,BID
1445299596,1738.21,0.05,BID
1445299596,1738.36,0.024,BID
1445299596,1738.36,0.253,BID
1445299596,1738.36,0.253,BID
1445299596,1738.36,0.12,BID
1445299596,1738.01,0.01,ASK
1445299597,1738.33,0.03,BID
1445299598,1738.33,0.274,BID
1445299598,1738.35,0.01,BID
1445299598,1738.35,0.032,BID
1445299598,1738.36,0.133,BID
1445299598,1738.36,0.031,BID
1445299599,1738.35,0.253,BID
1445299600,1738.13,0.03,ASK
1445299600,1738.32,0.0137,BID
1445299600,1738.35,0.2483,BID
1445299600,1738.35,0.01,BID
1445299600,1738.35,0.253,BID
1445299600,1738.1,0.01,BID
1445299601,1738.01,0.366,ASK
1445299602,1738.12,0.03,BID
1445299602,1738.34,0.0543,BID
1445299602,1738.35,0.1687,BID
1445299603,1738.2,0.03,ASK
1445299603,1738.07,0.1672,ASK
1445299603,1738.01,0.1994,ASK
1445299603,1738.01,0.0784,ASK
1445299604,1738.16,0.03,ASK
1445299604,1738.01,0.497,ASK
1445299605,1738.0,0.032,BID
1445299605,1738.0,0.029,BID
1445299606,1738.0,0.01,BID
1445299608,1738.0,0.01,BID
1445299609,1738.0,0.042,BID
1445299609,1738.15,0.01,BID
1445299610,1738.14,0.01,BID
1445299610,1738.14,0.01,BID
1445299611,1738.14,0.04,BID
1445299611,1738.15,0.01,BID
1445299613,1738.15,0.01,BID
1445299613,1738.16,0.2049,ASK
1445299613,1738.01,0.052,ASK
1445299613,1737.99,0.01,BID
1445299614,1737.99,0.01,BID
1445299615,1737.99,0.0988,BID
1445299615,1738.0,0.052,BID
1445299617,1738.1,0.0188,BID
1445299617,1738.1,0.0179,BID
1445299617,1738.11,0.6983,BID
1445299618,1738.11,0.0367,BID
1445299619,1738.31,0.0218,BID
1445299619,1738.32,0.5,BID
1445299619,1738.34,25.4123,BID
1445299619,1739.21,0.143,BID
1445299619,1739.44,1.0,BID
1445299619,1739.44,1.0,BID
1445299619,1740.0,0.0704,ASK
1445299619,1740.0,0.5,ASK
1445299620,1740.01,4.0,BID
1445299620,1740.01,11.653,BID
1445299620,1740.0,1.0,ASK
1445299620,1740.0,0.159,ASK
1445299620,1740.0,1.0,ASK
1445299620,1740.0,0.143,ASK
1445299620,1740.0,2.771,ASK
1445299620,1740.0,0.14,ASK
1445299620,1740.0,4.0,ASK
1445299621,1740.0,0.138,ASK
1445299621,1740.0,1.0,ASK
1445299621,1740.0,1.0,ASK
1445299621,1740.0,0.2,ASK
1445299621,1740.0,0.01,ASK
1445299621,1740.0,1.0209,ASK
1445299621,1740.0,0.65,ASK
1445299622,1740.0,2.409,ASK
1445299622,1740.0,4.076,ASK
1445299622,1740.0,0.325,ASK
1445299622,1740.0,0.058,ASK
1445299622,1740.0,4.076,ASK
1445299622,1740.0,0.637,ASK
1445299622,1740.0,2.559,ASK
1445299622,1740.0,2.5,ASK
1445299622,1740.0,0.2,ASK
1445299622,1740.0,3.0,ASK
1445299622,1740.0,1.0,ASK
1445299622,1740.0,0.01,ASK
1445299622,1740.0,2.0,ASK
1445299622,1740.0,2.912,ASK
1445299622,1740.0,4.0,ASK
1445299622,1740.0,0.5776,ASK
1445299624,1739.26,0.01,BID
1445299624,1739.26,0.49,BID
1445299625,1738.29,0.01,ASK
1445299625,1738.13,0.0269,ASK
1445299625,1738.13,0.0288,ASK
1445299625,1738.12,0.4343,ASK
1445299626,1739.26,0.51,BID
1445299626,1739.3,0.0255,ASK
1445299627,1739.3,0.1279,ASK
1445299628,1739.3,0.032,ASK
1445299628,1739.55,0.59,BID
1445299629,1739.55,0.1838,ASK
1445299629,1739.56,0.0295,ASK
1445299630,1739.88,0.6,BID
1445299630,1739.9,0.2,BID
1445299632,1739.9,1.18,ASK
1445299634,1739.99,0.65,BID
1445299634,1739.99,0.65,BID
1445299647,1739.33,0.06,ASK
1445299647,1739.2,0.0289,ASK
1445299666,1739.22,0.217,ASK
1445299666,1739.14,0.573,ASK
1445299666,1739.13,0.244,ASK
1445299667,1739.15,0.032,ASK
1445299667,1739.15,0.0287,ASK
1445299667,1739.13,7.9843,ASK
1445299667,1739.13,0.0629,ASK
1445299667,1738.99,0.0288,ASK
1445299667,1738.98,0.575,ASK
1445299667,1738.12,0.1043,ASK
1445299667,1738.12,0.5753,ASK
1445299667,1738.1,0.573,ASK
1445299667,1738.0,0.1088,ASK
1445299667,1737.93,0.788,ASK
1445299667,1737.92,0.573,ASK
1445299667,1737.92,0.573,ASK
1445299667,1737.84,0.0417,ASK
1445299667,1737.49,0.479,ASK
1445299667,1737.24,0.0342,ASK
1445299673,1740.29,0.032,BID
1445299673,1740.29,0.135,BID
1445299673,1740.29,0.135,BID
1445299673,1740.29,0.135,BID
1445299674,1740.29,0.035,BID
1445299674,1740.29,0.068,BID
1445299675,1740.28,0.01,BID
1445299679,1740.29,0.0076,BID
1445299690,1740.28,0.022,BID
1445299690,1740.29,0.0054,BID
1445299691,1740.29,0.022,BID
1445299697,1740.27,0.045,BID
1445299698,1740.27,0.015,BID
1445299706,1740.59,0.001,BID
1445299718,1740.68,0.06,ASK
1445299718,1740.67,0.152,ASK
1445299721,1740.63,1.0,ASK
1445299721,1740.63,13.905,ASK
1445299723,1740.64,0.15,BID
1445299724,1740.65,0.106,BID
1445299725,1740.65,0.036,BID
1445299726,1740.83,0.061,ASK
1445299726,1740.37,0.032,ASK
1445299726,1740.36,0.1889,ASK
1445299726,1740.02,0.0152,ASK
1445299726,1740.01,1.0,ASK
1445299726,1739.54,0.01,ASK
1445299726,1738.92,0.4329,ASK
1445299727,1740.64,0.0494,BID
1445299727,1740.64,0.0385,BID
1445299727,1740.64,0.0332,BID
1445299727,1740.98,1.0,ASK
1445299727,1740.98,4.624,ASK
1445299728,1740.83,0.01,ASK
1445299728,1740.66,0.59,ASK
1445299728,1740.99,0.07,BID
1445299728,1740.98,0.06,BID
1445299728,1740.99,0.4086,BID
1445299728,1740.99,0.01,BID
1445299729,1740.98,0.0152,BID
1445299729,1740.98,0.032,BID
1445299729,1741.0,0.4314,BID
1445299730,1741.0,0.019,BID
1445299731,1740.98,0.5,BID
1445299731,1741.0,0.053,BID
1445299732,1741.0,0.4966,BID
1445299735,1741.12,0.01,ASK
1445299737,1741.12,0.018,ASK
1445299737,1741.01,0.053,ASK
1445299737,1741.01,0.4966,ASK
1445299737,1740.99,0.032,BID
1445299739,1740.99,0.0004,BID
1445299741,1740.69,0.0077,ASK
1445299774,1741.07,0.01,ASK
1445299774,1741.07,0.2051,ASK
1445299777,1741.04,0.03,BID
1445299778,1741.04,0.011,BID
1445299778,1741.04,0.1741,BID
1445299779,1741.05,0.01,ASK
1445299779,1741.06,0.0099,BID
1445299779,1741.06,0.0001,BID
1445299781,1741.06,0.04,BID
1445299782,1741.06,0.1309,BID
1445299782,1741.13,2.0,BID
1445299782,1741.13,1.0,BID
1445299782,1741.13,1.302,BID
1445299782,1741.12,0.01,ASK
1445299792,1741.34,0.0749,BID
1445299792,1741.13,0.05,ASK
1445299792,1741.12,0.005,ASK
1445299792,1741.08,0.0115,ASK
1445299792,1741.07,0.05,ASK
1445299792,1741.07,0.1809,ASK
1445299792,1741.06,0.0123,ASK
1445299792,1741.05,0.031,ASK
1445299792,1741.05,0.2151,ASK
1445299792,1740.78,0.008,ASK
1445299792,1740.35,0.5,ASK
1445299792,1740.34,0.6,ASK
1445299792,1740.34,0.152,ASK
1445299792,1740.32,1.1642,ASK
1445299793,1741.35,0.01,ASK
1445299793,1741.44,4.0,ASK
1445299793,1741.44,7.684,ASK
1445299795,1741.35,0.0649,ASK
1445299796,1740.32,0.064,ASK
1445299811,1741.22,0.1945,BID
1445299811,1741.36,0.032,BID
1445299811,1741.37,0.06,BID
1445299812,1741.45,0.014,ASK
1445299813,1741.45,0.5,ASK
1445299813,1741.45,0.4,ASK
1445299813,1741.45,0.2713,ASK
1445299817,1740.37,0.0321,ASK
1445299817,1740.36,0.03,ASK
1445299817,1740.35,0.1269,ASK
1445299825,1740.53,0.2053,ASK
1445299825,1740.37,0.06,ASK
1445299826,1740.35,0.0103,BID
1445299826,1740.35,0.774,BID
1445299827,1740.35,0.112,BID
1445299827,1739.93,2.0,BID
1445299827,1739.93,6.403,BID
1445299828,1740.35,0.059,BID
1445299829,1739.92,0.005,ASK
1445299833,1740.07,0.005,ASK
1445299836,1740.07,0.01,ASK
1445299837,1740.07,0.01,ASK
1445299837,1740.07,0.075,ASK
1445299838,1739.76,15.0,ASK
1445299838,1739.76,4.385,ASK
1445299843,1739.75,0.111,ASK
1445299849,1739.4,0.0123,ASK
1445299849,1739.4,0.007,ASK
1445299850,1739.4,0.0246,ASK
1445299852,1739.39,0.01,BID
1445299856,1739.39,0.0094,BID
1445299856,1739.39,0.044,BID
1445299857,1739.5,0.0534,BID
1445299858,1739.5,0.0066,BID
1445299862,1739.6,0.053,ASK
1445299862,1739.6,0.007,ASK
1445299862,1739.53,0.01,ASK
1445299863,1739.4,0.0534,ASK
1445299863,1739.39,0.0516,ASK
1445299866,1739.49,0.043,BID
1445299867,1739.39,0.445,ASK
1445299868,1739.58,0.06,BID
1445299868,1739.5,0.043,ASK
1445299868,1739.39,0.607,ASK
1445299869,1739.59,0.06,BID
1445299869,1739.59,0.06,BID
1445299871,1739.69,0.008,ASK
1445299871,1739.68,0.059,ASK
1445299871,1739.6,0.08,ASK
1445299871,1739.74,0.069,BID
1445299874,1739.74,0.042,BID
1445299874,1739.59,0.06,ASK
1445299874,1739.58,8.0,BID
1445299874,1739.58,5.269,BID
1445299875,1739.59,0.035,BID
1445299883,1739.76,0.06,ASK
1445299883,1739.75,0.007,ASK
1445299883,1739.7,0.035,ASK
1445299883,1739.42,0.03,ASK
1445299883,1739.41,0.118,ASK
1445299886,1739.56,0.06,BID
1445299886,1740.04,0.157,BID
1445299886,1740.05,0.25,BID
1445299886,1740.06,0.06,BID
1445299888,1740.04,0.0125,BID
1445299888,1740.06,0.0225,BID
1445299888,1740.06,0.0125,BID
1445299888,1740.17,0.2375,BID
1445299889,1739.9,4.0,BID
1445299889,1739.9,3.956,BID
1445299893,1739.89,0.01,ASK
1445299893,1739.89,0.05,ASK
1445299897,1739.88,0.01,BID
1445299897,1739.88,0.0492,BID
1445299898,1739.88,0.0108,BID
1445299899,1739.89,0.0592,ASK
1445299899,1739.78,0.0008,ASK
1445299900,1739.78,0.031,ASK
1445299902,1739.86,0.0592,BID
1445299902,1739.89,0.01,BID
1445299903,1740.0,0.01,ASK
1445299904,1740.0,0.8776,ASK
1445299906,1739.88,0.013,BID
1445299907,1739.88,0.257,BID
1445299907,1739.88,0.23,BID
1445299907,1739.88,0.01,BID
1445299909,1739.98,0.03,BID
1445299910,1739.98,0.0153,ASK
1445299911,1739.99,0.01,BID
1445299913,1739.94,0.003,ASK
1445299915,1740.09,0.014,ASK
1445299915,1740.0,0.01,ASK
1445299915,1739.94,0.058,ASK
1445299915,1739.9,0.0716,ASK
1445299915,1739.9,0.0153,ASK
1445299915,1739.89,0.1381,ASK
1445299918,1739.9,0.0181,ASK
1445299918,1739.89,0.3619,ASK
1445299918,1739.88,0.041,BID
1445299919,1739.88,0.01,BID
1445299920,1739.88,0.0271,BID
1445299921,1739.88,0.0419,BID
1445299921,1739.88,0.0151,BID
1445299921,1739.88,0.3468,BID
1445299927,1739.9,0.0832,ASK
1445299927,1739.59,0.0108,ASK
1445299927,1739.58,0.2165,ASK
1445299927,1739.57,0.06,ASK
1445299933,1739.56,0.3925,BID
1445299933,1739.56,0.284,BID
1445299933,1739.4,0.1166,ASK
1445299933,1739.39,0.0983,ASK
1445299934,1739.39,0.487,ASK
1445299934,1739.56,0.479,BID
1445299934,1739.57,0.061,ASK
1445299935,1739.57,0.0349,ASK
1445299935,1739.39,0.3651,ASK
1445299935,1739.55,0.479,BID
1445299935,1739.39,0.487,ASK
1445299936,1739.55,0.5749,BID
1445299936,1739.55,0.1743,BID
1445299936,1739.57,0.023,ASK
1445299936,1739.57,0.65,ASK
1445299938,1739.57,0.0349,ASK
1445299938,1739.57,0.01,ASK
1445299939,1739.57,0.1078,ASK
1445299939,1739.57,0.5422,ASK
1445299940,1739.57,0.4578,ASK
1445299942,1739.56,0.061,BID
1445299943,1739.56,0.02,BID
1445299943,1739.56,0.244,BID
1445299943,1739.56,0.3309,BID
1445299943,1739.56,0.0691,BID
1445299946,1739.71,0.01,BID
1445299947,1739.71,0.05,BID
1445299950,1739.75,0.007,ASK
1445299958,1739.76,0.06,ASK
1445299958,1739.72,0.05,ASK
1445299960,1739.71,0.003,BID
1445299960,1739.71,0.033,BID
1445299961,1739.71,0.003,BID
1445299962,1739.57,0.068,ASK
1445299963,1739.57,0.01,ASK
1445299963,1739.57,0.4969,ASK
1445299965,1739.55,0.03,BID
1445299967,1739.55,0.047,BID
1445299968,1739.55,0.286,BID
1445299968,1739.56,0.078,BID
1445299968,1739.56,0.5749,BID
1445299968,1739.65,0.1524,BID
1445299968,1739.69,0.06,BID
1445299968,1740.55,0.2625,BID
1445299968,1740.62,0.4262,BID
1445299969,1739.56,0.333,ASK
1445299969,1739.39,0.191,ASK
1445299971,1739.56,0.01,ASK
1445299972,1739.56,0.323,ASK
1445299972,1739.39,0.327,ASK
1445299980,1739.55,0.1941,ASK
1445299980,1739.41,0.06,ASK
1445299980,1739.4,0.1459,ASK
1445299980,1739.4,0.2181,ASK
1445299980,1739.39,0.3819,ASK
1445299980,1739.39,0.4,ASK
1445299980,1739.55,0.4,ASK
1445299980,1739.55,0.6,ASK
1445299981,1739.55,0.01,ASK
1445299982,1739.55,0.5,ASK
1445299982,1739.55,0.193,ASK
1445299982,1739.55,2.059,ASK
1445299983,1739.55,0.4,ASK
1445299983,1739.55,0.01,ASK
1445299983,1739.55,0.404,ASK
1445299983,1739.55,0.077,ASK
1445299984,1739.55,4.827,ASK
1445299984,1739.39,2.4021,ASK
1445299988,1739.28,1.0,BID
1445299988,1739.28,1.0,BID
1445299988,1739.28,0.01,BID
1445299988,1739.3,0.249,ASK
1445299988,1739.21,0.091,ASK
1445299989,1739.29,0.215,ASK
1445299989,1739.29,0.01,ASK
1445299990,1739.29,0.01,ASK
1445299992,1739.29,0.34,ASK
1445299992,1739.21,0.249,ASK
1445299993,1739.2,0.091,BID
1445299993,1739.28,0.059,BID
1445299997,1739.2,0.34,BID
1445299997,1739.27,0.0175,BID
1445299997,1739.28,0.35,BID
1445299997,1739.51,0.06,BID
1445299997,1739.53,0.1326,BID
1445299997,1739.54,0.5,BID
1445299998,1739.72,9.0,BID
1445299998,1739.72,12.078,BID
1445299998,1739.71,0.8992,ASK
1445300014,1738.15,0.01,ASK
1445300014,1737.87,0.0589,ASK
1445300014,1737.87,0.4269,ASK
1445300014,1737.86,1.3085,ASK
1445300014,1737.32,0.5,ASK
1445300014,1737.31,0.879,ASK
1445300014,1737.31,2.1449,ASK
1445300015,1737.31,0.0213,BID
1445300015,1737.31,0.025,BID
1445300015,1737.31,0.2272,BID
1445300015,1737.31,0.443,BID
1445300015,1737.31,0.5,BID
1445300016,1737.31,0.01,BID
1445300016,1737.31,0.01,BID
1445300016,1737.31,3.322,BID
1445300016,1737.31,1.426,BID
1445300016,1737.31,0.153,BID
1445300016,1737.31,1.751,BID
1445300016,1737.31,1.5102,BID
1445300017,1739.42,1.0,BID
1445300017,1739.51,0.0589,BID
1445300017,1739.51,0.0513,BID
1445300017,1739.68,0.8898,BID
1445300019,1738.51,0.023,ASK
1445300020,1738.51,0.15,ASK
1445300021,1738.51,0.01,ASK
1445300023,1738.51,0.169,ASK
1445300031,1738.49,0.023,BID
1445300032,1738.49,0.0091,BID
1445300032,1738.5,0.0529,BID
1445300032,1738.5,0.0221,BID
1445300038,1738.66,0.01,BID
1445300075,1739.31,0.01,BID
1445300075,1739.35,0.017,BID
1445300075,1739.35,0.025,BID
1445300078,1739.35,0.01,ASK
1445300079,1739.36,0.112,BID
1445300080,1739.36,0.5749,BID
1445300080,1739.36,0.297,BID
1445300081,1739.36,0.3246,BID
1445300082,1739.39,0.038,BID
1445300082,1739.39,0.01,BID
1445300083,1739.39,0.329,BID
1445300084,1739.39,0.01,BID
1445300084,1739.39,0.01,BID
1445300084,1739.39,0.2094,BID
1445300084,1739.39,0.3936,BID
1445300084,1739.39,0.001,BID
1445300087,1739.61,0.01,ASK
1445300089,1739.61,0.01,ASK
1445300125,1739.81,0.032,ASK
1445300125,1739.43,0.0182,ASK
1445300125,1739.43,0.0477,ASK
1445300125,1739.42,0.1821,ASK
1445300128,1740.56,0.005,BID
1445300135,1739.82,0.01,ASK
1445300155,1739.86,0.01,ASK
1445300160,1739.87,0.0269,ASK
1445300161,1739.87,0.0001,ASK
1445300162,1739.43,0.0519,ASK
1445300162,1739.42,0.953,ASK
1445300162,1739.41,0.0378,ASK
1445300162,1739.4,0.1803,ASK
1445300162,1739.4,0.5749,ASK
1445300162,1739.38,0.0413,ASK
1445300162,1739.37,0.1608,ASK
1445300163,1739.37,0.0895,ASK
1445300163,1739.37,0.5749,ASK
1445300163,1739.35,2.3356,ASK
1445300163,1739.35,0.5024,ASK
1445300164,1738.63,0.08,ASK
1445300165,1739.01,0.01,BID
1445300165,1739.09,0.05,ASK
1445300167,1739.07,0.1,BID
1445300167,1739.26,0.08,BID
1445300168,1739.28,0.06,ASK
1445300169,1739.28,0.6,ASK
1445300169,1739.28,0.031,ASK
1445300169,1739.28,0.138,ASK
1445300169,1739.28,0.592,ASK
1445300169,1739.28,0.043,ASK
1445300169,1739.28,0.65,ASK
1445300170,1739.28,0.382,ASK
1445300173,1739.12,0.01,BID
1445300173,1739.13,0.249,BID
1445300173,1739.13,0.381,BID
1445300175,1739.13,0.005,BID
1445300177,1739.18,0.382,BID
1445300179,1739.26,0.01,BID
1445300180,1739.26,0.004,BID
1445300180,1739.26,0.012,BID
1445300180,1739.26,0.0205,BID
1445300180,1739.27,0.268,BID
1445300180,1739.27,0.4095,BID
1445300181,1739.27,0.025,BID
1445300181,1739.27,0.0465,BID
1445300182,1739.26,0.012,BID
1445300182,1739.27,0.169,BID
1445300182,1739.44,0.06,BID
1445300186,1739.73,0.0312,BID
1445300186,1739.73,0.1718,BID
1445300187,1739.72,0.0266,BID
1445300187,1739.73,0.3282,BID
1445300187,1739.74,0.1764,BID
1445300199,1739.86,0.0269,BID
1445300199,1739.87,0.027,ASK
1445300227,1739.7,0.032,ASK
1445300228,1739.7,0.028,ASK
1445300229,1739.5,0.032,BID
1445300230,1739.5,0.028,BID
1445300230,1739.5,0.004,BID
1445300231,1739.5,0.006,BID
1445300236,1739.63,0.01,ASK
1445300241,1739.63,0.022,ASK
1445300244,1739.51,0.01,ASK
1445300251,1739.62,0.01,BID
1445300252,1739.57,0.005,ASK
1445300252,1739.51,0.005,ASK
1445300253,1739.62,0.012,BID
1445300255,1739.63,0.01,ASK
1445300255,1739.63,0.012,ASK
1445300255,1739.51,0.045,ASK
1445300255,1739.32,0.025,ASK
1445300256,1739.32,0.01,BID
1445300257,1739.32,0.053,BID
1445300257,1739.5,0.01,BID
1445300258,1739.5,0.035,BID
1445300260,1739.69,0.041,BID
1445300261,1739.69,0.019,BID
1445300262,1739.71,0.01,ASK
1445300265,1739.71,0.01,BID
1445300268,1739.75,0.01,ASK
1445300269,1739.7,0.01,ASK
1445300269,1739.7,0.01,ASK
1445300269,1739.7,0.021,ASK
1445300269,1739.64,0.035,ASK
1445300272,1739.51,0.018,ASK
1445300302,1739.34,0.0282,ASK
1445300302,1739.33,0.063,ASK
1445300302,1739.33,0.4998,ASK
1445300303,1739.33,0.0002,ASK
1445300304,1739.29,0.012,ASK
1445300304,1739.28,0.2405,ASK
1445300305,1739.28,0.3504,BID
1445300305,1739.32,0.1496,BID
1445300306,1739.27,0.01,ASK
1445300306,1739.29,0.01,BID
1445300306,1739.32,0.2502,BID
1445300306,1739.32,0.3147,BID
1445300309,1739.26,0.117,ASK
1445300311,1739.26,0.175,ASK
1445300313,1739.26,0.65,ASK
1445300313,1739.26,0.085,ASK
1445300313,1739.31,0.0235,BID
1445300313,1739.33,0.0282,BID
1445300314,1739.35,0.65,ASK
1445300318,1739.35,0.0239,ASK
1445300319,1739.35,0.478,ASK
1445300320,1739.35,0.65,ASK
1445300321,1739.35,0.01,ASK
1445300321,1739.35,0.65,ASK
1445300322,1739.35,0.155,ASK
1445300322,1739.35,0.1714,ASK
1445300324,1739.2,0.0191,ASK
1445300324,1739.19,0.382,ASK
1445300324,1739.17,0.007,ASK
1445300324,1739.15,0.0285,ASK
1445300324,1739.14,0.0634,ASK
1445300327,1739.14,0.023,ASK
1445300328,1739.14,0.46,ASK
1445300329,1739.14,0.0236,ASK
1445300354,1739.13,0.4,BID
1445300358,1738.82,0.002,ASK
1445300358,1738.36,0.897,ASK
1445300368,1739.12,0.023,BID
1445300374,1739.11,0.06,BID
1445300374,1739.12,0.0048,BID
1445300374,1739.12,0.023,BID
1445300374,1739.13,0.083,BID
1445300374,1739.13,0.472,BID
1445300374,1739.34,0.4786,BID
1445300374,1739.34,0.65,BID
1445300374,1739.69,0.6,BID
1445300374,1739.7,6.2729,BID
1445300374,1739.7,1.9479,BID
1445300400,1739.14,0.46,BID
1445300400,1739.49,0.0245,BID
1445300400,1739.5,6.6941,BID
1445300400,1739.52,0.2333,BID
1445300422,1739.3,0.5,BID
1445300422,1739.88,0.0112,BID
1445300422,1739.88,0.0134,BID
1445300422,1739.89,0.123,BID
1445300422,1739.89,0.676,BID
1445300422,1739.89,0.676,BID
1445300422,1740.0,1.6024,BID
1445300422,1740.0,0.01,BID
1445300422,1740.07,0.1,BID
1445300422,1740.14,0.1,BID
1445300422,1740.27,0.633,BID
1445300422,1740.41,0.06,BID
1445300422,1740.61,0.879,BID
1445300422,1740.62,0.961,BID
1445300422,1740.62,0.971,BID
1445300422,1740.63,0.583,BID
1445300422,1740.63,0.45,BID
1445300422,1740.63,0.2987,BID
1445300424,1739.21,3.0,BID
1445300424,1739.21,8.0,BID
1445300424,1739.21,2.472,BID
1445300425,1739.22,0.1914,BID
1445300429,1739.22,0.182,ASK
1445300455,1739.2,0.5,ASK
1445300455,1739.2,0.0354,ASK
1445300456,1739.2,0.01,ASK
1445300457,1739.2,0.344,ASK
1445300457,1739.2,0.172,ASK
1445300457,1739.2,0.17,ASK
1445300457,1739.2,0.657,ASK
1445300458,1739.2,0.5,ASK
1445300458,1739.2,0.5,ASK
1445300458,1739.2,0.657,ASK
1445300459,1739.2,0.93,ASK
1445300460,1739.2,0.6,ASK
1445300460,1739.2,0.226,ASK
1445300461,1739.2,0.5,ASK
1445300461,1739.2,0.5,ASK
1445300462,1739.2,3.205,ASK
1445300462,1739.21,0.0736,BID
1445300463,1739.21,0.0348,BID
1445300463,1739.21,0.01,ASK
1445300463,1739.21,0.03,ASK
1445300464,1739.21,0.2163,ASK
1445300464,1739.21,0.3089,ASK
1445300464,1739.2,0.1911,ASK
1445300464,1739.22,0.032,ASK
1445300466,1739.22,0.04,ASK
1445300466,1739.86,0.001,BID
1445300468,1739.23,0.06,ASK
1445300468,1739.22,0.0364,ASK
1445300468,1739.21,0.0151,ASK
1445300468,1739.2,0.3025,ASK
1445300476,1739.16,0.021,BID
1445300476,1739.2,0.086,BID
1445300476,1739.2,0.414,BID
1445300476,1739.87,0.168,BID
1445300476,1739.89,0.01,BID
1445300476,1740.04,0.168,BID
1445300476,1740.04,0.168,BID
1445300476,1740.04,0.168,BID
1445300476,1740.04,0.168,BID
1445300476,1740.11,0.168,BID
1445300476,1740.7,0.5,BID
1445300476,1740.72,0.14,BID
1445300476,1740.72,0.45,BID
1445300476,1740.8,9.491,BID
1445300559,1738.78,0.017,BID
1445300559,1738.78,0.4,BID
1445300560,1738.78,0.286,BID
1445300560,1738.78,0.4,BID
1445300560,1738.78,0.286,BID
1445300560,1738.78,0.4,BID
1445300561,1738.78,0.027,BID
1445300561,1738.78,0.01,BID
1445300562,1738.78,0.326,BID
1445300563,1738.77,0.49,BID
1445300564,1738.77,0.1,BID
1445300566,1738.77,0.01,BID
1445300577,1738.78,0.01,BID
1445300578,1738.78,0.01,BID
1445300598,1738.78,0.06,BID
1445300602,1738.49,0.08,ASK
1445300617,1738.75,0.023,BID
1445300621,1738.75,0.037,BID
1445300623,1738.77,0.0151,BID
1445300623,1738.78,0.0279,BID
1445300628,1738.76,0.037,ASK
1445300652,1738.45,0.0529,ASK
1445300665,1738.68,0.03,BID
1445300666,1738.68,1.6731,BID
1445300666,1738.75,0.03,BID
1445300667,1738.75,0.007,BID
1445300667,1739.82,12.0,BID
1445300667,1739.82,4.027,BID
1445300758,1739.49,0.154,BID
1445300758,1739.74,0.1,BID
1445300760,1739.76,0.066,ASK
1445300760,1739.76,0.1662,ASK
1445300761,1739.76,0.117,ASK
1445300761,1739.76,0.535,ASK
1445300761,1739.76,0.1549,ASK
1445300761,1739.76,0.234,ASK
1445300762,1739.76,0.418,ASK
1445300762,1739.76,1.0,ASK
1445300762,1739.76,0.1,ASK
1445300762,1739.76,1.8609,ASK
1445300762,1739.76,0.4,ASK
1445300762,1739.76,0.1084,ASK
1445300762,1739.76,0.4,ASK
1445300762,1739.76,0.754,ASK
1445300762,1739.76,0.6,ASK
1445300763,1739.76,0.5,ASK
1445300763,1739.76,1.226,ASK
1445300763,1739.76,1.726,ASK
1445300763,1739.76,0.1576,ASK
1445300763,1739.76,0.986,ASK
1445300763,1739.76,0.338,ASK
1445300764,1739.83,16.452,ASK
1445300764,1739.76,0.5,ASK
1445300764,1739.76,0.073,ASK
1445300765,1739.76,0.6,ASK
1445300765,1739.76,0.167,ASK
1445300765,1739.76,0.05,ASK
1445300765,1739.76,0.699,ASK
1445300765,1739.77,0.4308,ASK
1445300766,1739.77,0.01,ASK
1445300766,1739.77,0.1,ASK
1445300766,1739.77,0.0592,ASK
1445300766,1739.76,0.4408,ASK
1445300767,1739.76,0.5,ASK
1445300767,1739.76,2.0,ASK
1445300767,1739.76,0.1608,ASK
1445300767,1739.76,0.034,ASK
1445300768,1739.76,0.5,ASK
1445300768,1739.76,2.2921,ASK
1445300768,1739.55,0.06,ASK
1445300768,1738.8,0.06,ASK
1445300768,1738.79,0.1017,ASK
1445300768,1738.79,0.0653,ASK
1445300768,1738.79,0.03,ASK
1445300768,1738.78,2.3909,ASK
1445300771,1739.27,0.01,BID
1445300771,1739.57,0.016,BID
1445300771,1739.58,0.1631,BID
1445300771,1739.58,0.1879,BID
1445300771,1739.75,0.322,BID
1445300789,1738.85,0.566,BID
1445300789,1738.85,2.58,BID
1445300790,1738.85,0.566,BID
1445300791,1738.85,0.5751,BID
1445300791,1738.85,0.5751,BID
1445300792,1738.85,0.013,BID
1445300792,1738.85,0.5751,BID
1445300792,1738.85,2.0,BID
1445300794,1738.85,0.5751,BID
1445300795,1738.85,0.5751,BID
1445300796,1738.85,0.5751,BID
1445300798,1738.84,0.5,BID
1445300798,1738.85,0.0751,BID
1445300799,1738.85,0.5,BID
1445300801,1738.8,0.06,ASK
1445300805,1738.78,0.115,ASK
1445300807,1738.78,0.65,ASK
1445300808,1738.78,0.65,ASK
1445300810,1738.78,0.65,ASK
1445300811,1738.78,0.65,ASK
1445300812,1738.78,0.65,ASK
1445300813,1738.78,0.0592,ASK
1445300813,1738.78,0.65,ASK
1445300815,1738.78,2.7272,ASK
1445300822,1738.79,0.06,BID
1445300822,1738.83,0.0228,BID
1445300822,1738.83,0.0171,BID
1445300822,1738.84,0.6,BID
1445300822,1738.84,0.1398,BID
1445300822,1738.85,9.1603,BID
1445300826,1738.8,0.06,ASK
1445300827,1738.79,0.054,ASK
1445300831,1738.79,0.039,ASK
1445300832,1738.79,0.0024,ASK
1445300832,1738.79,0.054,ASK
1445300832,1738.78,0.039,ASK
1445300834,1738.78,0.016,ASK
1445300834,1738.78,0.966,ASK
1445300834,1738.78,0.4,ASK
1445300834,1738.78,0.0954,ASK
1445300834,1738.78,0.3922,ASK
1445300835,1738.69,0.5,ASK
1445300835,1738.77,0.0304,BID
1445300836,1738.69,0.0751,ASK
1445300837,1738.73,0.01,BID
1445300839,1738.68,0.4349,BID
1445300839,1738.68,0.201,BID
1445300839,1738.68,0.3301,BID
1445300843,1738.36,0.002,ASK
1445300845,1738.18,0.008,BID
1445300845,1738.31,0.01,BID
1445300845,1738.67,0.042,BID
1445300845,1738.13,7.0,BID
1445300845,1738.13,2.0,BID
1445300845,1738.13,6.898,BID
1445300846,1738.72,0.0455,BID
1445300846,1738.73,0.911,BID
1445300846,1738.78,0.01,ASK
1445300847,1738.78,0.578,ASK
1445300847,1738.78,0.128,ASK
1445300848,1738.78,0.4,ASK
1445300848,1738.78,0.07,ASK
1445300848,1738.78,0.575,ASK
1445300848,1738.78,0.624,ASK
1445300848,1738.78,0.177,ASK
1445300848,1738.78,0.128,ASK
1445300849,1738.78,0.1816,ASK
1445300849,1738.78,0.5751,ASK
1445300849,1738.78,0.575,ASK
1445300849,1738.78,0.023,ASK
1445300850,1738.78,0.789,ASK
1445300850,1738.78,0.236,ASK
1445300851,1738.82,5.0,ASK
1445300851,1738.82,4.239,ASK
1445300851,1738.78,0.023,ASK
1445300851,1738.78,0.024,ASK
1445300851,1738.78,0.168,ASK
1445300851,1738.78,0.01,ASK
1445300851,1738.78,0.5,ASK
1445300852,1738.78,0.1406,ASK
1445300852,1738.78,0.196,ASK
1445300852,1738.78,0.01,ASK
1445300852,1738.78,0.186,ASK
1445300853,1738.78,0.01,ASK
1445300855,1738.78,0.5,ASK
1445300855,1738.78,0.04,ASK
1445300857,1738.78,0.12,ASK
1445300858,1738.78,0.737,ASK
1445300859,1738.78,0.0192,ASK
1445300859,1738.12,0.004,ASK
1445300859,1737.75,0.06,ASK
1445300859,1737.58,0.151,ASK
1445300859,1737.37,0.2658,ASK
1445300860,1738.64,0.7562,BID
1445300860,1738.64,0.01,BID
1445300860,1738.66,0.0192,ASK
1445300860,1738.77,2.0,BID
1445300860,1738.77,6.0,BID
1445300860,1738.77,4.073,BID
1445300862,1738.66,0.0036,ASK
1445300862,1738.65,0.0064,ASK
1445300863,1738.65,0.01,ASK
1445300864,1738.65,0.1,ASK
1445300865,1738.65,0.4588,ASK
1445300865,1738.64,0.0279,BID
1445300960,1738.5,0.06,BID
1445300961,1738.51,0.06,BID
1445300962,1738.36,0.0868,BID
1445300962,1738.36,0.174,BID
1445300963,1738.36,11.525,BID
1445300964,1738.36,0.5753,BID
1445300964,1738.36,0.4,BID
1445300964,1738.36,0.5,BID
1445300964,1738.36,0.4,BID
1445300964,1738.36,0.01,BID
1445300965,1738.36,0.5753,BID
1445300965,1738.36,0.01,BID
1445300966,1738.36,0.01,BID
1445300966,1738.36,0.5753,BID
1445300968,1738.36,0.5753,BID
1445300968,1738.36,0.029,BID
1445300971,1738.33,0.003,ASK
1445300975,1738.35,0.1219,BID
1445300975,1738.35,0.013,BID
1445300975,1738.35,0.01,BID
1445300976,1738.35,0.1355,BID
1445300976,1738.36,0.1449,BID
1445300977,1738.36,0.013,BID
1445300979,1738.36,0.01,BID
1445300982,1738.36,0.616,BID
1445300983,1738.36,0.012,BID
1445300983,1738.36,0.168,BID
1445300986,1738.36,0.1,BID
1445300987,1738.36,0.019,BID
1445300987,1738.36,0.01,BID
1445300988,1738.04,0.0103,ASK
1445300988,1738.03,0.0897,ASK
1445300988,1738.03,0.1,ASK
1445300988,1738.03,0.0158,ASK
1445300988,1737.94,0.06,ASK
1445300988,1737.93,0.1,ASK
1445300988,1737.49,0.03,ASK
1445300990,1737.5,0.117,ASK
1445300990,1737.5,0.01,ASK
1445300990,1737.5,0.0103,ASK
1445300990,1737.5,0.4,ASK
1445300991,1737.5,0.0627,ASK
1445300991,1737.27,0.4373,ASK
1445300991,1737.39,2.0,ASK
1445300991,1737.39,12.0,ASK
1445300991,1737.39,3.201,ASK
1445300992,1737.27,0.0627,ASK
1445300992,1737.24,0.5373,ASK
1445300993,1737.24,0.174,ASK
1445300993,1737.24,0.0627,ASK
1445300993,1737.24,0.0254,ASK
1445300995,1736.73,0.008,ASK
1445300996,1735.71,0.046,ASK
1445300996,1736.63,0.01,BID
1445300996,1736.63,0.16,BID
1445300997,1736.62,0.009,BID
1445300997,1736.63,0.094,BID
1445301001,1736.85,0.0321,ASK
1445301001,1736.84,0.161,ASK
1445301001,1736.84,0.2319,ASK
1445301005,1736.84,0.0321,ASK
1445301008,1736.2,0.0264,BID
1445301020,1735.91,0.1396,BID
1445301020,1736.18,0.2854,BID
1445301022,1735.07,0.01,ASK
1445301023,1735.02,0.858,ASK
1445301025,1735.02,0.87,ASK
1445301028,1735.0,0.0546,ASK
1445301029,1735.0,0.023,ASK
1445301029,1735.0,0.01,ASK
1445301029,1735.0,0.65,ASK
1445301030,1735.0,0.544,ASK
1445301030,1735.0,0.46,ASK
1445301031,1735.0,0.01,ASK
1445301031,1735.0,0.006,ASK
1445301031,1735.0,0.169,ASK
1445301032,1735.0,0.473,ASK
1445301033,1735.0,0.5,ASK
1445301033,1735.0,0.01,ASK
1445301033,1735.0,0.01,ASK
1445301034,1735.0,0.015,ASK
1445301034,1735.0,0.01,ASK
1445301035,1735.0,0.01,ASK
1445301036,1735.0,0.5,ASK
1445301037,1735.0,0.5,ASK
1445301037,1735.0,0.1655,ASK
1445301037,1735.01,5.0,ASK
1445301037,1735.01,4.0,ASK
1445301037,1735.01,1.178,ASK
1445301038,1735.0,0.01,ASK
1445301038,1735.0,0.172,ASK
1445301039,1735.0,0.647,ASK
1445301039,1735.0,0.515,ASK
1445301039,1735.0,0.2359,ASK
1445301040,1734.59,0.5,ASK
1445301041,1734.59,0.497,ASK
1445301043,1734.7,1.331,BID
1445301043,1734.59,0.5,ASK
1445301044,1734.59,0.398,ASK
1445301044,1734.69,0.398,BID
1445301044,1734.7,0.013,BID
1445301044,1734.7,0.1655,BID
1445301045,1734.59,1.0,ASK
1445301046,1734.59,0.65,ASK
1445301046,1734.59,0.5,ASK
1445301047,1734.59,0.143,ASK
1445301047,1734.59,0.2165,ASK
1445301048,1734.59,0.5255,ASK
1445301048,1734.58,0.2035,ASK
1445301048,1734.58,0.222,ASK
1445301049,1734.58,0.5,ASK
1445301049,1734.58,1.407,ASK
1445301049,1734.58,0.032,ASK
1445301049,1734.58,0.844,ASK
1445301050,1734.58,0.6,ASK
1445301052,1734.58,0.5,ASK
1445301052,1734.69,0.0917,BID
1445301052,1734.7,0.8345,BID
1445301052,1734.7,1.0,BID
1445301052,1734.89,0.06,BID
1445301052,1735.08,0.0357,BID
1445301052,1735.09,0.5,BID
1445301052,1735.09,0.6,BID
1445301052,1735.43,0.6,BID
1445301052,1735.44,0.41,BID
1445301052,1735.44,1.0,BID
1445301052,1735.49,0.625,BID
1445301052,1735.63,0.1901,BID
1445301054,1734.59,2.0,BID
1445301054,1734.59,19.69,BID
1445301055,1734.59,0.0565,ASK
1445301055,1734.58,0.1195,ASK
1445301055,1734.58,0.147,ASK
1445301056,1734.58,0.014,ASK
1445301056,1734.58,0.203,ASK
1445301057,1734.58,0.1472,ASK
1445301060,1734.49,0.01,BID
1445301060,1734.52,0.0321,BID
1445301060,1734.53,0.3319,BID
1445301061,1734.53,0.01,BID
1445301061,1734.53,0.0223,BID
1445301066,1734.56,0.71,BID
1445301068,1734.03,0.01,BID
1445301068,1734.18,0.01,BID
1445301068,1734.55,0.01,BID
1445301069,1735.01,0.1741,BID
1445301069,1735.2,0.0355,BID
1445301069,1735.59,0.5008,BID
1445301073,1734.58,0.0278,ASK
1445301073,1734.57,0.0902,ASK
1445301074,1734.59,0.0278,ASK
1445301075,1734.77,0.036,BID
1445301075,1734.76,9.0,BID
1445301075,1734.76,4.059,BID
1445301076,1734.77,0.15,BID
1445301083,1735.11,0.001,BID
1445301100,1734.98,0.0278,BID
1445301100,1734.99,0.04,BID
1445301100,1735.0,0.7722,BID
1445301100,1735.0,0.0278,BID
1445301116,1735.78,0.0102,ASK
1445301117,1735.78,0.0102,ASK
1445301118,1735.77,0.01,ASK
1445301119,1735.77,0.0002,ASK
1445301123,1735.63,0.0117,BID
1445301123,1735.7,0.01,BID
1445301123,1735.72,0.01,BID
1445301128,1735.78,0.0283,ASK
1445301129,1735.63,0.022,ASK
1445301131,1735.54,0.01,BID
1445301131,1735.54,0.01,BID
1445301132,1735.54,0.002,BID
1445301132,1735.62,0.0063,BID
1445301133,1735.75,0.0137,ASK
1445301135,1735.53,0.0463,BID
1445301139,1735.77,0.02,BID
1445301141,1735.77,0.0083,BID
1445301152,1735.84,0.06,ASK
1445301152,1735.2,0.0278,ASK
1445301152,1735.2,0.5,ASK
1445301152,1735.2,4.0,ASK
1445301152,1735.19,0.6,ASK
1445301152,1735.0,1.0,BID
1445301152,1735.0,0.527,BID
1445301152,1735.0,0.0647,BID
1445301153,1735.0,0.052,BID
1445301153,1735.0,0.211,BID
1445301153,1735.0,0.5,BID
1445301153,1735.0,1.0,BID
1445301154,1735.0,0.414,BID
1445301154,1735.0,2.873,BID
1445301154,1735.0,3.18,BID
1445301154,1735.0,0.144,BID
1445301155,1735.0,0.334,BID
1445301155,1735.0,1.2871,BID
1445301155,1735.83,0.06,BID
1445301156,1736.2,0.0057,BID
1445301156,1736.66,0.859,BID
1445301156,1736.77,0.0442,BID
1445301156,1736.79,1.0,BID
1445301156,1736.79,0.0911,BID
1445301157,1735.86,0.16,ASK
1445301158,1735.45,0.0442,ASK
1445301158,1735.44,1.0,ASK
1445301160,1735.43,0.01,ASK
1445301162,1735.21,0.025,ASK
1445301162,1735.02,0.05,ASK
1445301163,1735.01,0.044,ASK
1445301163,1735.02,0.041,BID
1445301163,1735.2,0.025,BID
1445301163,1735.39,0.094,BID
1445301163,1735.39,0.023,BID
1445301166,1735.63,0.16,BID
1445301166,1735.63,2.0,BID
1445301166,1735.63,19.474,BID
1445301168,1735.4,0.16,ASK
1445301169,1735.4,0.16,ASK
1445301170,1735.39,0.16,BID
1445301170,1735.64,0.011,BID
1445301171,1735.39,0.16,BID
1445301174,1735.39,0.16,BID
1445301195,1735.99,0.0204,BID
1445301195,1736.0,0.0204,BID
1445301196,1735.98,0.01,BID
1445301198,1735.98,0.0189,BID
1445301201,1735.98,0.0311,BID
1445301203,1736.29,0.0262,BID
1445301203,1736.3,0.0738,BID
1445301203,1736.3,0.024,BID
1445301203,1736.3,0.024,BID
1445301205,1736.24,0.0311,ASK
1445301205,1736.11,0.01,ASK
1445301205,1736.03,0.023,ASK
1445301206,1735.98,0.0227,BID
1445301206,1736.23,0.0299,BID
1445301209,1736.23,0.0012,BID
1445301209,1736.23,0.0198,BID
1445301214,1736.01,0.0321,ASK
1445301215,1736.0,0.0321,ASK
1445301216,1736.0,0.0279,ASK
1445301234,1736.21,0.06,BID
1445301234,1736.23,0.0113,BID
1445301236,1736.24,0.076,ASK
1445301243,1736.0,0.012,ASK
1445301244,1736.01,0.0109,ASK
1445301244,1736.01,0.0001,ASK
1445301290,1736.06,0.1704,ASK
1445301291,1736.01,0.001,ASK
1445301291,1736.01,0.0152,ASK
1445301291,1736.0,0.1542,ASK
1445301293,1736.0,0.17,ASK
1445301293,1736.02,0.06,ASK
1445301293,1736.0,0.1638,ASK
1445301296,1735.87,0.178,ASK
1445301297,1735.87,0.032,ASK
1445301299,1735.86,0.01,BID
1445301360,1735.85,0.05,BID
1445301361,1735.85,0.01,BID
1445301361,1735.86,0.05,BID
1445301362,1735.86,0.01,BID
1445301363,1735.86,0.02,BID
1445301365,1735.86,0.026,BID
1445301366,1735.86,0.025,BID
1445301367,1735.86,0.025,BID
1445301367,1735.85,16.621,BID
1445301368,1735.86,0.044,BID
1445301378,1735.88,0.06,ASK
1445301378,1735.87,0.009,ASK
1445301379,1735.87,0.016,ASK
1445301379,1735.87,0.044,ASK
1445301380,1735.86,0.03,ASK
1445301382,1735.26,0.009,ASK
1445301384,1735.22,0.001,BID
1445301384,1735.37,0.009,BID
1445301384,1735.37,0.01,BID
1445301385,1735.37,0.01,BID
1445301385,1735.13,0.4,ASK
1445301385,1735.13,0.2,ASK
1445301385,1735.12,0.165,ASK
1445301386,1735.12,0.335,ASK
1445301387,1735.1,0.335,ASK
1445301388,1735.1,0.941,ASK
1445301389,1735.1,0.0357,ASK
1445301389,1735.08,0.9767,ASK
1445301390,1735.08,0.0357,ASK
1445301390,1735.08,0.3076,ASK
1445301392,1735.01,0.5324,ASK
1445301392,1735.01,0.3796,ASK
1445301393,1735.01,0.159,ASK
1445301393,1735.07,0.4524,BID
1445301393,1735.09,0.0933,BID
1445301393,1735.09,0.2982,BID
1445301393,1735.09,0.159,BID
1445301393,1735.09,0.2982,BID
1445301393,1735.11,0.0212,BID
1445301393,1735.12,0.265,BID
1445301393,1735.12,0.159,BID
1445301393,1735.4,0.06,BID
1445301393,1735.43,0.03,BID
1445301393,1735.61,0.1637,BID
1445301393,1735.01,0.01,ASK
1445301393,1735.01,0.0278,ASK
1445301393,1734.91,0.002,ASK
1445301394,1734.91,0.1412,BID
1445301394,1735.0,0.1968,BID
1445301395,1735.08,0.0624,ASK
1445301395,1735.08,0.0226,ASK
1445301396,1735.08,0.0294,ASK
1445301402,1735.01,0.0294,BID
1445301402,1735.04,0.085,BID
1445301402,1735.07,0.111,BID
1445301402,1735.28,0.011,BID
1445301402,1735.83,1.0073,BID
1445301406,1734.5,0.01,ASK
1445301457,1735.75,0.0152,BID
1445301457,1735.76,0.3044,BID
1445301540,1735.92,0.06,ASK
1445301540,1735.91,0.15,ASK
1445301540,1735.9,0.55,ASK
1445301565,1736.78,0.06,BID
1445301565,1736.01,0.1437,ASK
1445301565,1735.91,0.15,ASK
1445301565,1735.9,0.3359,ASK
1445301569,1736.92,0.025,BID
1445301569,1736.91,3.0,ASK
1445301569,1736.91,4.0,ASK
1445301569,1736.91,1.447,ASK
1445301570,1736.93,0.021,BID
1445301571,1736.93,0.01,BID
1445301572,1736.92,0.0071,BID
1445301572,1736.93,0.0029,BID
1445301574,1736.92,0.0245,BID
1445301574,1736.93,0.0315,BID
1445301575,1736.93,0.279,BID
1445301576,1736.93,0.1,BID
1445301576,1736.93,0.01,BID
1445301576,1736.93,0.0666,BID
1445301577,1736.99,0.015,BID
1445301577,1736.95,4.0,BID
1445301577,1736.95,0.627,BID
1445301581,1736.94,0.013,ASK
1445301583,1736.94,0.2214,ASK
1445301583,1736.94,0.0216,ASK
1445301594,1736.93,0.5,BID
1445301595,1736.93,0.039,BID
1445301595,1736.93,0.111,BID
1445301597,1736.99,0.015,BID
1445301597,1737.0,0.046,BID
1445301597,1737.0,0.01,BID
1445301598,1737.0,0.015,BID
1445301599,1737.0,0.229,BID
1445301600,1737.01,0.0114,ASK
1445301601,1737.45,0.003,BID
1445301604,1737.6,0.007,ASK
1445301604,1737.53,0.01,ASK
1445301604,1737.53,0.01,ASK
1445301604,1737.46,0.232,ASK
1445301604,1737.14,0.0321,ASK
1445301604,1737.13,0.0129,ASK
1445301605,1737.13,0.01,ASK
1445301608,1737.3,0.01,BID
1445301609,1737.13,0.0001,ASK
1445301611,1737.12,0.0099,BID
1445301611,1737.25,0.0221,BID
1445301614,1737.24,0.0321,BID
1445301625,1737.26,0.0321,ASK
1445301626,1737.25,0.0321,ASK
1445301628,1737.11,0.023,ASK
1445301631,1737.02,0.0124,ASK
1445301632,1737.01,0.0124,ASK
1445301633,1737.03,0.04,ASK
1445301633,1737.02,0.0122,ASK
1445301633,1737.01,0.1348,ASK
1445301635,1737.01,0.094,ASK
1445301637,1737.01,0.0028,ASK
1445301639,1736.96,0.0272,BID
1445301650,1737.0,0.0893,ASK
1445301650,1737.0,0.0246,ASK
1445301650,1737.0,0.052,ASK
1445301650,1736.99,0.0091,ASK
1445301662,1737.72,0.0321,BID
1445301662,1737.73,0.06,BID
1445301662,1738.01,0.0359,BID
1445301676,1737.41,0.023,ASK
1445301677,1737.41,1.046,ASK
1445301678,1737.41,0.523,ASK
1445301678,1737.41,0.4,ASK
1445301678,1737.41,0.008,ASK
1445301679,1737.34,0.028,BID
1445301679,1737.4,0.0041,BID
1445301680,1737.39,0.06,BID
1445301683,1737.35,0.023,ASK
1445301683,1737.35,0.005,ASK
1445301683,1736.99,0.123,ASK
1445301687,1736.99,0.096,ASK
1445301687,1736.99,0.388,ASK
1445301688,1736.99,0.028,ASK
1445301688,1736.99,0.65,ASK
1445301688,1736.99,0.144,ASK
1445301689,1736.99,0.56,ASK
1445301689,1736.99,0.096,ASK
1445301690,1736.99,0.5,ASK
1445301691,1736.99,0.051,ASK
1445301692,1736.99,0.1531,ASK
1445301692,1736.99,0.257,ASK
1445301692,1736.99,0.4,ASK
1445301693,1736.99,0.501,ASK
1445301693,1736.99,0.265,ASK
1445301694,1736.99,0.109,ASK
1445301695,1736.99,0.17,ASK
1445301695,1736.99,0.138,ASK
1445301695,1736.99,0.01,ASK
1445301697,1736.99,0.4,ASK
1445301697,1736.99,0.025,ASK
1445301701,1736.99,0.0193,ASK
1445301704,1736.99,0.1,ASK
1445301729,1736.99,0.047,ASK
1445301731,1736.99,3.036,ASK
1445301732,1736.99,0.01,ASK
1445301733,1736.99,0.5,ASK
1445301734,1736.99,0.5,ASK
1445301735,1736.99,0.01,ASK
1445301737,1736.99,0.011,ASK
1445301737,1736.99,0.804,ASK
1445301738,1736.99,0.456,ASK
1445301739,1736.99,0.119,ASK
1445301741,1737.1,0.1,BID
1445301742,1737.1,0.0398,BID
1445301759,1736.99,0.1869,ASK
1445301763,1736.99,0.08,ASK
1445301765,1736.99,0.01,ASK
1445301767,1736.99,0.264,ASK
1445301768,1737.0,0.264,ASK
1445301769,1737.0,0.234,ASK
1445301770,1737.0,0.02,ASK
1445301772,1737.0,0.01,ASK
1445301775,1737.01,0.177,ASK
1445301868,1737.9,0.06,BID
1445301869,1738.0,0.0321,ASK
1445301870,1738.0,1.541,ASK
1445301871,1738.0,2.591,ASK
1445301871,1738.0,1.2759,ASK
1445301872,1737.52,0.146,ASK
1445301872,1737.51,2.434,ASK
1445301873,1737.51,2.0,ASK
1445301873,1737.51,1.969,ASK
1445301873,1737.83,0.9781,BID
1445301873,1737.83,0.0079,BID
1445301873,1737.82,10.0,ASK
1445301873,1737.82,5.0,ASK
1445301873,1737.82,1.916,ASK
1445301874,1737.83,0.0021,BID
1445301874,1737.92,0.043,BID
1445301874,1737.99,0.0398,BID
1445301874,1737.99,0.4,BID
1445301874,1737.99,0.5032,BID
1445301875,1737.98,0.123,BID
1445301875,1737.99,0.2968,BID
1445301875,1737.99,0.1942,BID
1445301878,1737.86,0.01,ASK
1445301879,1737.86,0.0671,ASK
1445301879,1737.85,0.9189,ASK
1445301880,1737.85,0.01,ASK
1445301881,1737.85,0.1,ASK
1445301881,1737.85,0.4,ASK
1445301881,1737.86,0.025,ASK
1445301881,1737.85,0.1121,ASK
1445301881,1737.84,0.2629,ASK
1445301882,1737.84,0.01,ASK
1445301884,1738.01,0.2121,ASK
1445301894,1737.62,0.0321,ASK
1445301896,1737.53,0.0104,ASK
1445301896,1737.53,0.0106,ASK
1445301896,1737.52,0.077,ASK
1445301897,1737.52,0.205,ASK
1445301901,1737.54,0.06,ASK
1445301901,1737.52,0.2001,ASK
1445301906,1738.01,0.2011,ASK
1445301907,1738.01,0.14,ASK
1445301907,1738.01,1.0051,ASK
1445301907,1738.01,0.5239,ASK
1445301907,1738.01,0.388,ASK
1445301907,1738.01,0.4,ASK
1445301908,1738.01,0.5,ASK
1445301910,1738.01,0.6,ASK
1445301911,1738.01,0.1019,ASK
1445301913,1737.52,0.0179,ASK
1445301913,1737.51,0.9821,ASK
1445301913,1737.8,0.1,BID
1445301913,1737.8,0.078,BID
1445301914,1737.99,0.025,BID
1445301914,1738.0,0.5,BID
1445301914,1738.02,0.01,ASK
1445301914,1738.1,15.1,BID
1445301915,1738.02,0.0321,ASK
1445301915,1738.02,0.025,ASK
1445301916,1738.02,0.2009,ASK
1445301918,1738.01,0.044,BID
1445301919,1738.01,0.0442,BID
1445301922,1738.01,0.0118,BID
1445301923,1738.1,0.176,BID
1445301925,1738.09,0.1749,BID
1445301926,1738.09,0.0021,BID
1445301927,1738.11,0.01,BID
1445301928,1738.1,0.1861,ASK
1445301928,1738.08,0.0118,ASK
1445301928,1738.01,0.0021,ASK
1445301928,1738.11,0.0139,BID
1445301928,1738.12,0.01,BID
1445301929,1738.12,0.0139,BID
1445301930,1738.08,3.0,BID
1445301930,1738.08,8.189,BID
1445301930,1738.09,0.05,BID
1445301931,1738.09,0.1361,BID
1445301933,1738.13,0.0551,BID
1445301933,1738.13,0.0267,BID
1445301934,1738.14,1.18,BID
1445301935,1738.14,0.06,BID
1445301936,1738.14,0.0818,BID
1445301936,1738.14,0.046,BID
1445301937,1738.13,0.0198,BID
1445301937,1738.14,0.2685,BID
1445301937,1738.34,0.0236,BID
1445301937,1738.35,0.4327,BID
1445301937,1738.35,0.0455,BID
1445301937,1738.35,0.5,BID
1445301937,1738.36,3.0324,BID
1445301939,1738.24,0.288,ASK
1445301939,1738.21,0.0198,ASK
1445301939,1738.2,0.0151,ASK
1445301939,1738.16,0.1077,ASK
1445301939,1738.16,0.1655,ASK
1445301939,1738.15,0.4,ASK
1445301939,1738.15,0.456,ASK
1445301939,1738.15,0.1699,ASK
1445301941,1738.16,0.1077,ASK
1445301943,1738.2,0.288,BID
1445301944,1738.34,0.0383,BID
1445301944,1738.35,0.4177,BID
1445301945,1738.28,0.25,ASK
1445301954,1738.34,0.0154,BID
1445301954,1738.35,0.1823,BID
1445301954,1738.35,0.146,BID
1445301954,1738.35,0.0563,BID
1445301959,1738.35,0.0709,BID
1445301959,1738.35,0.0187,BID
1445301960,1738.35,0.0736,BID
1445301960,1738.36,0.0896,BID
1445301961,1738.36,0.1632,BID
1445301962,1738.36,0.01,BID
1445301962,1738.36,0.5,BID
1445301964,1738.36,0.5753,BID
1445301964,1738.36,0.044,BID
1445301965,1738.36,0.5753,BID
1445301966,1738.36,0.5753,BID
1445301967,1738.36,0.5753,BID
1445301968,1738.36,0.095,BID
1445301968,1738.36,4.026,BID
1445301968,1738.36,0.5753,BID
1445301969,1738.36,0.5753,BID
1445301970,1738.36,0.024,BID
1445301970,1738.36,0.5753,BID
1445301971,1738.36,0.48,BID
1445301972,1738.36,0.388,BID
1445301972,1738.36,0.5753,BID
1445301973,1738.36,0.5753,BID
1445301974,1738.36,0.5753,BID
1445301974,1738.36,0.065,BID
1445301975,1738.35,6.0,BID
1445301975,1738.35,12.662,BID
1445301975,1738.36,0.5753,BID
1445301976,1738.36,0.01,BID
1445301976,1738.36,0.5753,BID
1445301977,1738.36,0.5753,BID
1445301978,1738.36,0.5753,BID
1445301980,1738.36,0.5753,BID
1445301981,1738.36,0.5753,BID
1445301982,1738.36,0.5753,BID
1445301983,1738.36,0.5753,BID
1445301984,1738.36,0.5753,BID
1445301984,1738.36,0.2044,BID
1445301984,1738.84,0.008,BID
1445301984,1739.2,0.867,BID
1445301984,1739.34,0.1006,BID
1445301987,1738.37,0.1,ASK
1445301988,1738.38,0.0288,ASK
1445301988,1738.37,0.0182,ASK
1445301991,1738.39,0.02,ASK
1445301991,1738.38,0.0229,ASK
1445301991,1738.37,0.4141,ASK
1445301991,1738.37,0.043,ASK
1445301991,1738.34,0.027,BID
1445301992,1738.38,0.0051,ASK
1445301999,1738.24,0.0149,ASK
1445302015,1738.28,0.0313,ASK
1445302016,1738.27,0.0313,ASK
1445302017,1738.28,0.03,ASK
1445302017,1738.27,0.555,ASK
1445302018,1738.28,0.03,ASK
1445302018,1738.28,0.47,ASK
1445302018,1738.27,0.0137,ASK
1445302019,1738.26,0.0121,BID
1445302020,1738.22,0.0144,ASK
1445302021,1738.21,0.288,ASK
1445302021,1738.16,0.01,ASK
1445302021,1738.16,0.0326,ASK
1445302021,1738.15,0.1206,ASK
1445302022,1738.16,0.01,ASK
1445302023,1738.16,0.01,ASK
1445302024,1738.16,0.58,ASK
1445302024,1738.15,0.134,ASK
1445302025,1738.15,0.2017,ASK
1445302025,1738.15,0.1713,ASK
1445302025,1738.15,0.225,ASK
1445302025,1738.1,0.05,ASK
1445302025,1738.1,0.041,ASK
1445302026,1738.1,0.02,ASK
1445302028,1738.1,0.1251,ASK
1445302029,1738.01,0.014,ASK
1445302031,1738.01,0.015,ASK
1445302032,1738.01,3.831,ASK
1445302032,1738.0,0.015,ASK
1445302033,1738.0,3.831,ASK
1445302033,1738.0,0.65,ASK
1445302034,1738.0,0.504,ASK
1445302034,1737.99,0.289,ASK
1445302034,1737.51,0.387,ASK
1445302034,1738.09,0.1251,BID
1445302034,1738.12,0.0102,BID
1445302034,1738.14,0.0412,BID
1445302034,1738.15,0.1825,BID
1445302039,1737.9,0.06,BID
1445302039,1737.99,0.65,BID
1445302041,1738.01,0.0549,ASK
1445302041,1738.01,0.531,ASK
1445302041,1738.01,0.5,ASK
1445302042,1738.01,0.183,ASK
1445302042,1738.01,0.183,ASK
1445302043,1738.01,0.183,ASK
1445302043,1738.01,0.33,ASK
1445302043,1738.01,0.183,ASK
1445302043,1738.02,0.0514,ASK
1445302043,1738.01,0.5986,ASK
1445302043,1738.01,0.164,ASK
1445302043,1738.01,0.2395,ASK
1445302044,1737.51,0.183,ASK
1445302045,1737.51,0.248,ASK
1445302046,1738.0,0.5734,BID
1445302046,1738.0,0.65,BID
1445302046,1738.0,0.65,BID
1445302046,1738.0,0.248,BID
1445302046,1738.0,0.248,BID
1445302046,1738.01,0.0937,ASK
1445302047,1738.02,0.0437,ASK
1445302048,1738.01,0.302,ASK
1445302048,1738.01,0.08,ASK
1445302050,1738.01,0.1537,ASK
1445302050,1738.01,0.5,ASK
1445302050,1738.01,0.01,ASK
1445302050,1738.01,0.01,ASK
1445302051,1738.01,0.121,ASK
1445302051,1738.01,0.2202,ASK
1445302052,1737.85,0.06,ASK
1445302053,1737.76,0.01,BID
1445302053,1737.84,0.1112,BID
1445302053,1738.0,0.4298,BID
1445302053,1738.0,0.65,BID
1445302055,1738.01,0.823,ASK
1445302055,1738.01,0.182,ASK
1445302055,1738.01,0.8,ASK
1445302056,1738.01,0.533,ASK
1445302056,1738.01,0.321,ASK
1445302056,1737.85,0.007,ASK
1445302057,1737.85,0.01,ASK
1445302058,1737.85,0.0942,ASK
1445302059,1737.76,0.01,BID
1445302059,1737.76,0.0942,BID
1445302059,1737.84,0.1042,BID
1445302059,1737.87,0.12,BID
1445302059,1737.99,0.0251,BID
1445302059,1738.0,0.4695,BID
1445302062,1737.88,0.12,ASK
1445302062,1737.52,0.5819,ASK
1445302063,1737.97,3.0,ASK
1445302063,1737.97,10.028,ASK
1445302073,1737.98,0.06,BID
1445302073,1737.99,0.0204,BID
1445302073,1737.99,0.0141,BID
1445302073,1738.0,0.1805,BID
1445302073,1738.0,0.0701,BID
1445302083,1737.52,0.1626,ASK
1445302083,1737.52,0.0064,ASK
1445302095,1737.99,0.029,BID
1445302095,1738.0,0.5799,BID
1445302097,1738.13,4.0,BID
1445302097,1738.13,5.0,BID
1445302097,1738.13,4.965,BID
1445302097,1738.01,0.622,ASK
1445302098,1738.01,0.1,ASK
1445302098,1738.01,0.4,ASK
1445302098,1738.01,0.01,ASK
1445302098,1738.01,0.5,ASK
1445302098,1738.01,0.65,ASK
1445302099,1738.01,0.025,ASK
1445302099,1738.01,0.65,ASK
1445302100,1738.01,0.023,ASK
1445302100,1738.01,0.2711,ASK
1445302101,1738.0,0.0147,BID
1445302103,1738.0,0.2142,BID
1445302103,1738.0,0.4078,BID
1445302107,1738.0,0.0522,BID
1445302109,1738.01,3.8078,ASK
1445302109,1737.56,0.0113,ASK
1445302109,1737.55,0.2261,ASK
1445302109,1737.53,0.06,ASK
1445302109,1737.52,0.0197,ASK
1445302109,1737.52,0.028,ASK
1445302109,1737.51,0.1549,ASK
1445302125,1737.95,0.085,BID
1445302159,1737.97,0.06,BID
1445302159,1737.98,0.0589,BID
1445302159,1737.99,1.178,BID
1445302159,1738.02,5.0,BID
1445302159,1738.02,9.0,BID
1445302159,1738.02,4.294,BID
1445302162,1738.01,0.1429,ASK
1445302162,1738.01,0.023,ASK
1445302163,1738.01,0.5,ASK
1445302163,1738.01,0.46,ASK
1445302163,1738.01,0.65,ASK
1445302164,1738.01,0.041,ASK
1445302164,1738.01,0.65,ASK
1445302165,1738.0,0.199,BID
1445302165,1738.01,0.199,ASK
1445302165,1738.01,0.01,ASK
1445302165,1738.09,0.1419,BID
1445302165,1738.01,0.65,ASK
1445302166,1738.01,0.0962,ASK
1445302166,1738.01,0.65,ASK
1445302166,1738.01,2.0558,ASK
1445302169,1737.91,0.7462,BID
1445302171,1737.93,0.4318,ASK
1445302172,1737.94,0.0216,ASK
1445302172,1737.79,0.06,ASK
1445302174,1737.52,0.0355,ASK
1445302174,1737.52,0.0422,ASK
1445302174,1737.51,0.0623,ASK
1445302175,1737.51,0.0777,ASK
1445302176,1737.76,0.0654,BID
1445302176,1737.76,0.01,BID
1445302176,1737.76,0.1676,BID
1445302176,1738.0,0.0962,BID
1445302176,1738.02,0.0151,BID
1445302176,1738.1,0.007,BID
1445302176,1738.14,0.0204,BID
1445302176,1738.15,0.4075,BID
1445302176,1738.26,0.1042,BID
1445302176,1738.27,0.03,BID
1445302176,1738.43,0.0291,BID
1445302176,1738.44,0.5819,BID
1445302176,1738.45,0.002,BID
1445302176,1738.53,0.6,BID
1445302176,1738.73,0.09,BID
1445302176,1739.01,0.231,BID
1445302176,1739.15,0.004,BID
1445302176,1739.16,0.187,BID
1445302176,1739.3,0.817,BID
1445302176,1739.37,0.4356,BID
1445302177,1737.52,4.0,BID
1445302177,1737.52,4.762,BID
1445302183,1738.0,0.8,ASK
1445302185,1737.9,0.04,BID
1445302185,1737.9,0.76,BID
1445302185,1738.01,0.01,ASK
1445302187,1738.01,3.09,ASK
1445302188,1737.92,0.8,ASK
1445302188,1737.91,0.04,BID
1445302197,1737.86,0.028,BID
1445302197,1737.87,0.06,BID
1445302197,1737.91,1.0627,BID
1445302202,1737.91,1.1873,BID
1445302203,1738.02,15.0,BID
1445302203,1738.02,8.685,BID
1445302205,1738.01,0.01,ASK
1445302205,1738.01,0.51,ASK
1445302205,1738.01,0.01,ASK
1445302205,1738.01,0.5,ASK
1445302206,1738.01,1.6427,ASK
1445302210,1737.9,0.495,BID
1445302210,1737.91,0.015,BID
1445302211,1737.91,0.4,BID
1445302217,1737.91,0.615,BID
1445302219,1738.01,0.1,ASK
1445302219,1738.01,0.571,ASK
1445302220,1738.01,0.471,ASK
1445302222,1737.89,0.01,BID
1445302222,1737.91,2.574,BID
1445302222,1737.99,0.607,BID
1445302222,1738.01,0.5,ASK
1445302226,1738.01,0.169,ASK
1445302226,1737.55,20.403,ASK
1445302241,1737.9,0.169,BID
1445302241,1738.0,0.1964,BID
1445302241,1738.0,0.0666,BID
1445302241,1738.0,0.0216,BID
1445302241,1738.01,0.7244,BID
1445302242,1737.57,2.0,BID
1445302242,1737.57,5.695,BID
1445302256,1737.59,0.172,ASK
1445302263,1737.98,0.1728,BID
1445302263,1738.01,3.6872,BID
1445302264,1738.01,0.4,BID
1445302267,1737.98,0.5,BID
1445302267,1737.99,0.0018,BID
1445302267,1738.01,3.247,BID
1445302276,1738.01,0.1112,ASK
1445302276,1738.0,0.1838,ASK
1445302288,1738.01,0.06,ASK
1445302288,1738.0,0.3162,ASK
1445302290,1738.0,0.738,BID
1445302290,1738.0,0.5,BID
1445302290,1738.0,0.4,BID
1445302291,1738.0,0.5324,BID
1445302326,1738.44,0.01,BID
1445302326,1738.44,0.01,BID
1445302327,1738.44,0.0121,BID
1445302334,1738.83,0.019,ASK
1445302335,1738.83,0.044,ASK
1445302336,1738.83,0.537,ASK
1445302336,1738.83,0.6,ASK
1445302336,1738.83,0.243,ASK
1445302337,1738.83,0.157,ASK
1445302337,1738.55,0.0321,ASK
1445302337,1738.54,0.0121,ASK
1445302337,1738.53,0.0009,ASK
1445302337,1738.06,0.485,ASK
1445302337,1738.03,0.0305,ASK
1445302337,1738.02,0.8194,ASK
1445302352,1738.68,0.01,BID
1445302353,1738.02,0.101,ASK
1445302353,1738.02,0.0655,ASK
1445302353,1738.02,0.6735,ASK
1445302354,1738.59,0.0321,BID
1445302358,1738.87,0.0321,ASK
1445302358,1738.86,0.0179,ASK
1445302417,1739.3,0.0321,BID
1445302421,1739.29,0.015,BID
1445302422,1739.29,0.0171,BID
1445302422,1739.3,0.0149,BID
1445302456,1738.88,0.06,ASK
1445302456,1738.87,0.0051,ASK
1445302456,1738.86,0.013,ASK
1445302456,1738.68,0.0219,ASK
1445302462,1739.74,0.025,BID
1445302462,1739.74,0.03,BID
1445302462,1739.75,0.5,BID
1445302464,1739.73,0.06,BID
1445302464,1739.75,0.1,BID
1445302465,1739.8,0.01,BID
1445302466,1739.76,0.15,ASK
1445302466,1739.79,0.142,BID
1445302466,1739.8,0.6029,BID
1445302467,1739.76,0.29,ASK
1445302467,1739.76,0.265,ASK
1445302468,1739.76,0.235,ASK
1445302468,1739.76,0.265,ASK
1445302469,1739.76,0.293,ASK
1445302475,1739.55,0.293,BID
1445302477,1739.65,0.163,ASK
1445302477,1739.56,0.18,ASK
1445302477,1739.56,0.196,ASK
1445302477,1739.56,0.261,ASK
1445302477,1739.56,0.0224,ASK
1445302478,1739.56,0.305,ASK
1445302478,1739.57,0.0776,ASK
1445302478,1739.56,0.1296,ASK
1445302478,1739.56,0.2928,ASK
1445302481,1739.64,0.01,BID
1445302483,1739.64,0.01,BID
1445302483,1739.64,0.143,BID
1445302484,1739.65,0.02,ASK
1445302484,1739.56,0.153,BID
1445302487,1739.19,0.0321,ASK
1445302487,1739.18,0.0388,ASK
1445302488,1739.18,0.1585,ASK
1445302489,1739.18,0.0145,BID
1445302489,1739.56,0.0585,BID
1445302492,1739.55,0.0163,BID
1445302494,1739.55,0.0321,BID
1445302494,1739.55,0.231,BID
1445302495,1739.54,0.0132,BID
1445302495,1739.55,0.0134,BID
1445302495,1739.56,0.2365,BID
1445302495,1739.56,0.032,BID
1445302496,1739.72,0.025,BID
1445302496,1739.73,0.2435,BID
1445302496,1739.73,0.2565,BID
1445302496,1739.74,0.012,BID
1445302497,1739.75,0.65,BID
1445302497,1739.75,0.65,BID
1445302497,1739.75,0.65,BID
1445302497,1739.8,1.162,BID
1445302497,1739.8,0.0108,BID
1445302498,1739.75,0.525,ASK
1445302498,1739.74,0.5,ASK
1445302498,1739.66,0.268,ASK
1445302498,1739.58,0.499,ASK
1445302498,1739.57,0.532,ASK
1445302498,1739.57,0.532,ASK
1445302498,1739.57,0.5,ASK
1445302498,1739.57,0.532,ASK
1445302498,1739.57,0.532,ASK
1445302498,1739.57,0.4,ASK
1445302498,1739.57,0.4,ASK
1445302498,1739.56,0.2631,ASK
1445302498,1739.39,0.8349,ASK
1445302498,1739.38,0.0145,ASK
1445302498,1738.77,0.6,ASK
1445302498,1738.71,12.66,ASK
1445302498,1738.7,0.09,ASK
1445302498,1738.4,0.354,ASK
1445302498,1738.35,0.178,ASK
1445302498,1738.35,0.258,ASK
1445302498,1738.02,10.3134,ASK
1445302499,1739.66,0.5,BID
1445302499,1739.8,1.509,BID
1445302500,1739.65,0.268,BID
1445302500,1739.8,2.142,BID
1445302501,1739.8,2.909,BID
1445302501,1739.8,0.4,BID
1445302501,1739.8,0.5748,BID
1445302502,1739.8,0.5748,BID
1445302503,1739.8,0.021,BID
1445302503,1739.8,0.5748,BID
1445302504,1739.8,0.5748,BID
1445302504,1739.58,0.0321,ASK
1445302504,1739.57,0.456,ASK
1445302504,1739.57,0.011,BID
1445302505,1739.57,0.0009,BID
1445302505,1739.8,0.4191,BID
1445302505,1739.8,0.268,BID
1445302506,1739.8,0.5748,BID
1445302506,1739.8,0.01,BID
1445302506,1739.8,0.5748,BID
1445302507,1739.8,1.6201,BID
1445302507,1739.81,0.0321,ASK
1445302508,1739.86,0.5,ASK
1445302509,1739.86,0.354,ASK
1445302513,1739.85,0.1692,BID
1445302514,1739.85,0.4808,BID
1445302516,1739.86,0.094,ASK
1445302516,1739.86,0.406,ASK
1445302517,1739.86,0.094,ASK
1445302518,1739.86,0.0748,ASK
1445302521,1739.82,0.0197,ASK
1445302521,1739.82,0.0153,ASK
1445302522,1739.81,0.035,ASK
1445302524,1739.82,0.0426,ASK
1445302524,1739.81,0.1054,ASK
1445302525,1739.81,0.5,ASK
1445302526,1739.81,0.0596,ASK
1445302526,1739.81,0.1097,ASK
1445302526,1739.8,0.4807,ASK
1445302528,1739.8,0.016,ASK
1445302529,1739.8,0.187,ASK
1445302530,1739.8,0.5,ASK
1445302530,1739.8,0.65,ASK
1445302531,1739.8,0.035,ASK
1445302531,1739.8,0.65,ASK
1445302532,1739.8,0.035,ASK
1445302532,1739.8,0.65,ASK
1445302532,1739.8,0.5,ASK
1445302533,1739.8,0.035,ASK
1445302533,1739.8,0.65,ASK
1445302533,1739.8,0.243,ASK
1445302534,1739.8,0.65,ASK
1445302534,1739.8,0.012,ASK
1445302536,1739.8,0.5,ASK
1445302539,1739.8,0.5,ASK
1445302542,1739.8,0.5,ASK
1445302547,1739.8,0.029,ASK
1445302547,1739.8,0.5,ASK
1445302550,1739.84,0.025,BID
1445302550,1739.84,0.0134,BID
1445302551,1739.8,0.5,ASK
1445302551,1739.85,0.4,BID
1445302551,1739.84,0.0238,BID
1445302551,1739.85,0.0146,BID
1445302552,1739.8,0.5,ASK
1445302553,1739.84,0.0165,BID
1445302553,1739.85,0.1606,BID
1445302553,1739.85,0.1523,BID
1445302554,1739.85,0.0165,BID
1445302557,1739.86,0.301,ASK
1445302558,1739.86,0.0119,ASK
1445302558,1739.85,0.301,BID
1445302558,1739.99,0.0389,BID
1445302558,1740.0,0.0601,BID
1445302559,1740.0,0.1669,BID
1445302559,1740.0,0.4761,BID
1445302559,1740.0,0.3294,BID
1445302559,1740.01,0.0444,ASK
1445302560,1740.48,0.7,BID
1445302560,1740.49,0.48,BID
1445302574,1740.03,0.023,ASK
1445302574,1740.03,0.037,ASK
1445302576,1740.0,0.0389,ASK
1445302584,1739.91,0.0318,ASK
1445302590,1739.93,0.0389,BID
1445302592,1739.99,0.0389,BID
1445302592,1740.02,0.023,BID
1445302592,1740.54,0.008,BID
1445302592,1740.66,0.12,BID
1445302592,1740.67,0.0127,BID
1445302592,1740.67,0.0223,BID
1445302592,1740.67,0.0318,BID
1445302592,1740.68,1.5433,BID
1445302604,1740.25,0.222,BID
1445302605,1740.25,0.0001,BID
1445302607,1740.4,0.01,ASK
1445302608,1740.31,0.032,BID
1445302609,1740.3,0.0099,ASK
1445302609,1740.27,0.0001,ASK
1445302609,1740.31,0.018,BID
1445302615,1740.68,1.54,BID
1445302616,1740.67,0.032,ASK
1445302616,1740.67,0.468,ASK
1445302616,1740.45,0.1777,ASK
1445302616,1740.33,0.018,ASK
1445302616,1740.27,0.011,ASK
1445302616,1740.26,0.2221,ASK
1445302616,1740.0,0.0389,ASK
1445302616,1739.97,0.0323,ASK
1445302616,1740.64,0.032,BID
1445302616,1740.68,0.068,BID
1445302616,1740.67,14.807,ASK
1445302617,1740.68,0.191,BID
1445302617,1740.68,0.468,BID
1445302617,1740.66,0.01,BID
1445302619,1740.66,0.4116,BID
1445302619,1740.67,0.0111,BID
1445302619,1740.67,0.0323,BID
1445302619,1740.68,0.1195,BID
1445302620,1740.68,0.04,BID
1445302620,1740.68,0.25,BID
1445302620,1740.68,0.25,BID
1445302621,1740.68,0.25,BID
1445302621,1740.68,0.1,BID
1445302621,1740.67,0.06,ASK
1445302622,1740.68,0.01,BID
1445302622,1740.68,2.907,BID
1445302624,1740.68,0.145,BID
1445302625,1740.67,0.01,ASK
1445302625,1740.68,0.5745,BID
1445302626,1740.38,0.06,ASK
1445302626,1739.99,0.1362,ASK
1445302626,1739.99,0.1438,ASK
1445302626,1740.66,0.25,BID
1445302626,1740.68,0.3245,BID
1445302628,1740.67,0.01,BID
1445302628,1740.68,0.5645,BID
1445302628,1740.67,0.061,BID
1445302628,1740.68,0.269,BID
1445302628,1740.68,0.01,BID
1445302629,1740.68,0.01,BID
1445302629,1740.68,0.222,BID
1445302631,1740.67,0.06,BID
1445302631,1740.68,0.1437,BID
1445302631,1740.79,0.0752,BID
1445302631,1740.8,8.366,BID
1445302631,1740.8,8.3551,BID
1445302631,1740.32,8.0,BID
1445302631,1740.32,10.044,BID
1445302641,1740.79,0.052,BID
1445302645,1740.8,0.396,BID
1445302650,1740.8,0.4,BID
1445302652,1740.8,0.22,BID
1445302653,1740.8,0.079,BID
1445302654,1740.8,0.2809,BID
1445302657,1740.8,0.243,BID
1445302658,1740.8,0.027,BID
1445302662,1740.82,0.032,ASK
1445302664,1740.81,0.243,ASK
1445302667,1740.8,0.01,BID
1445302672,1740.81,0.243,BID
1445302677,1740.82,0.243,ASK
1445302677,1740.14,0.0319,ASK
1445302677,1740.13,0.6,ASK
1445302677,1740.13,0.038,ASK
1445302677,1740.13,3.9301,ASK
1445302684,1740.17,0.06,ASK
1445302684,1740.17,0.025,ASK
1445302684,1740.16,0.015,ASK
1445302686,1741.15,0.032,BID
1445302686,1741.15,0.0115,BID
1445302686,1741.57,0.0265,BID
1445302686,1741.57,0.0319,BID
1445302686,1741.58,0.2291,BID
1445302687,1741.58,0.0435,BID
1445302688,1741.58,0.0435,BID
1445302692,1741.56,0.025,BID
1445302692,1741.57,0.129,BID
1445302693,1741.27,0.032,ASK
1445302694,1741.18,0.0345,ASK
1445302695,1741.16,0.068,BID
1445302696,1741.16,0.5875,BID
1445302696,1741.25,0.068,BID
1445302697,1741.25,0.173,BID
1445302697,1741.25,0.273,BID
1445302697,1741.25,0.1415,BID
1445302697,1741.25,0.01,BID
1445302698,1741.25,0.263,BID
1445302698,1741.26,0.01,BID
1445302699,1741.26,0.09,BID
1445302699,1741.26,0.032,BID
1445302701,1741.34,0.01,ASK
1445302702,1741.34,0.1,ASK
1445302703,1741.34,0.01,ASK
1445302703,1741.34,0.002,ASK
1445302703,1741.33,0.12,ASK
1445302707,1741.34,0.01,BID
1445302708,1741.34,0.01,ASK
1445302708,1741.33,0.022,ASK
1445302709,1741.34,0.01,ASK
1445302712,1741.32,0.43,BID
1445302716,1741.41,0.01,ASK
1445302716,1741.34,0.032,ASK
1445302716,1741.33,0.058,ASK
1445302717,1741.33,0.372,ASK
1445302718,1741.33,0.0186,BID
1445302720,1741.27,0.01,ASK
1445302720,1741.27,0.0037,ASK
1445302720,1741.26,0.273,ASK
1445302728,1740.87,0.1,ASK
1445302731,1740.87,0.01,ASK
1445302731,1741.1,0.013,BID
1445302731,1741.33,0.1353,BID
1445302731,1741.78,0.175,BID
1445302731,1741.88,0.0362,BID
1445302731,1741.88,0.0135,BID
1445302731,1741.88,0.0171,BID
1445302731,1741.89,0.2399,BID
1445302736,1740.83,0.01,ASK
1445302740,1740.84,0.1,ASK
1445302744,1740.85,0.023,ASK
1445302745,1740.85,0.01,ASK
1445302754,1740.87,0.0365,ASK
1445302754,1740.86,0.0635,ASK
1445302755,1741.62,0.2018,BID
1445302755,1741.75,0.5382,BID
1445302755,1741.75,0.344,BID
1445302757,1741.74,0.01,BID
1445302759,1741.6,0.06,BID
1445302765,1741.31,0.01,ASK
1445302767,1741.31,0.01,ASK
1445302768,1741.31,0.1,ASK
1445302770,1741.3,0.06,BID
1445302771,1741.3,0.043,BID
1445302771,1741.3,0.194,BID
1445302771,1741.31,0.01,BID
1445302774,1741.65,0.01,ASK
1445302774,1741.65,0.287,ASK
1445302775,1741.44,0.029,ASK
1445302775,1741.32,0.0149,ASK
1445302775,1741.31,0.2029,ASK
1445302776,1741.43,0.029,BID
1445302776,1741.54,0.002,BID
1445302782,1741.31,0.0941,ASK
1445302782,1741.06,0.0051,ASK
1445302782,1740.93,0.0008,ASK
1445302783,1741.31,0.01,BID
1445302783,1741.33,0.0818,ASK
1445302791,1741.29,0.0123,BID
1445302792,1741.29,0.0477,BID
1445302794,1741.3,0.0123,BID
1445302795,1741.32,0.01,ASK
1445302795,1741.62,0.0123,BID
1445302795,1741.62,0.0127,BID
1445302795,1741.63,0.0169,BID
1445302795,1741.63,0.2134,BID
1445302795,1741.63,0.0123,BID
1445302797,1741.62,0.0131,BID
1445302797,1741.63,0.0099,BID
1445302798,1741.62,0.01,BID
1445302799,1741.62,0.022,BID
1445302799,1741.63,0.01,BID
1445302800,1741.63,0.022,BID
1445302802,1741.39,0.001,ASK
1445302828,1741.62,0.0212,BID
1445302828,1741.63,0.2324,BID
1445302828,1741.63,0.225,BID
1445302828,1741.63,0.042,BID
1445302828,1741.64,0.1006,BID
1445302829,1741.64,0.0212,BID
1445302830,1741.64,0.023,BID
1445302831,1741.64,0.01,BID
1445302831,1741.04,3.0,BID
1445302831,1741.04,10.089,BID
1445302832,1741.03,0.0321,ASK
1445302832,1741.03,0.0471,ASK
1445302832,1741.02,0.0208,ASK
1445302833,1741.02,0.0392,ASK
1445302833,1741.0,0.0287,ASK
1445302833,1740.99,0.4321,ASK
1445302841,1740.92,0.0301,ASK
1445302841,1740.91,0.0699,ASK
1445302846,1741.61,0.0065,BID
1445302847,1741.61,0.0256,BID
1445302847,1741.62,0.06,BID
1445302847,1741.62,0.025,BID
1445302847,1741.63,0.3894,BID
1445302847,1741.04,0.8829,ASK
1445302847,1741.03,0.2201,ASK
1445302847,1740.92,0.6,ASK
1445302847,1740.84,1.597,ASK
1445302847,1741.63,0.0321,BID
1445302852,1740.94,0.0248,ASK
1445302852,1740.93,0.0752,ASK
1445302854,1741.3,0.01,BID
1445302855,1741.3,0.0186,BID
1445302855,1741.31,0.1214,BID
1445302856,1740.99,0.0186,BID
1445302857,1740.99,0.013,BID
1445302857,1740.99,0.1,BID
1445302857,1740.99,0.013,BID
1445302858,1740.99,0.087,BID
1445302858,1740.99,0.5744,BID
1445302859,1740.99,0.4,BID
1445302859,1740.99,11.423,BID
1445302860,1740.99,0.6,BID
1445302860,1740.99,0.4,BID
1445302860,1740.99,0.5,BID
1445302860,1740.99,0.5744,BID
1445302861,1740.99,0.1647,BID
1445302861,1740.99,1.0,BID
1445302861,1740.94,0.06,ASK
1445302861,1740.84,0.04,ASK
1445302861,1740.99,0.872,BID
1445302861,1740.99,0.5744,BID
1445302862,1740.99,0.4,BID
1445302862,1740.99,0.5744,BID
1445302863,1740.99,6.7112,BID
1445302863,1740.99,0.0299,BID
1445302863,1741.0,0.8,BID
1445302864,1741.16,0.0222,ASK
1445302864,1741.17,0.01,ASK
1445302864,1741.16,0.015,ASK
1445302866,1741.31,0.4514,BID
1445302866,1741.32,0.5655,BID
1445302866,1741.32,0.4514,BID
1445302867,1741.32,0.4514,BID
1445302868,1741.31,0.5655,BID
1445302868,1741.32,13.5237,BID
1445302869,1741.32,0.5743,BID
1445302870,1741.32,0.5743,BID
1445302871,1741.31,0.5743,BID
1445302872,1741.16,0.1,ASK
1445302872,1741.18,0.0206,ASK
1445302872,1741.17,0.1442,ASK
1445302872,1741.16,0.0658,ASK
1445302872,1741.01,0.0919,ASK
1445302872,1741.0,0.5744,ASK
1445302872,1741.0,0.2831,ASK
1445302873,1741.17,0.421,BID
1445302873,1741.31,0.0257,BID
1445302873,1741.32,9.0097,BID
1445302874,1741.16,0.4114,BID
1445302874,1741.31,0.0206,BID
1445302874,1741.31,0.082,BID
1445302875,1741.31,0.0622,BID
1445302875,1741.31,0.0528,BID
1445302876,1741.0,0.2913,ASK
1445302876,1741.0,0.2087,ASK
1445302877,1741.31,0.0391,BID
1445302877,1741.31,12.02,BID
1445302878,1741.32,0.023,BID
1445302879,1741.02,0.0321,ASK
1445302879,1741.01,0.0183,ASK
1445302879,1741.0,0.3657,ASK
1445302879,1741.0,0.0128,BID
1445302882,1741.0,0.0711,BID
1445302886,1741.0,0.01,BID
1445302886,1741.0,0.09,BID
1445302888,1741.3,0.0183,BID
1445302888,1741.31,0.0817,BID
1445302889,1741.29,0.0321,BID
1445302889,1741.31,0.3463,BID
1445302889,1741.32,1.0596,BID
1445302889,1741.32,0.8,BID
1445302889,1741.32,0.5,BID
1445302889,1741.31,4.0,BID
1445302889,1741.31,10.515,BID
1445302890,1741.32,0.3463,BID
1445302892,1741.27,0.1,ASK
1445302893,1741.31,0.02,ASK
1445302893,1741.26,0.08,ASK
1445302894,1741.32,0.1,BID
1445302895,1741.32,0.1,BID
1445302895,1741.32,0.09,BID
1445302895,1741.32,0.5743,BID
1445302895,1741.32,0.1,BID
1445302896,1741.32,0.5,BID
1445302896,1741.32,0.6,BID
1445302896,1741.32,0.071,BID
1445302896,1741.32,0.5743,BID
1445302896,1741.32,2.387,BID
1445302897,1741.32,1.0,BID
1445302897,1741.32,0.1,BID
1445302897,1741.32,0.023,BID
1445302897,1741.32,0.119,BID
1445302898,1741.32,0.1,BID
1445302898,1741.32,0.5743,BID
1445302898,1741.32,0.1,BID
1445302898,1741.31,4.0,BID
1445302898,1741.31,1.0,BID
1445302898,1741.31,0.34,BID
1445302899,1741.32,0.029,BID
1445302899,1741.32,0.5743,BID
1445302899,1741.32,0.01,BID
1445302899,1741.02,5.0,BID
1445302899,1741.02,2.063,BID
1445302899,1741.32,0.175,BID
1445302900,1741.32,0.5743,BID
1445302902,1741.32,1.0,BID
1445302902,1741.32,0.179,BID
1445302902,1741.32,0.023,BID
1445302903,1741.32,0.4,BID
1445302904,1741.32,0.6,BID
1445302904,1741.32,0.6,BID
1445302904,1741.32,0.5,BID
1445302904,1741.32,0.845,BID
1445302906,1741.32,0.208,BID
1445302907,1741.32,0.177,BID
1445302907,1741.05,0.0321,ASK
1445302907,1741.01,0.0679,ASK
1445302909,1741.32,0.01,BID
1445302914,1741.32,0.0321,BID
1445302914,1741.32,0.6,BID
1445302916,1741.01,0.0321,ASK
1445302916,1740.88,0.0679,ASK
1445302917,1741.31,0.06,BID
1445302917,1741.31,0.0321,BID
1445302917,1741.31,0.0429,BID
1445302917,1741.31,0.01,BID
1445302917,1741.31,0.015,BID
1445302917,1741.32,0.12,BID
1445302917,1741.32,0.135,BID
1445302917,1741.07,16.124,BID
1445302918,1741.32,0.162,BID
1445302922,1741.08,0.0321,ASK
1445302922,1741.07,0.0444,ASK
1445302922,1741.06,0.6,ASK
1445302922,1741.05,1.9647,ASK
1445302924,1741.31,0.0444,BID
1445302924,1741.32,1.9906,BID
1445302924,1741.32,0.0482,BID
1445302924,1741.33,0.1,ASK
1445302924,1741.64,0.1422,BID
1445302925,1741.99,0.023,BID
1445302925,1741.66,0.0321,ASK
1445302935,1741.98,0.328,BID
1445302939,1741.98,0.169,BID
1445302939,1741.98,0.07,BID
1445302941,1741.98,0.033,BID
1445302941,1742.0,0.0573,BID
1445302941,1742.0,0.2157,BID
1445302941,1742.0,0.7843,BID
1445302941,1742.0,0.2157,BID
1445302942,1742.0,0.033,BID
1445302942,1742.0,0.033,BID
1445302943,1742.0,0.8229,BID
1445302943,1741.69,0.0321,ASK
1445302943,1741.68,0.06,ASK
1445302943,1741.68,0.0079,ASK
1445302945,1742.0,0.6079,BID
1445302946,1741.99,0.01,BID
1445302946,1741.99,0.0221,BID
1445302946,1742.0,0.0009,BID
1445302951,1741.99,0.06,BID
1445302951,1742.0,0.94,BID
1445302954,1741.66,0.1691,BID
1445302955,1741.38,0.0321,ASK
1445302955,1741.37,0.0679,BID
1445302955,1741.66,0.4801,BID
1445302956,1741.66,0.01,BID
1445302956,1741.66,0.4,BID
1445302956,1741.66,2.5808,BID
1445302961,1742.0,1.18,BID
1445302963,1741.96,0.5,BID
1445302963,1741.99,0.0321,BID
1445302963,1742.0,12.097,BID
1445302964,1742.0,1.058,BID
1445302965,1741.69,0.06,ASK
1445302967,1741.67,0.04,BID
1445302970,1742.0,15.098,BID
1445302976,1741.31,0.0321,ASK
1445302976,1741.31,0.0317,ASK
1445302976,1741.3,0.0362,ASK
1445302979,1741.67,0.01,ASK
1445302981,1741.67,0.01,ASK
1445302981,1741.67,0.023,ASK
1445302984,1741.23,0.0141,ASK
1445302984,1741.22,0.0859,ASK
1445302989,1741.62,0.01,BID
1445302991,1741.62,0.01,BID
1445302995,1741.32,0.1,ASK
1445303000,1741.61,0.01,BID
1445303006,1741.6,0.023,BID
1445303007,1741.23,0.02,ASK
1445303007,1741.22,0.08,ASK
1445303008,1741.59,0.01,BID
1445303017,1741.43,0.04,ASK
1445303017,1741.08,0.06,ASK
1445303029,1741.49,0.1,ASK
1445303030,1741.91,13.0,ASK
1445303030,1741.91,5.305,ASK
1445303035,1741.92,0.07,BID
1445303035,1741.99,0.0297,BID
1445303035,1741.99,0.0119,BID
1445303035,1741.99,0.0121,BID
1445303035,1742.0,3.6031,BID
1445303035,1742.0,0.1,BID
1445303036,1742.0,0.5,ASK
1445303037,1742.0,0.064,ASK
1445303038,1742.0,0.4,ASK
1445303038,1742.0,0.083,ASK
1445303038,1742.0,0.5,ASK
1445303038,1742.0,0.4,ASK
1445303038,1742.0,0.6,ASK
1445303038,1742.0,3.0,ASK
1445303039,1742.01,0.023,ASK
1445303039,1742.01,0.1,ASK
1445303040,1742.01,0.2846,ASK
1445303040,1742.01,0.05,BID
1445303040,1742.0,3.0,ASK
1445303043,1742.0,0.261,ASK
1445303044,1742.0,0.01,ASK
1445303045,1742.0,0.65,ASK
1445303045,1742.01,0.073,BID
1445303045,1742.01,0.2846,BID
1445303046,1742.01,0.01,ASK
1445303046,1742.01,0.133,ASK
1445303046,1742.01,0.1994,ASK
1445303046,1742.0,0.4506,ASK
1445303047,1742.0,0.1869,ASK
1445303050,1742.0,0.484,ASK
1445303051,1742.0,0.01,ASK
1445303051,1742.01,0.1,BID
1445303051,1742.01,0.3424,BID
1445303051,1742.01,0.1576,ASK
1445303051,1742.0,0.4924,ASK
1445303051,1742.0,0.01,ASK
1445303051,1742.0,0.037,ASK
1445303053,1742.02,0.01,ASK
1445303053,1742.03,1.0,ASK
1445303053,1742.03,17.453,ASK
1445303054,1742.02,0.1,ASK
1445303054,1742.0,0.24,ASK
1445303054,1742.0,0.663,ASK
1445303054,1742.0,0.563,ASK
1445303054,1742.0,0.34,ASK
1445303054,1742.0,0.663,ASK
1445303054,1742.0,0.663,ASK
1445303054,1742.0,0.563,ASK
1445303054,1742.0,0.663,ASK
1445303054,1742.0,0.563,ASK
1445303055,1742.0,0.023,ASK
1445303056,1742.0,0.532,ASK
1445303057,1742.0,0.65,ASK
1445303058,1742.0,2.131,ASK
1445303058,1742.0,0.65,ASK
1445303058,1742.0,0.1,ASK
1445303059,1742.0,0.65,ASK
1445303060,1742.0,0.65,ASK
1445303061,1742.0,0.65,ASK
1445303062,1742.0,0.1833,ASK
1445303065,1742.0,0.14,ASK
1445303065,1742.0,0.013,ASK
1445303066,1742.0,0.055,ASK
1445303066,1742.0,0.65,ASK
1445303067,1742.0,12.036,ASK
1445303075,1741.96,0.0021,BID
1445303075,1741.97,0.0079,BID
1445303075,1741.62,0.001,ASK
1445303076,1741.97,0.01,BID
1445303077,1741.97,0.6871,BID
1445303077,1741.97,5.754,BID
1445303077,1741.99,0.65,BID
1445303077,1741.99,0.65,BID
1445303077,1742.0,0.1,BID
1445303078,1742.0,0.6,ASK
1445303078,1742.0,0.06,ASK
1445303080,1742.0,0.1,ASK
1445303081,1742.0,0.65,ASK
1445303082,1742.01,0.0321,ASK
1445303082,1742.0,0.6179,ASK
1445303083,1742.0,0.131,ASK
1445303092,1741.98,0.02,BID
1445303093,1741.28,0.06,ASK
1445303093,1741.1,0.0269,ASK
1445303093,1741.1,0.0131,ASK
1445303103,1741.28,0.0051,ASK
1445303106,1741.26,0.0949,BID
1445303108,1741.53,0.0949,ASK
1445303109,1741.52,0.0949,ASK
1445303115,1741.29,0.0334,ASK
1445303115,1741.27,0.0616,ASK
1445303116,1741.27,0.0333,ASK
1445303118,1741.05,0.1,ASK
1445303121,1741.24,0.0001,BID
1445303121,1741.26,0.0949,BID
1445303121,1741.26,0.094,BID
1445303121,1741.48,0.035,BID
1445303130,1741.05,0.1,ASK
1445303130,1741.05,0.01,ASK
1445303131,1741.05,0.029,ASK
1445303131,1741.05,0.65,ASK
1445303132,1741.05,0.1257,ASK
1445303132,1741.05,0.08,ASK
1445303133,1741.05,0.441,ASK
1445303134,1741.05,0.01,ASK
1445303135,1741.05,0.095,ASK
1445303136,1741.05,0.16,ASK
1445303136,1741.05,0.755,ASK
1445303136,1741.05,1.2321,ASK
1445303140,1740.82,0.1,ASK
1445303141,1740.82,0.14,ASK
1445303145,1740.78,0.035,BID
1445303145,1740.81,0.24,BID
1445303145,1740.81,0.24,BID
1445303145,1740.83,0.01,ASK
1445303145,1740.83,0.2236,ASK
1445303145,1740.83,0.06,ASK
1445303147,1741.03,0.0171,BID
1445303147,1741.03,0.0003,BID
1445303147,1740.83,0.547,ASK
1445303147,1740.83,0.0004,ASK
1445303149,1739.9,0.5,ASK
1445303151,1739.9,0.302,ASK
1445303151,1740.25,0.023,BID
1445303159,1739.82,0.06,ASK
1445303159,1739.81,0.34,ASK
1445303164,1739.81,0.239,ASK
1445303167,1739.81,0.03,ASK
1445303169,1739.81,0.198,ASK
1445303170,1739.81,0.465,ASK
1445303171,1739.81,0.568,ASK
1445303175,1739.81,0.179,ASK
1445303179,1739.81,0.08,ASK
1445303180,1739.81,0.464,ASK
1445303180,1739.81,0.8649,ASK
1445303182,1739.81,0.1009,ASK
1445303184,1739.81,0.1,ASK
1445303184,1739.81,5.0,ASK
1445303185,1739.81,1.24,ASK
1445303185,1739.81,0.35,ASK
1445303185,1739.81,0.1,ASK
1445303185,1739.81,0.1,ASK
1445303185,1739.81,0.75,ASK
1445303186,1739.81,0.1,ASK
1445303186,1739.81,0.6,ASK
1445303187,1739.81,1.35,ASK
1445303188,1739.81,0.208,ASK
1445303189,1739.81,0.18,ASK
1445303189,1739.81,0.4929,ASK
1445303189,1739.81,0.726,ASK
1445303189,1739.81,0.01,ASK
1445303192,1739.81,0.01,ASK
1445303194,1739.97,0.0101,BID
1445303194,1739.97,0.0321,BID
1445303194,1739.98,0.2014,BID
1445303194,1740.09,0.2411,BID
1445303194,1740.13,0.802,BID
1445303194,1740.25,0.341,BID
1445303194,1740.52,0.3723,BID
1445303194,1739.81,0.01,ASK
1445303194,1739.81,0.01,ASK
1445303194,1739.82,8.0,ASK
1445303194,1739.82,6.297,ASK
1445303195,1739.81,0.151,ASK
1445303197,1739.99,0.09,ASK
1445303197,1740.0,0.0101,BID
1445303198,1739.99,0.1114,ASK
1445303199,1739.91,0.079,BID
1445303201,1739.91,0.011,BID
1445303202,1739.91,0.01,BID
1445303212,1739.81,2.791,ASK
1445303213,1739.81,0.75,ASK
1445303215,1739.81,0.75,ASK
1445303215,1739.81,0.01,ASK
1445303216,1739.81,0.319,ASK
1445303217,1739.81,0.7,ASK
1445303218,1739.81,0.515,ASK
1445303220,1739.81,0.067,ASK
1445303228,1739.78,0.1,ASK
1445303229,1739.79,1.286,BID
1445303230,1739.78,0.023,ASK
1445303230,1739.79,0.027,BID
1445303231,1739.8,0.5478,ASK
1445303231,1739.78,0.6322,ASK
1445303232,1739.78,0.01,ASK
1445303232,1739.78,0.65,ASK
1445303233,1739.79,0.0321,ASK
1445303233,1739.78,1.1479,ASK
1445303233,1739.78,0.015,ASK
1445303234,1739.78,0.0321,ASK
1445303234,1739.78,0.01,ASK
1445303234,1739.78,1.5849,ASK
1445303235,1739.78,0.739,ASK
1445303236,1739.78,0.035,ASK
1445303237,1739.78,0.05,ASK
1445303239,1739.78,0.012,ASK
1445303240,1739.78,0.192,ASK
1445303241,1739.78,0.013,ASK
1445303241,1739.78,0.01,ASK
1445303242,1739.78,0.452,ASK
1445303242,1739.78,5.0,ASK
1445303242,1739.78,0.25,ASK
1445303242,1739.78,0.108,ASK
1445303242,1739.78,0.108,ASK
1445303243,1739.78,0.058,ASK
1445303243,1739.78,0.377,ASK
1445303243,1739.78,0.0214,ASK
1445303243,1739.73,0.01,ASK
1445303244,1739.73,0.4564,ASK
1445303245,1739.73,0.93,ASK
1445303246,1739.73,0.781,ASK
1445303246,1739.73,0.5,ASK
1445303247,1739.73,0.126,ASK
1445303247,1739.73,0.409,ASK
1445303248,1739.73,0.076,ASK
1445303248,1739.73,0.076,ASK
1445303248,1739.73,0.056,ASK
1445303249,1739.73,1.336,ASK
1445303249,1739.73,0.014,ASK
1445303249,1739.76,0.001,BID
1445303249,1739.73,0.01,ASK
1445303250,1739.73,0.02,ASK
1445303250,1739.73,0.09,ASK
1445303251,1739.73,1.206,ASK
1445303251,1739.73,0.1656,ASK
1445303251,1739.73,0.768,ASK
1445303251,1739.39,0.006,ASK
1445303251,1738.02,1.3105,ASK
1445303251,1738.01,0.5395,ASK
1445303251,1738.01,0.5,ASK
1445303252,1739.49,0.341,BID
1445303252,1739.72,0.341,BID
1445303252,1739.75,0.09,BID
1445303252,1739.76,0.0125,BID
1445303252,1739.76,0.0101,BID
1445303252,1739.77,0.377,BID
1445303252,1739.77,0.289,BID
1445303252,1739.77,2.25,ASK
1445303252,1739.77,2.0,ASK
1445303252,1739.77,2.0,ASK
1445303253,1739.77,0.768,ASK
1445303253,1739.77,1.159,ASK
1445303253,1739.77,0.768,ASK
1445303253,1739.77,0.6,ASK
1445303253,1739.77,0.7,ASK
1445303253,1739.96,22.0,ASK
1445303253,1739.96,5.166,ASK
1445303254,1739.77,2.5,ASK
1445303254,1739.77,0.254,ASK
1445303254,1739.77,0.254,ASK
1445303254,1739.77,2.0,ASK
1445303254,1739.77,1.59,ASK
1445303254,1739.77,0.254,ASK
1445303254,1739.77,1.911,ASK
1445303255,1739.77,0.03,ASK
1445303255,1739.79,0.09,ASK
1445303255,1739.79,0.79,ASK
1445303256,1739.8,16.0,ASK
1445303256,1739.8,1.0,ASK
1445303256,1739.8,1.957,ASK
1445303256,1739.79,1.0,ASK
1445303256,1739.79,0.866,ASK
1445303256,1739.79,0.363,ASK
1445303256,1739.79,0.523,ASK
1445303257,1739.79,0.01,ASK
1445303257,1739.79,0.043,ASK
1445303257,1739.79,0.01,ASK
1445303258,1739.79,0.509,ASK
1445303259,1739.79,0.8,ASK
1445303259,1739.79,0.01,ASK
1445303260,1739.8,13.0,ASK
1445303260,1739.8,8.799,ASK
1445303261,1739.79,0.148,ASK
1445303261,1739.79,0.025,ASK
1445303262,1739.79,0.394,ASK
1445303262,1739.79,17.4093,ASK
1445303263,1739.78,0.039,ASK
1445303263,1739.78,0.0493,ASK
1445303263,1739.78,0.0647,ASK
1445303263,1739.78,0.044,ASK
1445303263,1739.77,1.235,ASK
1445303264,1739.77,0.197,ASK
1445303264,1739.77,3.309,ASK
1445303264,1739.77,0.5,ASK
1445303265,1739.77,0.01,ASK
1445303266,1739.77,0.089,ASK
1445303266,1739.77,0.6,ASK
1445303267,1739.77,2.075,ASK
1445303268,1739.78,0.01,BID
1445303268,1739.78,3.0,BID
1445303269,1739.78,2.867,BID
1445303269,1739.77,0.2261,ASK
1445303269,1739.77,0.5748,BID
1445303270,1739.77,0.01,BID
1445303270,1739.77,0.4996,BID
1445303270,1739.78,0.0752,BID
1445303271,1739.77,0.5748,BID
1445303273,1739.77,0.01,BID
1445303282,1739.76,0.06,BID
1445303282,1739.77,0.1152,BID
1445303282,1739.77,0.1315,BID
1445303282,1739.78,2.0478,BID
1445303282,1739.78,0.1315,BID
1445303282,1739.79,3.2538,BID
1445303284,1739.8,0.0101,ASK
1445303284,1739.8,0.918,ASK
1445303285,1739.8,0.65,ASK
1445303285,1739.8,0.128,ASK
1445303286,1739.8,0.65,ASK
1445303286,1739.8,3.0,ASK
1445303286,1739.8,0.011,ASK
1445303286,1739.8,0.6,ASK
1445303287,1739.8,2.781,ASK
1445303287,1739.8,0.65,ASK
1445303287,1739.8,0.6,ASK
1445303288,1739.8,0.177,ASK
1445303288,1739.81,0.01,ASK
1445303288,1739.81,0.092,ASK
1445303289,1739.81,0.498,ASK
1445303289,1739.8,0.168,ASK
1445303289,1739.8,0.069,ASK
1445303290,1739.8,0.6,ASK
1445303290,1739.8,1.2181,ASK
1445303290,1739.8,0.044,ASK
1445303290,1739.79,0.8829,ASK
1445303290,1739.79,0.498,ASK
1445303290,1739.79,0.4,ASK
1445303290,1739.79,0.5,ASK
1445303291,1739.8,0.0217,ASK
1445303291,1739.8,0.0759,ASK
1445303291,1739.79,0.9164,ASK
1445303291,1739.79,0.498,ASK
1445303291,1739.8,9.0,ASK
1445303291,1739.8,7.318,ASK
1445303292,1739.79,0.2,ASK
1445303292,1739.79,0.5,ASK
1445303292,1739.79,0.01,ASK
1445303293,1739.8,0.205,ASK
1445303293,1739.8,0.495,ASK
1445303293,1739.79,2.405,ASK
1445303294,1739.79,0.013,ASK
1445303294,1739.79,0.484,ASK
1445303295,1739.79,0.0976,ASK
1445303295,1739.79,0.1,ASK
1445303296,1739.79,0.217,ASK
1445303296,1739.79,0.01,ASK
1445303296,1739.79,0.5,ASK
1445303296,1739.91,9.771,ASK
1445303297,1739.79,0.013,ASK
1445303297,1739.79,0.7,ASK
1445303298,1739.79,0.01,ASK
1445303298,1739.96,10.763,ASK
1445303299,1739.79,0.01,ASK
1445303300,1739.79,0.01,ASK
1445303300,1739.79,0.157,ASK
1445303301,1739.79,2.007,ASK
1445303302,1739.79,2.0,ASK
1445303302,1739.79,0.01,ASK
1445303305,1739.79,0.01,ASK
1445303305,1739.79,2.0,ASK
1445303308,1739.97,0.0101,BID
1445303308,1739.97,1.426,ASK
1445303309,1739.97,1.17,ASK
1445303309,1739.97,0.0101,ASK
1445303310,1739.97,0.0321,ASK
1445303310,1739.97,0.5,ASK
1445303310,1739.97,0.448,ASK
1445303311,1739.97,0.1,ASK
1445303311,1739.97,0.02,ASK
1445303312,1739.98,0.01,BID
1445303312,1739.98,0.1,BID
1445303314,1739.98,0.0914,BID
1445303333,1740.39,0.221,ASK
1445303334,1740.56,0.45,BID
1445303334,1740.51,0.01,ASK
1445303335,1740.55,0.0225,BID
1445303335,1740.58,0.0919,BID
1445303335,1740.59,0.3306,BID
1445303336,1740.57,0.032,ASK
1445303336,1740.58,0.035,BID
1445303337,1740.58,0.019,ASK
1445303338,1740.57,0.418,ASK
1445303338,1740.51,0.2113,ASK
1445303338,1740.39,0.1278,ASK
1445303338,1740.0,0.0101,ASK
1445303338,1739.99,0.11,ASK
1445303338,1739.99,0.1914,ASK
1445303338,1739.98,0.0101,ASK
1445303338,1739.98,0.0224,ASK
1445303338,1739.97,0.5939,ASK
1445303338,1740.56,0.01,ASK
1445303340,1740.0,1.676,BID
1445303340,1740.0,0.06,BID
1445303341,1740.0,0.7,BID
1445303342,1740.0,0.75,BID
1445303342,1739.99,0.0321,ASK
1445303342,1739.98,0.127,ASK
1445303342,1739.98,0.2589,ASK
1445303343,1740.0,0.395,BID
1445303343,1740.0,0.959,BID
1445303343,1740.0,12.3391,BID
1445303343,1740.47,0.028,BID
1445303343,1740.53,0.11,BID
1445303343,1740.56,0.0111,BID
1445303345,1740.56,0.397,ASK
1445303347,1740.56,0.6891,ASK
1445303347,1740.11,0.01,ASK
1445303347,1740.01,0.3869,ASK
1445303347,1740.01,0.08,ASK
1445303350,1740.01,0.1078,ASK
1445303350,1739.99,0.0495,ASK
1445303350,1739.98,0.4817,ASK
1445303354,1739.98,0.01,BID
1445303357,1739.97,0.1519,ASK
1445303358,1740.44,0.0039,BID
1445303373,1739.97,0.058,ASK
1445303374,1739.97,0.793,ASK
1445303376,1739.97,0.01,ASK
1445303377,1739.97,0.035,ASK
1445303378,1739.97,0.65,ASK
1445303379,1739.97,0.65,ASK
1445303380,1739.97,0.524,ASK
1445303381,1739.97,1.914,ASK
1445303383,1739.97,1.054,ASK
1445303384,1739.97,0.774,ASK
1445303385,1739.97,0.091,ASK
1445303386,1739.97,0.279,ASK
1445303387,1739.97,0.023,ASK
1445303388,1739.97,0.001,ASK
1445303388,1739.97,0.01,ASK
1445303388,1739.97,0.019,ASK
1445303390,1739.97,0.186,ASK
1445303404,1739.97,0.023,ASK
1445303405,1739.97,0.059,ASK
1445303406,1739.97,0.01,ASK
1445303406,1739.97,0.023,ASK
1445303407,1739.97,0.131,ASK
1445303407,1739.97,0.164,ASK
1445303407,1739.97,0.081,ASK
1445303408,1739.97,0.015,ASK
1445303408,1739.97,0.131,ASK
1445303409,1739.97,0.016,ASK
1445303409,1739.97,1.48,ASK
1445303410,1739.97,0.5,ASK
1445303410,1739.97,0.5768,ASK
1445303412,1739.78,0.807,ASK
1445303412,1739.8,0.023,BID
1445303412,1739.8,0.027,ASK
1445303413,1739.86,0.73,BID
1445303413,1739.86,0.035,BID
1445303413,1739.88,0.026,ASK
1445303413,1739.8,0.28,ASK
1445303415,1739.8,0.054,ASK
1445303415,1739.95,0.037,BID
1445303415,1739.95,0.0221,BID
1445303415,1740.31,0.06,BID
1445303415,1740.36,0.7,BID
1445303415,1740.38,0.6,BID
1445303415,1740.38,0.7406,BID
1445303415,1740.4,0.4203,BID
1445303416,1739.8,0.015,ASK
1445303416,1739.81,0.0207,ASK
1445303416,1739.8,0.0793,ASK
1445303417,1739.9,0.0019,BID
1445303419,1739.97,0.023,ASK
1445303428,1739.98,0.06,ASK
1445303430,1739.97,0.06,BID
1445303439,1740.01,0.5,ASK
1445303447,1740.01,0.2,ASK
1445303447,1740.01,0.3,ASK
1445303451,1740.01,0.3,ASK
1445303453,1740.01,0.3,BID
1445303455,1740.02,0.3,ASK
1445303458,1740.0,4.346,ASK
1445303460,1740.0,0.015,ASK
1445303461,1740.0,1.455,ASK
1445303462,1740.03,0.015,ASK
1445303463,1740.0,0.485,ASK
1445303464,1740.0,0.297,ASK
1445303465,1740.0,0.874,ASK
1445303467,1740.0,0.415,ASK
1445303467,1740.0,0.01,ASK
1445303467,1740.0,0.4,ASK
1445303467,1740.0,0.6,ASK
1445303467,1740.0,0.168,ASK
1445303467,1740.0,0.016,ASK
1445303471,1740.0,0.168,ASK
1445303472,1740.0,0.187,ASK
1445303473,1740.0,0.03,ASK
1445303474,1740.0,0.023,ASK
1445303475,1740.0,1.44,ASK
1445303476,1740.0,0.365,ASK
1445303476,1740.0,0.01,ASK
1445303476,1740.0,0.0019,ASK
1445303477,1740.0,0.669,ASK
1445303478,1740.0,0.019,ASK
1445303478,1740.0,0.0019,ASK
1445303479,1740.0,0.019,ASK
1445303480,1740.01,14.7915,BID
1445303480,1740.3,0.06,BID
1445303480,1740.39,0.0207,BID
1445303480,1740.4,0.4362,BID
1445303480,1740.53,0.3694,BID
1445303480,1740.55,0.297,BID
1445303480,1740.58,0.06,BID
1445303480,1740.6,0.03,BID
1445303480,1740.81,0.01,BID
1445303480,1740.82,0.5474,BID
1445303480,1741.03,0.1,BID
1445303480,1741.03,5.9215,BID
1445303480,1741.04,0.65,BID
1445303480,1741.77,0.371,BID
1445303480,1741.99,0.519,BID
1445303480,1741.99,0.65,BID
1445303480,1742.0,1.6769,BID
1445303480,1742.0,0.1,BID
1445303480,1742.09,0.517,BID
1445303480,1742.09,0.517,BID
1445303480,1742.19,0.01,BID
1445303480,1742.23,0.1,BID
1445303480,1742.44,0.1657,BID
1445303480,1742.53,0.002,BID
1445303480,1742.7,0.297,BID
1445303480,1742.98,0.1,BID
1445303480,1743.0,0.2,BID
1445303480,1743.23,0.004,BID
1445303480,1743.32,0.5,BID
1445303480,1743.32,0.5,BID
1445303480,1743.42,0.075,BID
1445303480,1743.43,0.05,BID
1445303480,1743.53,0.0105,BID
1445303480,1743.71,8.3412,BID
1445303480,1740.0,1.8373,ASK
1445303480,1739.98,0.06,ASK
1445303480,1739.91,0.6827,ASK
1445303481,1739.99,14.0,BID
1445303481,1739.99,2.244,BID
1445303481,1739.93,0.019,BID
1445303481,1740.0,0.0019,BID
1445303482,1740.02,0.0282,ASK
1445303483,1740.02,0.5256,ASK
1445303483,1740.01,0.01,ASK
1445303483,1740.01,0.0182,BID
1445303495,1740.24,0.0019,BID
1445303496,1740.34,0.0019,ASK
1445303496,1740.34,0.011,ASK
1445303497,1740.34,0.179,ASK
1445303498,1740.34,0.023,ASK
1445303499,1740.34,1.07,ASK
1445303500,1740.7,0.008,ASK
1445303500,1740.34,0.046,ASK
1445303501,1740.35,0.0321,ASK
1445303501,1740.34,0.0679,ASK
1445303502,1740.34,0.6,ASK
1445303502,1740.39,0.1,ASK
1445303502,1740.39,0.4,ASK
1445303503,1740.39,0.277,ASK
1445303503,1740.34,0.323,ASK
1445303503,1740.34,0.5,ASK
1445303503,1740.34,0.4,ASK
1445303503,1740.34,0.8,ASK
1445303503,1740.34,0.6,ASK
1445303503,1740.34,0.1,ASK
1445303503,1740.34,2.3862,ASK
1445303503,1740.34,3.37,ASK
1445303504,1740.34,0.277,ASK
1445303504,1740.34,1.99,ASK
1445303506,1740.34,0.609,ASK
1445303506,1740.34,0.8,ASK
1445303506,1740.34,0.798,ASK
1445303507,1740.34,0.035,ASK
1445303507,1740.37,0.1,ASK
1445303507,1740.37,0.474,ASK
1445303507,1740.35,0.026,ASK
1445303507,1740.35,0.01,ASK
1445303507,1740.35,0.01,ASK
1445303508,1740.35,0.2,ASK
1445303508,1740.35,0.5,ASK
1445303508,1740.35,0.5642,ASK
1445303508,1740.34,0.1758,ASK
1445303508,1740.34,0.64,ASK
1445303508,1740.35,1.0,ASK
1445303508,1740.35,1.0,ASK
1445303508,1740.35,2.576,ASK
1445303509,1740.34,0.061,ASK
1445303510,1740.34,0.038,ASK
1445303511,1740.36,0.06,ASK
1445303511,1740.34,0.44,ASK
1445303511,1740.34,0.8,ASK
1445303511,1740.34,0.172,ASK
1445303511,1740.34,0.5,ASK
1445303511,1740.34,0.04,ASK
1445303511,1740.34,0.6,ASK
1445303511,1740.49,0.0019,BID
1445303511,1740.57,0.0031,BID
1445303512,1740.34,0.65,ASK
1445303512,1740.34,0.023,ASK
1445303513,1740.35,0.023,ASK
1445303513,1740.35,0.0277,ASK
1445303513,1740.34,0.0223,ASK
1445303513,1740.34,0.96,ASK
1445303514,1739.91,0.5,ASK
1445303516,1739.91,0.909,ASK
1445303516,1739.91,0.168,ASK
1445303516,1740.04,0.368,BID
1445303517,1740.06,0.5,ASK
1445303517,1740.06,0.56,ASK
1445303517,1739.91,0.353,ASK
1445303518,1739.91,0.167,ASK
1445303518,1739.91,1.0,ASK
1445303519,1739.91,0.0134,ASK
1445303519,1739.8,0.4866,ASK
1445303521,1739.8,0.6812,ASK
1445303521,1739.8,0.013,ASK
1445303521,1739.8,0.5,ASK
1445303521,1739.81,0.01,BID
1445303523,1739.8,0.161,ASK
1445303523,1739.8,0.161,ASK
1445303523,1739.81,0.01,ASK
1445303523,1739.8,0.39,ASK
1445303523,1739.8,0.023,ASK
