timestamp,price,amount,side
1444175184,1596.09,0.5249,ASK
1444175184,1596.06,0.5249,ASK
1444175184,1596.04,0.1171,ASK
1444175186,1596.02,0.6,BID
1444175204,1596.01,0.0224,BID
1444175204,1596.02,0.557,BID
1444175206,1596.02,0.0001,BID
1444175206,1596.02,0.001,BID
1444175218,1596.36,0.029,BID
1444175219,1596.36,0.436,ASK
1444175223,1596.35,0.0644,BID
1444175223,1596.42,0.0996,BID
1444175224,1596.34,0.0644,BID
1444175225,1596.34,0.0245,BID
1444175230,1596.5,0.211,BID
1444175243,1596.5,0.251,BID
1444175243,1596.5,0.251,BID
1444175248,1596.26,0.153,ASK
1444175259,1596.5,0.2358,BID
1444175264,1596.5,0.0512,BID
1444175264,1596.58,0.0488,ASK
1444175267,1596.46,16.0,BID
1444175267,1596.46,1.53,BID
1444175283,1596.83,0.1,BID
1444175283,1596.85,0.004,BID
1444175284,1596.96,0.1,ASK
1444175284,1596.95,0.0002,ASK
1444175285,1596.82,0.004,BID
1444175285,1597.0,0.3,BID
1444175285,1597.0,0.1,BID
1444175287,1596.84,0.096,ASK
1444175312,1597.13,0.8,BID
1444175314,1597.13,0.6,BID
1444175315,1597.13,0.4,BID
1444175317,1597.13,0.0927,BID
1444175317,1597.13,0.396,BID
1444175317,1597.13,0.104,BID
1444175318,1597.13,0.261,BID
1444175318,1596.49,8.0,BID
1444175318,1596.49,0.937,BID
1444175325,1597.13,0.6,BID
1444175326,1597.13,0.2087,BID
1444175327,1597.15,0.02,BID
1444175328,1597.14,0.01,ASK
1444175328,1597.15,0.054,BID
1444175329,1597.15,0.6261,BID
1444175330,1597.15,0.6261,BID
1444175330,1597.15,1.0,BID
1444175332,1597.15,1.0,BID
1444175333,1597.15,0.3028,BID
1444175333,1597.16,0.0017,BID
1444175334,1597.99,20.802,BID
1444175354,1597.36,0.524,ASK
1444175355,1597.37,0.324,ASK
1444175356,1597.37,0.076,ASK
1444175356,1597.35,0.06,ASK
1444175356,1597.33,0.014,ASK
1444175359,1597.33,0.01,ASK
1444175376,1597.73,0.05,BID
1444175379,1597.73,0.01,BID
1444175380,1597.73,0.01,BID
1444175384,1597.73,0.118,BID
1444175387,1597.73,0.07,ASK
1444175398,1597.97,0.001,BID
1444175407,1597.63,0.0047,BID
1444175407,1597.63,0.06,BID
1444175408,1597.63,0.3353,ASK
1444175435,1597.2,0.06,ASK
1444175435,1597.19,0.02,ASK
1444175435,1597.18,0.0607,ASK
1444175435,1597.18,0.3993,ASK
1444175436,1597.18,0.0007,ASK
1444175436,1597.17,0.0593,ASK
1444175441,1597.17,0.01,ASK
1444175442,1597.17,0.396,ASK
1444175445,1597.18,0.01,ASK
1444175448,1597.18,0.02,ASK
1444175452,1597.18,0.01,ASK
1444175454,1597.18,0.0074,ASK
1444175454,1597.18,0.0198,ASK
1444175454,1597.17,0.5828,ASK
1444175460,1597.17,0.01,ASK
1444175463,1597.17,0.1079,ASK
1444175463,1597.17,0.0474,ASK
1444175463,1597.16,0.181,ASK
1444175464,1597.16,0.1406,ASK
1444175464,1597.16,0.3594,ASK
1444175465,1597.51,13.0,ASK
1444175465,1597.51,2.0,ASK
1444175465,1597.51,4.948,ASK
1444175465,1597.16,0.14,ASK
1444175465,1597.16,0.1267,ASK
1444175465,1597.14,0.5813,ASK
1444175467,1597.0,7.445,ASK
1444175473,1597.0,0.06,BID
1444175473,1597.01,0.0587,BID
1444175473,1597.07,0.01,BID
1444175474,1597.92,14.0,BID
1444175474,1597.92,1.808,BID
1444175474,1597.16,1.059,ASK
1444175498,1597.55,0.0383,BID
1444175498,1597.56,0.383,BID
1444175498,1597.56,0.3827,BID
1444175498,1597.56,0.0003,BID
1444175500,1597.85,0.0262,BID
1444175500,1597.87,0.0931,BID
1444175500,1597.88,0.4,BID
1444175501,1597.88,0.0047,ASK
1444175503,1597.84,0.46,BID
1444175503,1597.9,0.001,BID
1444175506,1597.9,0.016,BID
1444175506,1597.89,0.0593,BID
1444175506,1597.9,0.0476,BID
1444175506,1597.98,0.0377,BID
1444175506,1597.99,0.5,BID
1444175506,1597.99,0.1214,BID
1444175508,1597.87,10.0,BID
1444175508,1597.87,2.725,BID
1444175512,1597.99,0.2806,BID
1444175514,1597.99,0.6258,BID
1444175520,1597.87,0.0224,ASK
1444175521,1597.86,0.0224,ASK
1444175523,1597.87,0.0224,ASK
1444175523,1597.79,0.06,ASK
1444175545,1597.74,0.01,BID
1444175546,1597.74,0.01,BID
1444175557,1597.73,0.04,BID
1444175559,1597.76,0.143,ASK
1444175572,1597.78,0.399,BID
1444175575,1597.79,0.3906,BID
1444175576,1597.79,0.02,BID
1444175577,1597.79,0.1559,BID
1444175579,1597.79,0.6,BID
1444175580,1597.78,0.02,BID
1444175580,1597.78,0.011,BID
1444175580,1597.79,0.0205,BID
1444175580,1597.97,0.0138,BID
1444175580,1597.98,0.4347,BID
1444175583,1597.82,0.031,ASK
1444175583,1597.81,0.62,ASK
1444175583,1597.8,0.6,ASK
1444175584,1597.29,0.03,BID
1444175584,1597.29,0.5246,BID
1444175585,1597.29,0.32,BID
1444175585,1597.29,0.2,BID
1444175585,1597.29,0.02,BID
1444175586,1597.29,1.722,BID
1444175586,1597.29,0.2,BID
1444175586,1597.29,0.19,BID
1444175586,1597.29,0.6261,BID
1444175587,1597.29,0.0295,BID
1444175592,1597.79,0.0305,BID
1444175592,1597.8,0.0493,BID
1444175593,1597.8,0.5707,BID
1444175597,1597.96,0.01,BID
1444175598,1597.95,0.0262,BID
1444175599,1597.98,0.0262,BID
1444175600,1597.98,0.5841,BID
1444175600,1598.0,0.0262,BID
1444175601,1597.97,0.5146,BID
1444175601,1598.0,0.0695,BID
1444175602,1598.0,0.2043,BID
1444175602,1598.0,0.2093,BID
1444175602,1598.01,0.0695,BID
1444175605,1598.01,0.01,BID
1444175611,1598.01,0.02,BID
1444175612,1598.01,0.01,BID
1444175613,1598.01,0.1,BID
1444175614,1598.01,0.6258,BID
1444175615,1598.01,0.6258,BID
1444175616,1598.01,0.5244,BID
1444175616,1598.01,0.1014,BID
1444175617,1598.01,0.0136,BID
1444175617,1598.02,0.6122,BID
1444175620,1598.02,0.01,BID
1444175629,1598.02,0.1,BID
1444175630,1598.02,0.6258,BID
1444175631,1598.02,0.6258,BID
1444175633,1598.02,0.6258,BID
1444175634,1598.02,0.6258,BID
1444175635,1598.02,0.6258,BID
1444175637,1598.02,0.6258,BID
1444175639,1598.02,0.6258,BID
1444175640,1598.02,0.8,BID
1444175640,1598.02,0.6258,BID
1444175641,1598.02,0.6258,BID
1444175642,1598.02,0.6258,BID
1444175643,1598.02,0.6258,BID
1444175644,1598.02,0.6258,BID
1444175666,1598.01,12.9863,BID
1444175673,1597.99,0.5,BID
1444175675,1598.01,0.021,BID
1444175676,1598.01,0.01,BID
1444175678,1598.01,0.072,BID
1444175681,1598.0,0.01,ASK
1444175686,1597.96,0.01,ASK
1444175691,1597.96,0.0162,ASK
1444175691,1597.82,0.0793,ASK
1444175691,1597.81,0.0595,ASK
1444175711,1597.53,0.0262,ASK
1444175711,1597.51,0.015,ASK
1444175711,1597.5,0.3,ASK
1444175711,1597.35,0.4,ASK
1444175711,1597.34,0.0764,ASK
1444175712,1597.49,0.0227,BID
1444175712,1597.49,0.2361,BID
1444175712,1597.53,0.01,BID
1444175712,1597.54,0.2788,ASK
1444175765,1597.9,0.0097,BID
1444175765,1597.99,0.4,BID
1444175765,1598.0,0.7703,BID
1444175769,1597.35,0.0097,ASK
1444175769,1597.34,0.0003,ASK
1444175770,1597.34,0.01,ASK
1444175771,1597.35,0.4,ASK
1444175771,1597.34,0.0233,ASK
1444175771,1597.34,0.39,ASK
1444175771,1597.33,0.0583,ASK
1444175771,1597.32,0.1517,ASK
1444175773,1597.33,0.01,BID
1444175785,1597.35,0.4,ASK
1444175800,1597.34,0.6,ASK
1444175803,1597.32,0.01,ASK
1444175822,1597.32,0.01,ASK
1444175824,1597.32,0.1834,ASK
1444175824,1597.32,0.01,ASK
1444175825,1597.32,0.65,ASK
1444175826,1597.32,0.65,ASK
1444175826,1597.32,2.9487,ASK
1444175827,1597.31,0.3779,ASK
1444175827,1597.31,0.65,ASK
1444175828,1597.31,0.09,ASK
1444175828,1597.31,0.321,ASK
1444175829,1597.31,0.5618,ASK
1444175830,1597.31,0.1928,ASK
1444175830,1597.31,0.65,ASK
1444175830,1597.31,1.1645,ASK
1444175831,1597.31,0.65,ASK
1444175831,1597.31,0.342,ASK
1444175834,1597.0,0.1136,ASK
1444175834,1597.0,0.01,ASK
1444175835,1597.0,0.1764,ASK
1444175835,1597.0,1.0,ASK
1444175854,1596.97,0.04,BID
1444175883,1596.97,0.699,ASK
1444175884,1596.97,1.8804,ASK
1444175907,1596.94,0.02,BID
1444175907,1596.95,0.6506,BID
1444175907,1596.96,0.65,BID
1444175907,1596.99,0.558,BID
1444175955,1596.25,0.06,ASK
1444175955,1596.24,0.1168,ASK
1444175955,1596.24,0.2232,ASK
1444176002,1596.24,0.01,ASK
1444176004,1596.96,5.0,ASK
1444176004,1596.96,5.0,ASK
1444176004,1596.96,0.759,ASK
1444176007,1596.24,0.01,ASK
1444176029,1596.25,0.0357,ASK
1444176029,1596.24,0.5643,ASK
1444176036,1596.96,0.06,BID
1444176036,1596.97,0.1357,BID
1444176038,1596.97,0.549,ASK
1444176038,1596.97,1.0,ASK
1444176038,1596.97,2.078,ASK
1444176040,1596.97,5.804,ASK
1444176040,1596.97,0.1503,ASK
1444176040,1596.97,0.3,ASK
1444176040,1596.97,0.59,ASK
1444176041,1596.97,0.65,ASK
1444176042,1596.97,0.2,ASK
1444176042,1596.97,0.65,ASK
1444176042,1596.97,0.895,ASK
1444176043,1596.97,0.65,ASK
1444176044,1596.97,0.65,ASK
1444176044,1596.97,0.2,ASK
1444176045,1596.97,0.65,ASK
1444176046,1596.97,0.65,ASK
1444176047,1596.97,0.155,ASK
1444176047,1596.97,0.04,ASK
1444176047,1596.97,0.65,ASK
1444176047,1596.97,0.166,ASK
1444176048,1596.97,0.65,ASK
1444176049,1596.97,0.65,ASK
1444176049,1596.97,0.334,ASK
1444176050,1596.98,0.0228,ASK
1444176050,1596.98,0.65,ASK
1444176051,1596.98,0.2,ASK
1444176052,1596.98,0.0309,ASK
1444176053,1596.98,0.1023,ASK
1444176053,1596.97,0.2309,ASK
1444176053,1596.97,2.0,ASK
1444176054,1596.97,0.1332,ASK
1444176056,1596.97,0.2,ASK
1444176057,1596.97,0.65,ASK
1444176058,1596.97,0.7989,ASK
1444176058,1596.97,0.65,ASK
1444176058,1596.97,1.0,ASK
1444176060,1596.97,1.0,ASK
1444176060,1596.97,1.2193,ASK
1444176060,1596.97,0.1092,ASK
1444176061,1596.97,0.2193,ASK
1444176061,1596.97,0.65,ASK
1444176062,1596.97,2.7932,ASK
1444176062,1596.97,0.65,ASK
1444176063,1596.97,2.5739,ASK
1444176063,1596.98,0.115,ASK
1444176063,1596.97,0.535,ASK
1444176063,1596.97,0.15,ASK
1444176064,1596.97,3.8671,ASK
1444176064,1596.97,1.293,ASK
1444176064,1596.97,0.65,ASK
1444176064,1596.97,1.0,ASK
1444176064,1596.97,0.2932,ASK
1444176065,1596.97,0.15,ASK
1444176065,1596.97,0.65,ASK
1444176065,1596.97,0.224,ASK
1444176066,1596.97,0.65,ASK
1444176066,1596.97,0.01,ASK
1444176067,1596.97,0.24,ASK
1444176068,1596.97,0.1569,ASK
1444176068,1596.97,0.65,ASK
1444176069,1596.97,0.0321,ASK
1444176069,1596.97,6.499,ASK
1444176069,1596.97,0.65,ASK
1444176069,1596.97,0.0288,ASK
1444176070,1596.97,0.2,ASK
1444176070,1596.97,1.8814,ASK
1444176070,1596.97,0.642,ASK
1444176071,1596.97,1.8526,ASK
1444176072,1596.97,0.65,ASK
1444176072,1596.97,0.1597,ASK
1444176073,1596.97,2.0,ASK
1444176073,1596.97,0.65,ASK
1444176073,1596.97,0.01,ASK
1444176073,1596.97,0.65,ASK
1444176074,1596.97,0.315,ASK
1444176074,1596.97,0.4,ASK
1444176074,1596.97,0.65,ASK
1444176074,1596.97,0.15,ASK
1444176075,1596.97,0.6026,ASK
1444176075,1596.97,0.6026,ASK
1444176076,1596.97,0.5807,ASK
1444176077,1596.97,0.65,ASK
1444176077,1596.97,1.7983,ASK
1444176077,1596.97,0.65,ASK
1444176078,1596.97,1.2176,ASK
1444176078,1596.97,0.65,ASK
1444176080,1596.97,0.65,ASK
1444176082,1596.97,0.01,ASK
1444176084,1596.97,0.0442,ASK
1444176085,1596.97,0.6,ASK
1444176085,1596.97,1.4904,ASK
1444176086,1596.97,0.0172,ASK
1444176110,1596.97,0.6933,ASK
1444176116,1596.97,0.6,ASK
1444176126,1596.97,3.7858,ASK
1444176176,1596.95,0.0287,BID
1444176176,1596.96,0.0713,BID
1444176180,1596.96,0.0287,BID
1444176181,1596.96,0.3,BID
1444176181,1596.96,0.7347,BID
1444176182,1596.96,0.3303,BID
1444176182,1596.97,0.5592,BID
1444176183,1596.97,1.365,BID
1444176183,1596.97,1.216,BID
1444176183,1596.97,0.149,BID
1444176184,1596.97,0.151,BID
1444176184,1596.99,0.092,BID
1444176185,1596.99,0.4,ASK
1444176186,1596.99,0.6,ASK
1444176189,1596.99,0.102,ASK
1444176189,1596.99,0.01,ASK
1444176220,1596.98,0.11,BID
1444176256,1597.15,0.002,BID
1444176257,1597.28,11.0,BID
1444176257,1597.28,3.071,BID
1444176275,1597.25,0.008,ASK
1444176275,1597.09,0.06,ASK
1444176275,1597.0,0.0657,ASK
1444176275,1597.0,0.0619,ASK
1444176276,1596.99,1.5654,ASK
1444176276,1596.99,0.11,ASK
1444176276,1596.53,0.0287,ASK
1444176276,1596.51,0.0557,ASK
1444176276,1596.49,0.001,ASK
1444176276,1596.42,0.01,ASK
1444176276,1596.41,0.1,ASK
1444176276,1596.41,0.1,ASK
1444176276,1596.32,0.02,ASK
1444176276,1596.24,0.0092,ASK
1444176277,1597.0,0.304,BID
1444176351,1596.33,0.4,ASK
1444176352,1596.33,0.051,BID
1444176352,1596.33,0.064,BID
1444176352,1596.33,0.334,BID
1444176353,1596.33,0.0876,BID
1444176353,1596.33,0.6,BID
1444176354,1596.33,3.0,BID
1444176354,1596.33,0.0887,BID
1444176354,1596.33,0.3747,BID
1444176354,1596.98,0.06,BID
1444176354,1596.99,0.001,BID
1444176354,1597.27,0.0794,BID
1444176354,1597.29,0.0325,BID
1444176354,1597.29,0.05,BID
1444176354,1597.3,0.65,BID
1444176354,1597.3,1.0,BID
1444176354,1597.32,0.03,BID
1444176354,1597.33,0.6,BID
1444176354,1597.34,0.0771,BID
1444176355,1596.44,13.662,BID
1444176355,1596.52,0.01,ASK
1444176355,1596.43,1.399,ASK
1444176356,1596.44,0.02,ASK
1444176356,1596.43,0.4014,ASK
1444176356,1596.48,4.0,ASK
1444176356,1596.48,11.637,ASK
1444176422,1596.49,0.0374,ASK
1444176425,1596.49,0.0226,ASK
1444176427,1596.48,0.0226,ASK
1444176428,1596.48,0.0024,ASK
1444176428,1596.47,0.0226,ASK
1444176428,1596.47,0.01,ASK
1444176429,1596.47,0.4674,ASK
1444176502,1596.33,0.2359,ASK
1444176502,1596.33,0.004,ASK
1444176503,1596.33,0.1437,BID
1444176504,1596.33,3.0,BID
1444176505,1596.33,3.071,BID
1444176505,1596.33,0.6264,BID
1444176506,1596.33,0.4288,BID
1444176520,1596.35,1.5375,ASK
1444176555,1597.28,0.0111,BID
1444176555,1597.28,0.02,BID
1444176555,1597.28,0.0689,ASK
1444176649,1596.37,0.0731,ASK
1444176649,1596.36,0.0509,ASK
1444176668,1596.95,0.06,BID
1444176668,1596.98,0.067,BID
1444176701,1596.98,0.043,BID
1444176701,1597.11,0.005,BID
1444176701,1597.26,0.0166,BID
1444176701,1597.27,0.3311,BID
1444176701,1597.28,0.0131,BID
1444176701,1597.28,0.0434,BID
1444176701,1597.29,5.0,BID
1444176701,1597.35,1.56,BID
1444176701,1597.4,1.4878,BID
1444176754,1596.67,0.01,ASK
1444176758,1596.67,0.05,ASK
1444176794,1596.7,0.01,ASK
1444176795,1596.7,0.01,ASK
1444176797,1596.67,0.001,ASK
1444176797,1597.37,3.0,ASK
1444176797,1597.37,3.458,ASK
1444176846,1596.69,0.02,ASK
1444176846,1596.68,0.01,ASK
1444176906,1597.25,0.06,BID
1444176906,1597.26,0.03,BID
1444176907,1597.26,0.06,BID
1444176907,1597.37,0.0232,BID
1444176907,1597.38,0.02,BID
1444176907,1597.38,0.01,BID
1444176907,1597.38,0.01,BID
1444176907,1597.39,0.0109,BID
1444176907,1597.39,1.4735,BID
1444176911,1597.37,0.06,ASK
1444176913,1597.37,0.05,ASK
1444176915,1597.36,0.06,BID
1444176915,1597.36,0.09,BID
1444176917,1596.72,6.0,BID
1444176917,1596.72,2.339,BID
1444176917,1597.36,0.02,BID
1444176917,1597.39,0.78,BID
1444176924,1597.39,0.44,BID
1444176925,1597.39,0.43,BID
1444176925,1597.39,0.01,BID
1444176926,1597.39,1.0,BID
1444176926,1597.39,0.626,BID
1444176926,1597.39,0.01,BID
1444176927,1597.39,2.0,BID
1444176927,1597.39,0.626,BID
1444176927,1597.39,0.4384,BID
1444176928,1597.39,0.01,BID
1444176928,1597.39,0.626,BID
1444176929,1597.39,0.01,BID
1444176930,1597.39,0.01,BID
1444176931,1597.39,0.0353,BID
1444176931,1597.39,0.0253,BID
1444176932,1597.39,0.985,BID
1444176932,1597.39,0.01,BID
1444176933,1597.39,0.8,BID
1444176933,1597.39,0.8022,BID
1444176934,1597.39,0.01,BID
1444176935,1597.39,1.2523,BID
1444176935,1597.4,0.01,BID
1444176936,1597.39,25.703,BID
1444176936,1597.4,0.16,BID
1444176936,1597.4,1.2523,BID
1444176937,1597.4,0.2365,BID
1444176937,1597.4,0.0115,BID
1444176938,1597.4,0.6,BID
1444176939,1597.4,0.014,BID
1444176939,1597.4,0.0364,BID
1444176939,1597.4,0.1011,BID
1444176942,1597.4,0.0214,BID
1444176943,1597.4,0.522,BID
1444176943,1597.43,0.002,BID
1444176952,1597.95,0.5249,BID
1444176952,1597.96,0.1,BID
1444176952,1598.0,2.3761,BID
1444176970,1597.5,0.06,BID
1444176970,1597.5,0.15,BID
1444176970,1597.5,0.316,BID
1444176972,1597.5,0.1055,BID
1444176975,1597.5,0.368,BID
1444176976,1597.5,0.0005,BID
1444177007,1597.99,0.0116,BID
1444177007,1598.0,0.0884,BID
1444177025,1598.0,0.0118,BID
1444177025,1598.0,0.3,BID
1444177025,1598.01,0.0882,BID
1444177028,1598.01,0.3117,BID
1444177030,1598.01,0.01,BID
1444177031,1598.01,0.0649,BID
1444177032,1598.01,0.7274,BID
1444177032,1598.01,0.6993,BID
1444177033,1598.01,1.0,BID
1444177034,1598.01,1.141,BID
1444177035,1598.01,0.5377,BID
1444177035,1598.01,0.14,BID
1444177036,1598.02,0.01,BID
1444177037,1598.02,0.02,BID
1444177037,1598.02,1.1518,BID
1444177038,1598.02,0.3933,BID
1444177039,1598.02,0.3944,BID
1444177039,1598.02,2.6263,BID
1444177040,1598.02,1.0,BID
1444177040,1598.02,0.6,BID
1444177041,1598.02,1.0269,BID
1444177042,1598.02,0.0269,BID
1444177043,1597.65,1.0,BID
1444177043,1597.65,7.0,BID
1444177043,1598.02,0.4,BID
1444177043,1598.02,0.01,BID
1444177044,1597.63,4.0,BID
1444177044,1597.63,3.78,BID
1444177044,1598.02,0.4741,BID
1444177045,1598.02,0.8,BID
1444177045,1598.02,1.6631,BID
1444177052,1598.02,0.8,BID
1444177056,1598.02,0.17,BID
1444177059,1598.02,0.02,BID
1444177061,1598.02,0.0317,BID
1444177063,1598.02,0.455,BID
1444177065,1598.02,0.4,BID
1444177074,1598.02,0.278,BID
1444177082,1598.02,0.1,BID
1444177087,1598.02,0.4,BID
1444177088,1598.02,1.5802,BID
1444177092,1598.02,0.08,BID
1444177096,1598.02,0.0408,BID
1444177097,1598.02,0.142,BID
1444177097,1598.02,0.6258,BID
1444177098,1598.02,0.2479,BID
1444177106,1598.09,0.05,BID
1444177106,1598.1,0.05,BID
1444177106,1598.03,0.133,ASK
1444177107,1598.1,0.0049,BID
1444177108,1598.11,0.05,BID
1444177108,1598.16,0.005,BID
1444177108,1598.28,0.045,BID
1444177110,1598.28,0.055,BID
1444177119,1598.29,0.045,ASK
1444177119,1598.29,0.055,ASK
1444177124,1598.27,0.75,ASK
1444177125,1598.27,0.3065,ASK
1444177131,1598.26,0.01,BID
1444177146,1598.26,0.16,BID
1444177156,1598.26,0.1735,BID
1444177156,1598.26,0.2265,BID
1444177157,1598.26,0.4235,BID
1444177157,1598.27,0.08,BID
1444177161,1598.28,0.1,BID
1444177172,1598.48,0.002,BID
1444177172,1598.52,0.0289,BID
1444177172,1598.6,0.0745,BID
1444177174,1598.81,0.0087,BID
1444177175,1599.0,0.105,BID
1444177177,1598.89,0.0013,ASK
1444177178,1598.71,0.0087,BID
1444177178,1599.0,0.0973,BID
1444177180,1599.0,0.1257,BID
1444177180,1599.01,0.1,BID
1444177184,1599.12,0.02,BID
1444177185,1599.11,13.0,BID
1444177185,1599.11,1.333,BID
1444177186,1598.92,0.01,ASK
1444177189,1599.11,1.428,BID
1444177190,1599.11,0.232,BID
1444177190,1599.12,0.3933,BID
1444177191,1599.12,0.6253,BID
1444177192,1599.12,0.6236,BID
1444177192,1599.12,0.0017,BID
1444177193,1599.12,0.0023,BID
1444177198,1599.14,0.06,ASK
1444177198,1599.14,0.5245,ASK
1444177198,1599.13,0.623,ASK
1444177198,1598.61,0.0147,ASK
1444177198,1598.6,0.2946,ASK
1444177198,1598.34,0.02,ASK
1444177198,1598.33,0.4,ASK
1444177198,1598.32,0.082,ASK
1444177198,1598.31,0.1,ASK
1444177199,1598.3,0.0147,BID
1444177199,1598.3,0.02,BID
1444177201,1598.3,0.02,BID
1444177201,1598.3,0.5,BID
1444177202,1598.3,0.6257,BID
1444177203,1598.3,0.2,BID
1444177203,1598.3,0.6257,BID
1444177204,1598.3,0.6257,BID
1444177204,1598.3,0.5,BID
1444177205,1598.3,0.2324,BID
1444177218,1599.42,0.524,BID
1444177220,1599.42,0.0005,BID
1444177220,1599.44,0.0183,BID
1444177220,1599.45,0.1082,BID
1444177225,1599.41,0.01,BID
1444177225,1599.41,0.06,BID
1444177225,1599.45,0.02,BID
1444177227,1599.44,0.0111,BID
1444177227,1599.45,0.0433,BID
1444177253,1599.44,0.0018,BID
1444177253,1599.45,0.1772,BID
1444177264,1599.44,0.0013,ASK
1444177285,1599.44,0.01,ASK
1444177287,1599.45,0.0013,BID
1444177295,1599.66,0.023,BID
1444177297,1599.66,0.0573,BID
1444177297,1599.67,0.023,BID
1444177298,1599.67,0.033,BID
1444177298,1599.72,0.01,BID
1444177299,1599.72,0.01,BID
1444177302,1599.72,0.01,BID
1444177302,1599.73,0.01,BID
1444177304,1599.73,0.04,BID
1444177305,1599.73,0.35,BID
1444177310,1599.8,0.04,BID
1444177311,1599.74,0.002,ASK
1444177311,1599.8,0.6251,BID
1444177312,1599.8,0.6251,BID
1444177313,1599.8,0.6251,BID
1444177313,1599.8,0.3517,BID
1444177332,1599.82,0.0092,ASK
1444177337,1599.98,0.0092,BID
1444177337,1599.99,0.01,BID
1444177337,1600.0,2.4621,BID
1444177337,1600.0,0.21,BID
1444177337,1600.0,0.3,BID
1444177337,1600.0,1.0,BID
1444177337,1600.0,4.9618,BID
1444177340,1600.0,0.1117,BID
1444177340,1600.0,0.3883,BID
1444177341,1600.0,0.1117,BID
1444177341,1600.0,0.5073,BID
1444177341,1600.0,0.006,BID
1444177342,1600.0,0.0587,BID
1444177342,1600.0,0.5663,BID
1444177343,1600.0,0.625,BID
1444177344,1600.0,0.5,BID
1444177344,1600.0,0.3087,BID
1444177344,1600.0,0.3163,BID
1444177345,1600.0,0.1837,BID
1444177347,1600.01,0.4413,ASK
1444177348,1600.01,0.4413,ASK
1444177349,1600.01,0.1,ASK
1444177349,1600.01,0.01,ASK
1444177349,1600.01,0.0737,ASK
1444177349,1600.0,0.3676,ASK
1444177350,1600.0,0.01,ASK
1444177350,1600.0,0.1224,ASK
1444177352,1599.85,0.0022,ASK
1444177353,1600.0,0.5,BID
1444177354,1600.0,0.0026,BID
1444177354,1600.0,0.01,BID
1444177354,1600.01,0.0389,BID
1444177355,1600.01,0.0681,ASK
1444177356,1600.01,0.393,ASK
1444177357,1600.09,0.02,BID
1444177357,1600.09,0.48,BID
1444177358,1600.0,0.4611,BID
1444177358,1600.01,0.1639,BID
1444177359,1600.01,0.2291,BID
1444177359,1600.09,0.4678,BID
1444177359,1600.16,0.007,BID
1444177359,1600.45,0.534,BID
1444177359,1600.5,0.002,ASK
1444177360,1600.5,1.0272,ASK
1444177363,1600.48,0.5,BID
1444177370,1600.04,0.01,ASK
1444177378,1600.19,0.003,ASK
1444177389,1600.02,0.037,ASK
1444177389,1600.02,0.023,ASK
1444177389,1600.01,0.077,ASK
1444177390,1600.01,0.023,ASK
1444177391,1600.0,0.0189,BID
1444177393,1600.0,0.0581,BID
1444177393,1600.1,0.01,BID
1444177403,1600.28,0.001,ASK
1444177407,1600.19,0.0014,ASK
1444177407,1600.02,0.0077,ASK
1444177407,1599.9,0.0011,ASK
1444177411,1600.36,0.02,ASK
1444177411,1599.9,0.0189,ASK
1444177411,1599.89,0.0308,ASK
1444177411,1599.89,0.0303,ASK
1444177415,1600.45,0.0014,BID
1444177415,1600.45,0.0086,BID
1444177418,1600.44,0.01,BID
1444177418,1600.45,0.0077,BID
1444177418,1600.46,0.0223,BID
1444177419,1600.46,0.01,BID
1444177420,1599.9,0.0169,ASK
1444177420,1599.89,0.0831,ASK
1444177424,1600.45,0.0147,BID
1444177424,1600.46,0.2945,BID
1444177424,1600.79,0.022,BID
1444177424,1600.79,0.0169,BID
1444177424,1600.8,1.0,BID
1444177424,1600.8,1.0,BID
1444177424,1600.88,0.2372,BID
1444177424,1601.12,0.004,BID
1444177424,1601.46,0.114,BID
1444177424,1602.0,0.9874,BID
1444177425,1600.44,0.02,BID
1444177433,1600.19,0.021,BID
1444177437,1600.81,0.029,ASK
1444177447,1601.98,0.04,BID
1444177447,1601.99,0.06,BID
1444177453,1600.34,0.001,ASK
1444177454,1600.34,0.0252,ASK
1444177454,1600.32,0.02,ASK
1444177456,1600.28,0.021,ASK
1444177456,1600.28,0.0042,ASK
1444177456,1600.31,0.5048,BID
1444177456,1600.31,0.0194,BID
1444177458,1600.28,0.0138,ASK
1444177458,1600.22,0.0397,ASK
1444177458,1600.21,1.1695,ASK
1444177460,1600.21,0.525,ASK
1444177461,1600.3,0.0262,BID
1444177462,1600.32,0.356,ASK
1444177464,1600.32,0.0178,ASK
1444177464,1600.31,0.0262,ASK
1444177464,1600.22,0.1309,ASK
1444177464,1600.22,0.026,ASK
1444177464,1600.22,0.1732,ASK
1444177464,1600.21,0.0829,ASK
1444177465,1600.21,0.65,ASK
1444177471,1600.22,0.4,ASK
1444177471,1600.21,0.657,ASK
1444177471,1600.21,5.0,ASK
1444177472,1600.23,0.0119,ASK
1444177472,1600.21,0.6381,ASK
1444177473,1600.21,0.1067,ASK
1444177473,1600.2,14.5415,ASK
1444177474,1600.2,0.8,ASK
1444177479,1600.21,0.0028,BID
1444177494,1600.39,0.524,BID
1444177497,1600.38,0.0262,BID
1444177498,1600.4,0.0119,BID
1444177499,1600.5,0.0081,ASK
1444177500,1600.42,0.0119,BID
1444177503,1600.31,0.0021,ASK
1444177509,1600.31,0.0241,ASK
1444177509,1600.3,1.8729,ASK
1444177509,1600.23,0.103,ASK
1444177525,1600.32,0.0047,ASK
1444177533,1600.32,0.0553,ASK
1444177537,1600.26,0.0547,BID
1444177537,1600.92,0.04,BID
1444177540,1601.2,0.03,ASK
1444177540,1601.2,0.1,ASK
1444177540,1601.2,3.8753,ASK
1444177544,1600.25,0.025,ASK
1444177544,1600.24,0.475,ASK
1444177553,1600.26,0.01,ASK
1444177554,1600.31,0.01,BID
1444177554,1600.31,0.0014,BID
1444177554,1600.9,0.25,BID
1444177554,1600.9,0.06,ASK
1444177559,1600.9,0.1536,ASK
1444177559,1600.9,0.3204,ASK
1444177559,1600.9,0.0006,ASK
1444177562,1600.67,0.01,BID
1444177562,1600.82,0.0894,BID
1444177564,1600.82,0.013,ASK
1444177565,1600.82,0.3876,ASK
1444177567,1600.64,0.01,BID
1444177567,1600.8,0.0124,BID
1444177573,1600.83,0.0376,ASK
1444177573,1600.82,0.1124,ASK
1444177578,1600.82,0.194,ASK
1444177589,1600.9,0.0012,BID
1444177600,1601.16,0.0548,BID
1444177600,1601.52,0.05,BID
1444177600,1601.53,1.0,BID
1444177600,1601.81,0.0367,BID
1444177600,1601.82,0.734,BID
1444177600,1601.89,0.0749,BID
1444177600,1601.9,2.14,BID
1444177600,1601.91,8.7224,BID
1444177600,1601.97,0.1,BID
1444177600,1601.99,3.2796,BID
1444177600,1600.94,0.0013,ASK
1444177605,1600.94,0.0175,ASK
1444177609,1600.99,0.0279,ASK
1444177625,1600.99,0.1337,ASK
1444177629,1600.99,0.0011,ASK
1444177635,1601.71,0.0121,BID
1444177635,1601.72,0.06,BID
1444177635,1601.79,0.02,BID
1444177635,1601.8,0.4,BID
1444177637,1601.8,0.0079,ASK
1444177644,1601.62,0.0021,BID
1444177646,1601.71,0.01,ASK
1444177647,1601.75,0.01,BID
1444177647,1601.89,0.5,BID
1444177649,1601.88,0.2366,BID
1444177649,1601.89,0.2634,BID
1444177650,1601.67,0.01,ASK
1444177650,1601.89,0.6243,BID
1444177651,1601.89,0.785,BID
1444177651,1601.89,3.3873,BID
1444177651,1601.9,0.0642,BID
1444177651,1601.9,0.6243,BID
1444177652,1601.67,8.0,BID
1444177652,1601.67,20.567,BID
1444177652,1601.9,3.1295,BID
1444177653,1601.9,0.0581,BID
1444177654,1601.9,0.058,BID
1444177654,1601.89,0.01,BID
1444177654,1601.9,0.6143,BID
1444177654,1601.66,0.001,ASK
1444177655,1601.9,0.475,BID
1444177655,1601.9,0.01,BID
1444177655,1601.9,0.5302,BID
1444177655,1601.92,2.0,BID
1444177655,1601.92,3.75,BID
1444177675,1602.0,0.0126,BID
1444177675,1602.0,0.0374,BID
1444177679,1601.91,0.01,ASK
1444177683,1602.0,0.2626,BID
1444177683,1602.0,0.5374,BID
1444177693,1602.0,0.08,BID
1444177694,1602.0,0.6242,BID
1444177695,1602.0,0.6242,BID
1444177696,1602.0,0.6242,BID
1444177698,1602.0,0.301,BID
1444177699,1602.0,0.6242,BID
1444177700,1602.0,0.6242,BID
1444177700,1602.0,0.02,BID
1444177701,1601.91,0.078,ASK
1444177702,1601.91,0.0061,ASK
1444177704,1601.9,0.057,BID
1444177705,1601.9,0.021,BID
1444177705,1601.91,0.057,BID
1444177706,1601.91,0.078,BID
1444177713,1601.91,0.0138,BID
1444177714,1601.91,2.8512,BID
1444177714,1602.0,2.0188,BID
1444177723,1601.92,0.025,ASK
1444177724,1601.92,0.5,ASK
1444177725,1601.92,0.0993,ASK
1444177727,1601.91,0.01,BID
1444177728,1601.91,0.01,BID
1444177737,1601.91,0.505,BID
1444177737,1601.91,0.599,BID
1444177738,1601.91,0.0003,BID
1444177738,1602.0,3.9598,BID
1444177738,1602.0,1.0247,BID
1444177743,1602.0,0.475,BID
1444177743,1602.0,0.0003,BID
1444177743,1602.15,0.007,BID
1444177744,1602.22,0.002,ASK
1444177752,1602.39,0.0148,BID
1444177753,1602.39,0.0406,BID
1444177753,1602.41,0.0988,BID
1444177753,1602.47,0.002,BID
1444177753,1602.77,0.724,BID
1444177753,1603.0,0.1346,BID
1444177754,1602.38,0.0122,BID
1444177760,1602.4,0.0432,ASK
1444177760,1602.25,0.0269,ASK
1444177760,1602.24,0.0122,ASK
1444177760,1602.24,0.0262,ASK
1444177760,1602.24,0.0651,ASK
1444177767,1602.99,0.0133,BID
1444177767,1603.0,0.043,BID
1444177769,1602.44,0.001,ASK
1444177788,1602.99,0.001,BID
1444177792,1602.99,0.0101,BID
1444177792,1603.0,0.0899,BID
1444177794,1602.42,0.002,ASK
1444177804,1603.0,0.0325,BID
1444177804,1603.0,0.1,BID
1444177810,1603.11,0.004,BID
1444177810,1603.99,0.0129,BID
1444177810,1604.0,0.3,BID
1444177810,1604.0,0.1,BID
1444177810,1604.4,0.008,BID
1444177810,1604.96,0.0168,BID
1444177810,1604.97,0.792,BID
1444177812,1602.44,10.0,BID
1444177812,1602.44,0.587,BID
1444177815,1602.46,0.792,ASK
1444177815,1602.43,0.06,ASK
1444177815,1602.42,0.0105,ASK
1444177815,1602.41,0.2098,ASK
1444177815,1602.34,0.1,ASK
1444177815,1602.25,0.0217,ASK
1444177815,1602.22,0.0107,ASK
1444177815,1602.13,0.01,ASK
1444177817,1601.89,4.3453,BID
1444177817,1602.42,0.001,BID
1444177817,1602.9,11.85,ASK
1444177817,1602.9,2.4037,ASK
1444177817,1601.33,0.616,ASK
1444177817,1601.01,0.1339,ASK
1444177817,1601.0,0.3,ASK
1444177817,1601.0,5.0247,ASK
1444177817,1600.99,0.1073,ASK
1444177817,1600.79,0.001,ASK
1444177817,1600.31,5.0,ASK
1444177817,1600.26,0.0448,ASK
1444177817,1600.23,0.0734,ASK
1444177817,1600.22,0.0555,ASK
1444177817,1600.21,5.002,ASK
1444177837,1602.45,0.1,ASK
1444177838,1602.45,0.002,ASK
1444177839,1602.45,0.248,ASK
1444177843,1601.02,0.0625,ASK
1444177852,1601.03,0.0307,ASK
1444177852,1601.02,0.1213,ASK
1444177854,1601.02,0.9772,ASK
1444177854,1600.01,5.0,ASK
1444177854,1600.01,2.421,ASK
1444177858,1600.0,0.3,ASK
1444177858,1599.96,0.09,ASK
1444177858,1599.95,0.0911,ASK
1444177858,1599.58,0.1,ASK
1444177858,1599.51,0.008,ASK
1444177858,1599.5,0.0803,ASK
1444177858,1599.44,1.4153,ASK
1444177863,1601.01,0.001,BID
1444177879,1601.5,0.025,BID
1444177879,1601.51,0.5,BID
1444177879,1601.56,0.06,BID
1444177879,1601.57,0.167,BID
1444177879,1602.01,1.0,BID
1444177879,1602.06,0.04,BID
1444177879,1602.15,0.0822,BID
1444177879,1602.16,0.49,BID
1444177879,1602.41,5.0,BID
1444177879,1602.43,1.7358,BID
1444177884,1601.03,0.001,ASK
1444177885,1601.37,0.002,BID
1444177905,1601.04,0.0539,ASK
1444177905,1601.04,0.0284,ASK
1444177906,1601.17,0.248,BID
1444177908,1601.17,0.544,BID
1444177911,1601.19,0.0123,ASK
1444177911,1601.62,0.001,BID
1444177911,1601.2,1.0,ASK
1444177911,1601.2,7.0,ASK
1444177911,1601.2,3.994,ASK
1444177923,1601.61,0.0221,BID
1444177923,1601.62,0.0112,BID
1444177923,1601.63,0.2437,BID
1444177924,1602.0,0.05,BID
1444177924,1602.01,0.277,BID
1444177925,1601.9,0.04,BID
1444177925,1602.01,0.46,BID
1444177927,1602.01,0.263,BID
1444177927,1602.03,0.0131,ASK
1444177934,1602.03,0.001,ASK
1444177955,1602.42,0.0268,BID
1444177955,1602.42,0.0698,BID
1444177955,1602.43,1.2842,BID
1444177956,1602.43,0.0966,BID
1444177957,1602.04,0.06,ASK
1444177957,1602.04,0.0019,ASK
1444177957,1602.04,0.1409,ASK
1444177958,1602.0,0.0101,BID
1444177958,1602.0,0.0108,BID
1444177959,1602.0,0.0763,BID
1444177961,1602.2,0.01,ASK
1444177961,1602.11,0.0763,ASK
1444177961,1602.1,0.0209,ASK
1444177961,1601.5,0.023,ASK
1444177961,1601.49,0.1698,ASK
1444177965,1602.03,0.001,BID
1444177965,1602.42,0.023,BID
1444177965,1602.42,0.277,BID
1444177966,1602.11,0.009,ASK
1444177967,1602.01,0.015,ASK
1444177967,1602.0,0.294,ASK
1444177967,1602.0,0.006,ASK
1444177968,1601.82,4.0,ASK
1444177968,1601.82,1.26,ASK
1444177972,1601.83,0.1,BID
1444177972,1601.5,0.0145,ASK
1444177972,1601.49,0.2895,ASK
1444177974,1601.49,0.0007,ASK
1444177974,1601.19,0.0318,ASK
1444177977,1601.19,0.0279,ASK
1444177977,1601.18,0.0805,ASK
1444177977,1601.18,0.5316,ASK
1444177980,1601.18,0.0124,ASK
1444177980,1601.18,0.2656,ASK
1444177994,1601.0,0.06,BID
1444177994,1601.01,0.277,BID
1444177994,1601.01,0.222,BID
1444177994,1601.02,0.3044,BID
1444177997,1601.2,1.318,ASK
1444177997,1601.2,0.06,ASK
1444177998,1601.2,0.01,ASK
1444177999,1601.21,0.1405,ASK
1444177999,1601.2,0.6625,ASK
1444178003,1601.21,0.06,ASK
1444178003,1601.2,0.15,ASK
1444178004,1601.2,0.01,ASK
1444178004,1601.21,1.0,ASK
1444178004,1601.21,4.076,ASK
1444178007,1601.2,0.0605,ASK
1444178007,1601.0,0.2995,ASK
1444178007,1601.0,0.0005,ASK
1444178008,1600.55,0.001,ASK
1444178008,1600.87,0.001,BID
1444178016,1600.54,0.442,ASK
1444178016,1600.54,0.12,ASK
1444178017,1600.54,0.01,ASK
1444178017,1600.54,0.312,ASK
1444178028,1600.54,0.1,BID
1444178029,1600.54,0.088,BID
1444178029,1600.54,0.312,BID
1444178031,1600.55,0.1,ASK
1444178031,1600.55,0.4,ASK
1444178033,1600.55,0.001,ASK
1444178034,1600.59,0.01,BID
1444178034,1600.55,0.099,ASK
1444178035,1600.39,0.1,ASK
1444178036,1600.39,0.145,ASK
1444178037,1600.39,0.155,ASK
1444178037,1600.38,0.016,ASK
1444178039,1600.33,0.01,ASK
1444178047,1600.21,0.01,ASK
1444178048,1600.21,0.2,ASK
1444178049,1600.21,0.2,ASK
1444178049,1600.21,0.65,ASK
1444178050,1600.21,0.65,ASK
1444178052,1600.21,0.002,ASK
1444178052,1600.21,0.2,ASK
1444178053,1600.21,0.01,ASK
1444178054,1600.21,0.65,ASK
1444178055,1600.21,0.65,ASK
1444178056,1600.21,0.2,ASK
1444178056,1600.21,0.65,ASK
1444178056,1600.22,0.078,BID
1444178057,1600.21,0.65,ASK
1444178057,1600.21,3.1344,ASK
1444178057,1600.21,0.078,ASK
1444178058,1600.21,0.65,ASK
1444178058,1600.21,0.01,ASK
1444178060,1600.21,0.65,ASK
1444178060,1600.21,0.2,ASK
1444178061,1600.21,0.2056,ASK
1444178067,1600.06,0.002,ASK
1444178067,1600.01,0.015,ASK
1444178067,1600.0,0.3,ASK
1444178085,1599.98,0.025,BID
1444178086,1599.98,0.23,BID
1444178086,1600.19,0.0032,BID
1444178090,1599.44,0.01,ASK
1444178097,1599.44,0.558,ASK
1444178101,1599.44,0.0005,ASK
1444178102,1599.44,0.3765,BID
1444178109,1599.44,0.001,BID
1444178119,1599.44,0.0011,BID
1444178120,1599.63,0.0089,ASK
1444178120,1599.42,0.004,ASK
1444178120,1599.39,0.4871,ASK
1444178121,1599.96,1.0,ASK
1444178121,1599.96,7.496,ASK
1444178123,1599.39,0.1129,ASK
1444178125,1599.39,0.34,BID
1444178127,1599.39,0.01,BID
1444178133,1599.39,0.01,BID
1444178140,1599.38,0.01,BID
1444178143,1599.38,0.002,BID
1444178144,1599.15,0.242,ASK
1444178145,1599.15,0.598,ASK
1444178146,1599.14,0.01,BID
1444178147,1599.14,0.042,BID
1444178147,1599.14,0.65,BID
1444178150,1599.39,0.0271,BID
1444178150,1599.39,0.1044,BID
1444178151,1599.21,0.05,BID
1444178151,1599.39,0.0076,BID
1444178152,1599.42,0.01,BID
1444178152,1599.4,0.0792,ASK
1444178171,1599.4,0.0023,ASK
1444178171,1599.22,0.0462,ASK
1444178187,1599.89,0.3765,BID
1444178187,1599.9,0.025,BID
1444178188,1599.92,0.4995,ASK
1444178196,1599.88,0.0005,BID
1444178196,1599.97,0.1833,BID
1444178196,1600.16,0.02,BID
1444178196,1600.17,0.3992,BID
1444178200,1599.41,0.0106,ASK
1444178206,1599.94,0.0123,ASK
1444178208,1599.13,12.336,ASK
1444178208,1599.4,0.099,BID
1444178208,1599.4,0.06,BID
1444178211,1599.4,0.342,BID
1444178221,1600.16,0.06,BID
1444178221,1600.16,0.0106,BID
1444178221,1600.17,0.025,BID
1444178221,1600.18,0.022,BID
1444178221,1600.18,0.1954,BID
1444178222,1600.18,0.02,BID
1444178223,1600.18,0.2846,BID
1444178223,1600.19,0.0194,BID
1444178226,1599.94,0.001,BID
1444178226,1599.94,0.0196,BID
1444178242,1600.08,0.0204,ASK
1444178247,1600.0,0.0262,ASK
1444178247,1599.98,0.06,ASK
1444178248,1599.53,17.075,ASK
1444178249,1599.97,0.002,BID
1444178255,1599.99,0.435,ASK
1444178255,1599.51,0.05,ASK
1444178255,1599.51,0.05,ASK
1444178255,1599.5,0.9,ASK
1444178256,1599.5,0.1,ASK
1444178257,1599.49,0.5247,BID
1444178258,1599.49,0.1172,BID
1444178266,1599.49,0.02,BID
1444178270,1599.12,0.1,ASK
1444178274,1599.0,0.1916,ASK
1444178276,1599.48,0.06,BID
1444178276,1599.49,0.002,BID
1444178280,1599.49,0.001,BID
1444178282,1599.52,0.001,BID
1444178292,1600.05,0.0262,BID
1444178292,1600.07,0.0204,BID
1444178294,1600.18,0.973,ASK
1444178295,1600.18,0.65,ASK
1444178295,1600.18,0.028,ASK
1444178296,1600.18,1.711,ASK
1444178296,1600.18,0.65,ASK
1444178297,1600.18,0.65,ASK
1444178298,1600.18,0.65,ASK
1444178298,1600.18,0.56,ASK
1444178299,1600.18,0.65,ASK
1444178300,1600.18,0.65,ASK
1444178300,1600.18,0.725,ASK
1444178301,1600.18,0.65,ASK
1444178302,1600.18,0.002,ASK
1444178302,1600.18,0.65,ASK
1444178303,1600.18,0.65,ASK
1444178304,1600.18,0.65,ASK
1444178305,1600.18,0.65,ASK
1444178306,1600.19,0.4,ASK
1444178306,1600.18,0.25,ASK
1444178307,1600.18,0.01,ASK
1444178307,1600.18,0.352,ASK
1444178307,1600.18,0.65,ASK
1444178315,1600.18,0.12,ASK
1444178316,1600.18,0.65,ASK
1444178316,1600.31,0.01,BID
1444178317,1600.18,0.65,ASK
1444178318,1600.18,0.65,ASK
1444178318,1600.31,0.0221,BID
1444178318,1600.32,0.4889,BID
1444178319,1600.19,0.0261,ASK
1444178319,1600.19,0.0405,ASK
1444178319,1600.19,0.02,ASK
1444178319,1600.18,0.5634,ASK
1444178320,1600.19,1.0,ASK
1444178320,1600.19,3.0,ASK
1444178320,1600.19,7.768,ASK
1444178320,1600.18,0.0866,ASK
1444178321,1600.22,0.0866,ASK
1444178322,1600.3,4.0,ASK
1444178322,1600.3,5.0,ASK
1444178322,1600.3,2.522,ASK
1444178330,1600.19,0.001,ASK
1444178333,1600.3,0.0011,ASK
1444178333,1600.19,0.0089,ASK
1444178337,1600.19,0.01,ASK
1444178338,1600.19,0.0022,ASK
1444178338,1600.18,1.4694,ASK
1444178339,1600.18,0.01,ASK
1444178341,1600.18,0.582,ASK
1444178342,1600.18,0.261,ASK
1444178354,1600.1,0.12,ASK
1444178357,1600.09,0.0012,BID
1444178377,1599.97,0.01,ASK
1444178378,1599.97,0.0397,ASK
1444178378,1599.97,0.041,ASK
1444178380,1599.97,0.032,ASK
1444178380,1599.66,0.06,ASK
1444178380,1599.65,0.169,ASK
1444178380,1599.45,0.59,ASK
1444178380,1599.16,0.346,ASK
1444178380,1599.1,0.002,ASK
1444178380,1599.02,13.3331,ASK
1444178380,1599.02,2.7446,ASK
1444178380,1599.01,5.1997,ASK
1444178380,1599.0,0.1084,ASK
1444178380,1599.0,0.9681,ASK
1444178382,1599.85,9.0,ASK
1444178382,1599.85,22.0,ASK
1444178382,1599.85,10.49,ASK
1444178436,1599.83,0.088,BID
1444178441,1599.81,0.4367,BID
1444178442,1599.8,0.01,BID
1444178444,1599.8,0.01,BID
1444178446,1599.84,0.1246,BID
1444178446,1599.94,0.0132,BID
1444178446,1599.95,0.3992,BID
1444178450,1599.95,0.0008,BID
1444178450,1599.99,0.0092,BID
1444178451,1599.85,0.1246,ASK
1444178451,1599.81,0.0118,ASK
1444178451,1599.8,0.0232,ASK
1444178451,1599.8,0.0101,ASK
1444178453,1599.8,2.5749,BID
1444178478,1599.84,0.1246,BID
1444178478,1599.85,0.0714,ASK
1444178478,1599.81,2.5086,ASK
1444178487,1599.85,0.1246,ASK
1444178487,1599.81,0.0085,ASK
1444178488,1599.81,0.1069,BID
1444178488,1599.86,0.0584,ASK
1444178504,1599.84,0.0295,BID
1444178505,1599.84,0.0367,BID
1444178515,1599.99,0.1,BID
1444178516,1599.99,0.0543,BID
1444178516,1599.99,0.0101,BID
1444178516,1599.99,0.0232,BID
1444178516,1600.0,0.1,BID
1444178517,1599.85,0.0295,ASK
1444178517,1599.85,0.0619,ASK
1444178517,1600.0,0.1876,BID
1444178523,1599.85,0.0043,ASK
1444178523,1599.84,0.0057,ASK
1444178540,1599.84,0.0853,ASK
1444178540,1599.8,0.0543,ASK
1444178540,1599.8,0.1163,ASK
1444178540,1599.8,0.0262,ASK
1444178540,1599.79,0.8979,ASK
1444178541,1599.79,1.18,ASK
1444178541,1599.85,0.0853,ASK
1444178545,1599.99,0.01,BID
1444178546,1599.98,0.0805,BID
1444178552,1599.98,0.0048,BID
1444178552,1599.99,0.0052,BID
1444178555,1599.99,0.011,BID
1444178555,1599.99,0.0543,BID
1444178555,1599.99,0.1163,BID
1444178555,1599.99,0.0444,BID
1444178555,1599.99,0.0156,BID
1444178555,1600.0,0.0124,BID
1444178555,1600.0,2.456,BID
1444178555,1600.0,1.0812,BID
1444178556,1600.0,0.1816,BID
1444178572,1600.0,0.31,BID
1444178572,1600.0,0.435,BID
1444178573,1600.0,0.625,BID
1444178574,1600.0,0.625,BID
1444178576,1600.0,0.67,BID
1444178577,1600.0,0.625,BID
1444178578,1600.0,0.625,BID
1444178579,1600.0,0.625,BID
1444178580,1600.0,0.625,BID
1444178581,1600.0,0.625,BID
1444178582,1600.0,0.625,BID
1444178583,1600.0,0.625,BID
1444178584,1600.0,0.625,BID
1444178585,1600.0,0.0193,BID
1444178585,1600.0,0.625,BID
1444178586,1600.0,0.625,BID
1444178587,1600.0,0.625,BID
1444178588,1600.0,0.241,BID
1444178588,1600.0,0.625,BID
1444178589,1600.0,0.625,BID
1444178590,1600.0,0.625,BID
1444178591,1600.0,0.625,BID
1444178592,1600.0,0.625,BID
1444178593,1600.0,0.625,BID
1444178594,1600.0,0.625,BID
1444178595,1600.0,0.625,BID
1444178596,1600.0,0.625,BID
1444178598,1600.0,0.625,BID
1444178599,1600.0,0.625,BID
1444178600,1600.0,0.625,BID
1444178601,1600.0,0.625,BID
1444178602,1600.0,0.625,BID
1444178603,1600.0,0.625,BID
1444178604,1600.0,0.625,BID
1444178605,1600.0,0.625,BID
1444178607,1600.0,0.625,BID
1444178609,1600.0,0.625,BID
1444178610,1600.0,0.625,BID
1444178611,1600.0,0.625,BID
1444178612,1600.0,0.625,BID
1444178613,1600.0,0.625,BID
1444178614,1600.0,0.625,BID
1444178615,1600.0,0.625,BID
1444178616,1600.0,0.625,BID
1444178617,1599.99,0.1063,BID
1444178617,1600.0,0.5187,BID
1444178618,1600.0,2.1682,BID
1444178630,1600.01,0.4,ASK
1444178634,1600.08,5.0,ASK
1444178634,1600.08,6.519,ASK
1444178642,1600.01,0.4,ASK
1444178642,1600.01,0.1416,ASK
1444178643,1600.0,0.4,ASK
1444178644,1600.0,1.024,ASK
1444178645,1600.0,0.65,ASK
1444178646,1600.0,0.65,ASK
1444178650,1600.01,0.4659,BID
1444178655,1600.0,0.1078,ASK
1444178657,1599.93,0.13,ASK
1444178657,1599.81,0.06,ASK
1444178657,1599.8,0.0552,ASK
1444178657,1599.79,1.7548,ASK
1444178662,1599.79,0.1,ASK
1444178663,1599.79,0.65,ASK
1444178665,1599.78,0.01,BID
1444178681,1599.46,0.25,ASK
1444178681,1599.46,0.25,ASK
1444178681,1599.12,0.366,ASK
1444178681,1599.12,0.314,ASK
1444178683,1599.77,0.06,BID
1444178686,1599.77,0.02,BID
1444178687,1599.78,0.02,BID
1444178688,1599.77,0.02,BID
1444178688,1599.78,0.146,BID
1444178689,1599.78,0.163,BID
1444178690,1599.78,0.01,BID
1444178691,1599.78,0.01,BID
1444178693,1599.78,0.0253,BID
1444178711,1599.49,0.06,ASK
1444178711,1599.48,0.0902,ASK
1444178711,1599.12,0.052,ASK
1444178711,1599.04,0.04,ASK
1444178711,1599.03,0.3578,ASK
1444178734,1599.55,0.02,BID
1444178751,1599.61,0.01,ASK
1444178755,1599.47,0.75,ASK
1444178755,1599.47,0.5248,BID
1444178756,1599.47,2.1452,BID
1444178757,1599.47,0.6252,BID
1444178784,1599.44,0.0816,BID
1444178784,1599.45,0.06,BID
1444178784,1599.46,0.1528,BID
1444178784,1599.46,0.012,BID
1444178784,1599.46,0.032,BID
1444178784,1599.47,2.6616,BID
1444178794,1599.05,0.06,ASK
1444178794,1599.04,0.032,ASK
1444178794,1599.04,0.1529,ASK
1444178794,1599.03,0.3551,ASK
1444178825,1599.05,0.128,ASK
1444178825,1599.05,0.128,ASK
1444178831,1599.05,2.744,ASK
1444178832,1599.03,0.4002,ASK
1444178833,1599.03,0.802,ASK
1444178833,1599.03,0.01,ASK
1444178835,1599.03,0.2113,ASK
1444178835,1599.03,0.316,ASK
1444178839,1599.03,0.3424,ASK
1444178841,1599.03,0.323,ASK
1444178843,1599.03,0.378,ASK
1444178843,1599.03,0.0298,ASK
1444178844,1599.4,0.06,BID
1444178844,1599.41,0.025,BID
1444178844,1599.42,0.5,BID
1444178844,1599.45,0.0268,BID
1444178844,1599.46,0.5364,BID
1444178844,1599.46,0.1011,BID
1444178844,1599.47,0.9385,BID
1444178847,1599.04,0.0119,ASK
1444178847,1599.04,0.0373,ASK
1444178847,1599.03,0.1344,ASK
1444178847,1599.03,0.8114,ASK
1444178847,1599.03,0.0376,ASK
1444178847,1599.03,0.0638,ASK
1444178847,1599.02,0.8646,ASK
1444178848,1599.02,1.173,ASK
1444178848,1599.02,0.1024,ASK
1444178848,1599.01,0.2976,ASK
1444178849,1599.01,1.2,ASK
1444178851,1599.01,0.3117,ASK
1444178852,1599.01,0.201,ASK
1444178853,1599.01,0.0489,ASK
1444178854,1599.01,1.4711,ASK
1444178855,1599.01,0.65,ASK
1444178856,1599.01,2.6593,ASK
1444178856,1599.01,0.65,ASK
1444178857,1599.03,0.001,BID
1444178857,1599.01,0.65,ASK
1444178858,1599.01,0.65,ASK
1444178859,1599.01,0.0612,ASK
1444178859,1599.01,0.65,ASK
1444178860,1599.01,0.02,ASK
1444178861,1599.01,0.65,ASK
1444178861,1599.01,0.098,ASK
1444178862,1599.01,0.043,ASK
1444178863,1599.02,0.0012,BID
1444178863,1599.01,0.65,ASK
1444178863,1599.01,0.65,ASK
1444178863,1599.01,0.948,ASK
1444178864,1599.01,0.0263,ASK
1444178865,1599.01,0.65,ASK
1444178866,1599.01,0.0252,ASK
1444178866,1599.01,0.526,ASK
1444178866,1599.01,0.65,ASK
1444178867,1599.01,0.7,ASK
1444178867,1599.01,0.504,ASK
1444178868,1599.01,0.6,ASK
1444178868,1599.01,0.2,ASK
1444178868,1599.01,0.2,ASK
1444178868,1599.01,0.2,ASK
1444178869,1599.01,0.5,ASK
1444178869,1599.01,0.067,ASK
1444178869,1599.01,0.65,ASK
1444178869,1599.01,0.09,ASK
1444178869,1599.01,0.25,ASK
1444178870,1599.01,0.65,ASK
1444178870,1599.01,0.147,ASK
1444178871,1599.01,0.65,ASK
1444178871,1599.01,0.01,ASK
1444178871,1599.01,0.02,ASK
1444178872,1599.01,0.65,ASK
1444178872,1599.01,0.4048,ASK
1444178873,1599.01,0.65,ASK
1444178873,1599.01,0.8817,ASK
1444178874,1599.01,0.65,ASK
1444178874,1599.01,0.4769,ASK
1444178875,1599.01,0.0834,ASK
1444178875,1599.01,0.65,ASK
1444178875,1599.01,0.0283,ASK
1444178876,1599.02,0.0013,BID
1444178876,1599.03,0.0017,BID
1444178876,1599.04,0.0638,BID
1444178876,1599.04,0.0119,BID
1444178876,1599.04,0.0213,BID
1444178876,1599.01,0.65,ASK
1444178877,1599.01,0.65,ASK
1444178878,1599.01,0.65,ASK
1444178879,1599.01,7.7998,ASK
1444178879,1599.01,0.5098,ASK
1444178879,1599.01,0.0518,ASK
1444178879,1599.01,0.0638,ASK
1444178879,1599.01,0.0119,ASK
1444178879,1599.0,0.0127,ASK
1444178880,1599.0,0.7951,ASK
1444178880,1599.0,0.65,ASK
1444178881,1599.0,0.2527,ASK
1444178881,1599.0,0.65,ASK
1444178882,1599.0,1.7413,ASK
1444178882,1599.0,3.66,ASK
1444178883,1599.0,1.3989,ASK
1444178883,1599.0,0.65,ASK
1444178884,1599.0,0.01,ASK
1444178885,1599.0,0.65,ASK
1444178885,1599.0,0.65,ASK
1444178885,1599.0,0.01,ASK
1444178886,1599.0,0.65,ASK
1444178887,1599.0,0.027,ASK
1444178888,1599.0,0.65,ASK
1444178888,1599.0,11.0,ASK
1444178890,1599.0,0.5,ASK
1444178890,1599.0,0.54,ASK
1444178891,1599.0,0.65,ASK
1444178892,1599.0,0.65,ASK
1444178893,1599.0,0.5,ASK
1444178893,1599.0,0.65,ASK
1444178893,1599.0,0.0044,ASK
1444178894,1599.01,0.0013,ASK
1444178894,1599.0,0.6487,ASK
1444178895,1599.0,0.65,ASK
1444178895,1599.0,0.2,ASK
1444178896,1599.0,0.5,ASK
1444178896,1599.0,0.65,ASK
1444178897,1599.0,0.01,ASK
1444178898,1599.0,0.6211,ASK
1444178901,1598.94,0.01,ASK
1444178902,1598.93,0.01,ASK
1444178905,1598.93,0.49,ASK
1444178907,1598.93,0.01,BID
1444178907,1598.93,0.0367,BID
1444178907,1598.93,0.0356,BID
1444178907,1598.99,0.0289,BID
1444178907,1598.99,0.3148,BID
1444178908,1598.93,0.0823,BID
1444178908,1598.93,0.0823,BID
1444178909,1598.93,0.0823,BID
1444178909,1598.93,0.022,BID
1444178911,1598.93,0.01,BID
1444178912,1598.93,0.01,BID
1444178918,1598.93,0.04,BID
1444178919,1598.93,0.001,BID
1444178919,1598.93,0.1601,BID
1444178927,1598.94,0.041,ASK
1444178927,1598.94,0.2011,ASK
1444178928,1598.88,0.002,ASK
1444178928,1598.73,0.06,BID
1444178929,1598.73,0.438,BID
1444178929,1598.93,0.041,BID
1444178929,1598.99,0.0367,BID
1444178929,1599.0,0.0025,BID
1444178929,1599.04,0.0599,BID
1444178929,1599.04,0.0224,BID
1444178929,1599.04,0.1032,BID
1444178929,1599.04,0.04,BID
1444178929,1599.05,0.0493,BID
1444178931,1599.0,0.0367,ASK
1444178934,1598.88,0.01,BID
1444178936,1598.98,0.192,ASK
1444178936,1598.75,0.01,ASK
1444178938,1598.75,0.01,BID
1444178939,1598.75,0.01,BID
1444178945,1598.94,0.0014,BID
1444178967,1598.81,0.01,ASK
1444178970,1598.8,0.0047,BID
1444178977,1598.79,0.02,BID
1444178998,1598.35,0.0023,ASK
1444178998,1598.8,0.02,BID
1444178998,1598.79,0.001,BID
1444179002,1598.77,6.0,BID
1444179002,1598.77,13.343,BID
1444179005,1598.78,0.01,BID
1444179005,1598.79,0.399,BID
1444179005,1598.79,0.04,BID
1444179007,1598.8,0.0121,BID
1444179009,1598.79,0.4,ASK
1444179010,1598.8,0.01,BID
1444179010,1598.79,0.5625,ASK
1444179016,1598.79,0.01,ASK
1444179017,1598.79,0.01,ASK
1444179021,1598.79,0.001,ASK
1444179024,1598.79,0.5675,ASK
1444179029,1598.77,0.0021,ASK
1444179029,1598.6,0.06,ASK
1444179031,1598.35,0.032,BID
1444179031,1598.35,0.46,BID
1444179032,1598.35,0.181,BID
1444179032,1598.35,0.6256,BID
1444179033,1598.35,0.1392,BID
1444179036,1598.6,0.039,ASK
1444179036,1598.54,0.01,BID
1444179037,1598.54,0.011,BID
1444179037,1598.8,0.289,BID
1444179038,1598.8,0.6255,BID
1444179051,1598.51,0.0028,BID
1444179060,1598.37,0.1232,ASK
1444179060,1598.36,0.4864,ASK
1444179060,1598.36,0.6256,ASK
1444179060,1598.34,0.0018,ASK
1444179060,1598.31,0.06,ASK
1444179060,1598.18,0.004,ASK
1444179060,1597.86,0.002,ASK
1444179060,1597.52,0.0116,ASK
1444179060,1597.45,0.073,ASK
1444179060,1597.22,0.004,ASK
1444179060,1597.0,0.3,ASK
1444179060,1597.0,1.0,ASK
1444179060,1596.77,0.4,ASK
1444179060,1596.76,0.399,ASK
1444179060,1596.68,0.0232,ASK
1444179060,1596.67,0.0099,ASK
1444179060,1596.5,1.0,ASK
1444179060,1596.24,1.1833,ASK
1444179060,1596.2,0.3,ASK
1444179060,1596.2,1.143,ASK
1444179061,1598.4,0.1232,ASK
1444179069,1598.4,0.3768,ASK
1444179070,1598.39,0.36,BID
1444179073,1598.1,0.767,BID
1444179076,1598.1,0.001,BID
1444179077,1598.1,0.2,BID
1444179078,1598.09,1.563,BID
1444179080,1598.09,1.275,BID
1444179083,1598.08,0.06,BID
1444179083,1598.09,0.396,BID
1444179085,1598.09,0.06,BID
1444179086,1596.21,0.1392,ASK
1444179086,1596.2,2.7848,ASK
1444179086,1596.03,0.05,ASK
1444179086,1596.02,1.0,ASK
1444179086,1596.0,0.3,ASK
1444179086,1596.0,1.0,ASK
1444179086,1595.94,0.008,ASK
1444179086,1595.77,0.0224,ASK
1444179086,1595.75,0.133,ASK
1444179086,1595.49,0.01,ASK
1444179086,1595.01,0.5377,ASK
1444179086,1595.0,0.3,ASK
1444179086,1594.38,0.8649,ASK
1444179091,1597.99,0.0571,BID
1444179091,1598.0,0.3229,BID
1444179096,1597.99,0.041,BID
1444179096,1597.99,0.266,BID
1444179099,1596.79,0.3,ASK
1444179100,1596.99,0.015,BID
1444179100,1597.0,0.285,BID
1444179100,1597.0,0.015,BID
1444179103,1597.45,0.0012,ASK
1444179104,1597.98,0.021,BID
1444179104,1597.98,0.0761,BID
1444179118,1597.79,0.0348,BID
1444179119,1597.78,0.0761,BID
1444179120,1597.8,1.0,BID
1444179121,1597.8,0.02,BID
1444179123,1597.76,0.127,BID
1444179124,1597.76,0.01,BID
1444179125,1597.79,0.01,BID
1444179126,1597.75,0.0112,BID
1444179126,1597.79,0.0125,BID
1444179126,1597.8,0.0633,BID
1444179126,1597.62,0.001,ASK
1444179127,1597.8,0.001,BID
1444179130,1597.74,0.1202,BID
1444179134,1597.76,0.0107,ASK
1444179134,1597.75,0.2065,ASK
1444179135,1597.75,0.0081,ASK
1444179141,1597.5,0.587,BID
1444179142,1597.5,0.626,BID
1444179143,1597.5,0.792,BID
1444179143,1597.5,0.626,BID
1444179144,1597.49,0.0944,BID
1444179144,1597.5,0.5316,BID
1444179145,1597.5,0.626,BID
1444179150,1597.5,0.174,BID
1444179152,1597.5,0.001,BID
1444179158,1597.5,0.02,BID
1444179159,1597.5,0.839,BID
1444179167,1597.48,0.141,BID
1444179167,1597.49,0.009,BID
1444179168,1597.49,0.391,BID
1444179168,1597.5,0.109,BID
1444179170,1597.5,0.336,BID
1444179173,1597.5,0.01,BID
1444179177,1597.5,0.09,BID
1444179178,1597.5,0.658,BID
1444179179,1597.5,0.626,BID
1444179180,1597.5,1.5869,BID
1444179180,1597.5,0.626,BID
1444179181,1597.5,0.01,BID
1444179182,1597.5,1.9668,BID
1444179183,1597.5,0.626,BID
1444179183,1597.5,0.78,BID
1444179184,1597.42,0.001,ASK
1444179184,1597.5,0.01,BID
1444179184,1597.5,0.626,BID
1444179185,1597.5,0.001,BID
1444179185,1597.5,0.094,BID
1444179185,1597.5,0.626,BID
1444179186,1597.5,0.6422,BID
1444179186,1597.5,0.626,BID
1444179187,1597.5,0.758,BID
1444179188,1597.5,0.6422,BID
1444179188,1597.5,0.626,BID
1444179189,1597.5,0.8505,BID
1444179189,1597.5,0.3508,BID
1444179190,1597.61,0.0193,BID
1444179192,1597.62,0.01,BID
1444179192,1597.62,0.301,BID
1444179193,1597.62,0.6259,BID
1444179194,1597.62,0.6259,BID
1444179195,1597.62,0.015,BID
1444179195,1597.62,0.015,BID
1444179195,1597.62,0.6259,BID
1444179195,1597.62,0.15,BID
1444179196,1597.62,0.6259,BID
1444179197,1597.62,0.266,BID
1444179197,1597.62,0.15,BID
1444179197,1597.62,0.6259,BID
1444179198,1597.62,0.6259,BID
1444179199,1597.62,0.5,BID
1444179199,1597.62,0.6259,BID
1444179200,1597.62,0.597,BID
1444179201,1597.62,0.6259,BID
1444179202,1597.62,0.6259,BID
1444179202,1597.62,0.6259,BID
1444179203,1597.62,0.6259,BID
1444179205,1597.62,0.6259,BID
1444179206,1597.62,0.6259,BID
1444179207,1597.62,0.6259,BID
1444179208,1597.62,0.6259,BID
1444179209,1597.62,6.1748,BID
1444179209,1597.62,0.6259,BID
1444179210,1597.62,0.5108,BID
1444179211,1597.63,0.1151,ASK
1444179211,1597.61,0.1804,ASK
1444179211,1597.61,0.979,ASK
1444179212,1597.52,0.001,ASK
1444179212,1597.61,0.426,BID
1444179212,1597.7,0.074,BID
1444179213,1597.63,0.6259,ASK
1444179214,1597.6,0.0241,BID
1444179214,1597.7,0.6018,BID
1444179215,1597.7,0.1443,BID
1444179222,1597.74,0.01,BID
1444179224,1597.71,0.4816,ASK
1444179225,1597.7,0.01,BID
1444179226,1597.7,0.01,BID
1444179229,1597.7,0.677,BID
1444179230,1597.7,0.6259,BID
1444179231,1597.7,0.6259,BID
1444179233,1597.7,0.01,BID
1444179235,1597.69,12.254,BID
1444179240,1597.7,0.0206,BID
1444179241,1597.7,0.412,BID
1444179242,1597.7,0.01,BID
1444179242,1597.7,0.6259,BID
1444179243,1597.7,0.384,BID
1444179245,1597.7,0.6259,BID
1444179246,1597.7,0.6259,BID
1444179247,1597.7,0.6259,BID
1444179248,1597.7,0.01,BID
1444179255,1597.7,0.5326,BID
1444179265,1597.7,1.0,BID
1444179268,1597.66,0.0013,ASK
1444179268,1597.7,0.003,BID
1444179270,1597.7,0.01,BID
1444179272,1597.7,0.92,BID
1444179273,1597.7,0.01,BID
1444179274,1597.7,0.01,BID
1444179279,1597.7,0.014,BID
1444179287,1597.7,0.4,BID
1444179291,1597.53,0.0067,ASK
1444179291,1597.7,0.0092,BID
1444179307,1597.69,0.0067,BID
1444179307,1597.7,0.3933,BID
1444179313,1597.53,0.001,BID
1444179313,1597.7,0.0012,BID
1444179314,1597.7,3.9288,BID
1444179314,1597.7,0.0712,BID
1444179318,1597.7,0.01,BID
1444179322,1597.7,0.4004,BID
1444179323,1597.74,0.055,BID
1444179324,1597.74,0.1415,BID
1444179326,1597.86,0.011,BID
1444179327,1597.91,0.011,BID
1444179330,1597.91,0.011,BID
1444179330,1597.91,0.138,BID
1444179330,1598.0,0.011,BID
1444179331,1598.0,0.149,BID
1444179333,1598.0,0.1365,BID
1444179334,1598.0,0.0035,BID
1444179335,1598.1,0.01,BID
1444179335,1598.01,0.1365,ASK
1444179335,1597.92,0.149,ASK
1444179335,1597.76,0.06,ASK
1444179335,1597.75,0.1965,ASK
1444179335,1597.71,0.03,ASK
1444179335,1597.7,0.5996,ASK
1444179335,1597.52,0.0451,ASK
1444179336,1597.52,0.3797,BID
1444179337,1597.52,0.79,BID
1444179337,1597.52,1.424,BID
1444179338,1597.52,0.4103,BID
1444179339,1597.52,0.002,BID
1444179339,1597.52,1.608,BID
1444179344,1597.52,0.02,BID
1444179345,1597.52,0.0998,BID
1444179345,1597.52,0.002,BID
1444179347,1597.71,0.06,BID
1444179347,1597.91,0.149,BID
1444179347,1597.99,0.03,BID
1444179347,1597.99,0.0474,BID
1444179347,1598.0,0.1646,BID
1444179364,1597.58,0.001,ASK
1444179382,1597.99,0.001,BID
1444179382,1598.0,0.999,BID
1444179397,1597.77,0.0012,ASK
1444179397,1597.77,0.0588,ASK
1444179397,1597.73,0.5248,ASK
1444179397,1597.73,0.024,ASK
1444179397,1597.72,0.479,ASK
1444179397,1597.72,0.001,BID
1444179398,1597.72,0.0274,BID
1444179398,1597.72,0.024,BID
1444179405,1597.72,0.5,BID
1444179406,1597.72,0.1385,BID
1444179408,1597.98,0.04,BID
1444179408,1597.98,0.0633,BID
1444179412,1597.98,0.0211,BID
1444179417,1597.97,0.0299,BID
1444179418,1597.97,0.0211,BID
1444179419,1597.96,0.01,BID
1444179419,1597.74,0.001,ASK
1444179422,1597.75,0.04,BID
1444179424,1597.75,0.0196,BID
1444179425,1597.75,0.01,BID
1444179426,1597.74,0.0234,ASK
1444179427,1597.74,0.3471,BID
1444179427,1597.75,0.0713,BID
1444179427,1597.73,0.0234,ASK
1444179428,1597.75,0.3471,BID
1444179435,1597.75,0.012,BID
1444179437,1597.8,0.05,BID
1444179447,1597.77,0.0031,ASK
1444179449,1597.77,0.575,ASK
1444179450,1597.77,0.0119,ASK
1444179450,1597.76,0.03,BID
1444179467,1597.76,0.012,BID
1444179472,1597.75,0.0058,ASK
1444179476,1597.76,0.1077,BID
1444179477,1597.75,0.0822,ASK
1444179477,1597.75,0.002,ASK
1444179477,1597.74,0.0232,ASK
1444179477,1597.73,0.3566,ASK
1444179479,1597.74,0.0842,BID
1444179479,1597.76,0.1241,BID
1444179479,1597.76,0.3012,BID
1444179479,1597.79,0.0239,BID
1444179479,1597.79,0.022,BID
1444179479,1597.79,0.0439,BID
1444179479,1597.8,0.0343,BID
1444179480,1597.8,0.0842,BID
1444179484,1597.79,0.0232,BID
1444179484,1597.8,0.3858,BID
1444179496,1597.73,0.107,ASK
1444179496,1597.73,0.0004,ASK
1444179496,1597.53,0.0202,ASK
1444179496,1597.52,0.043,ASK
1444179496,1597.51,0.2752,ASK
1444179496,1597.51,0.626,ASK
1444179496,1597.51,0.0408,ASK
1444179496,1597.51,0.0439,ASK
1444179496,1597.5,2.0,ASK
1444179496,1597.07,0.4,ASK
1444179496,1597.06,5.0,ASK
1444179496,1597.05,0.2014,ASK
1444179496,1597.03,0.141,ASK
1444179496,1597.01,0.3,ASK
1444179496,1596.8,1.0,ASK
1444179496,1596.62,0.0125,ASK
1444179496,1596.49,0.1,ASK
1444179496,1596.49,0.175,ASK
1444179496,1596.0,0.3,ASK
1444179496,1595.12,0.007,ASK
1444179496,1595.03,2.1236,ASK
1444179497,1597.8,0.04,BID
1444179498,1597.72,0.1074,BID
1444179498,1597.73,0.0026,BID
1444179498,1597.79,0.0408,BID
1444179498,1597.79,0.043,BID
1444179498,1597.79,0.0439,BID
1444179498,1597.8,0.3882,BID
1444179506,1597.79,0.2959,BID
1444179507,1597.79,0.1041,BID
1444179507,1597.8,0.1302,BID
1444179508,1597.75,0.0021,ASK
1444179509,1597.8,0.5,BID
1444179516,1597.5,0.0728,BID
1444179518,1597.5,1.7585,BID
1444179519,1597.5,0.1687,BID
1444179520,1597.75,0.0021,ASK
1444179522,1597.75,0.122,ASK
1444179523,1597.75,0.65,ASK
1444179524,1597.75,0.65,ASK
1444179525,1597.75,0.094,ASK
1444179526,1597.74,0.556,BID
1444179526,1597.8,2.024,BID
1444179527,1597.74,0.6259,BID
1444179528,1597.62,0.001,ASK
1444179528,1597.74,0.01,BID
1444179528,1597.74,0.0141,BID
1444179528,1597.75,0.001,BID
1444179529,1597.75,0.2713,ASK
1444179532,1597.75,0.1,ASK
1444179533,1597.75,0.2395,ASK
1444179539,1597.62,0.009,ASK
1444179539,1597.54,0.036,ASK
1444179539,1595.28,0.0203,ASK
1444179539,1595.27,0.4,ASK
1444179539,1595.26,2.14,ASK
1444179539,1595.25,0.765,ASK
1444179539,1595.2,2.2031,ASK
1444179539,1595.0,0.3,ASK
1444179539,1594.8,0.0382,BID
1444179540,1594.8,3.5608,BID
1444179541,1594.8,0.5,BID
1444179542,1594.8,0.79,BID
1444179542,1594.8,0.627,BID
1444179543,1594.8,0.627,BID
1444179544,1594.8,0.9836,BID
1444179544,1597.73,0.022,BID
1444179544,1597.74,0.1,BID
1444179544,1597.74,0.3395,BID
1444179544,1597.79,0.0203,BID
1444179544,1597.8,0.0182,BID
1444179545,1597.8,0.01,BID
1444179546,1597.8,0.01,BID
1444179547,1597.79,0.4,BID
1444179547,1597.8,0.39,BID
1444179548,1597.79,0.07,BID
1444179548,1597.8,1.93,BID
1444179550,1597.61,0.0011,BID
1444179550,1597.74,0.0089,BID
1444179551,1596.53,0.03,ASK
1444179560,1596.55,0.05,ASK
1444179560,1596.53,0.0192,ASK
1444179560,1596.53,0.03,ASK
1444179560,1596.52,0.3008,ASK
1444179563,1597.56,0.5,BID
1444179564,1597.55,0.01,BID
1444179567,1597.55,0.0062,BID
1444179567,1597.56,0.265,BID
1444179567,1597.61,0.2288,BID
1444179571,1597.54,0.06,BID
1444179571,1597.6,0.0221,BID
1444179571,1597.6,0.0438,BID
1444179571,1597.6,0.0133,BID
1444179571,1597.61,0.3608,BID
1444179590,1597.61,1.0,BID
1444179604,1597.61,0.167,BID
1444179612,1597.61,0.4465,BID
1444179612,1597.79,0.5535,BID
1444179616,1597.73,0.43,BID
1444179616,1597.79,0.403,BID
1444179619,1597.74,0.4,ASK
1444179643,1597.79,0.8739,BID
1444179645,1597.79,0.606,BID
1444179649,1597.79,0.1,BID
1444179658,1597.78,0.0016,BID
1444179658,1597.79,0.9984,BID
1444179688,1597.78,0.1075,BID
1444179688,1597.79,3.5512,BID
1444179688,1597.8,2.5151,BID
1444179688,1597.81,0.0849,BID
1444179689,1596.8,24.0,BID
1444179689,1596.8,1.0,BID
1444179689,1596.8,4.286,BID
1444179695,1597.81,0.01,BID
1444179711,1597.81,0.0132,BID
1444179743,1597.81,0.1,BID
1444179758,1596.8,0.06,ASK
1444179766,1596.8,0.06,BID
1444179775,1596.8,0.0036,BID
1444179775,1596.99,0.0064,BID
1444179778,1596.99,0.01,BID
1444179779,1596.99,0.0436,BID
1444179779,1597.81,0.1219,BID
1444179779,1597.99,1.0545,BID
1444179781,1597.99,0.01,BID
1444179782,1597.99,0.01,BID
1444179783,1598.0,0.0142,BID
1444179784,1598.0,0.01,BID
1444179785,1598.0,0.02,BID
1444179785,1597.54,0.3,ASK
1444179785,1598.0,0.01,BID
1444179787,1598.0,0.01,BID
1444179787,1597.55,0.0112,ASK
1444179787,1597.53,0.0536,ASK
1444179787,1597.0,0.0536,ASK
1444179787,1596.8,0.1816,ASK
1444179790,1597.98,0.0112,BID
1444179790,1597.99,0.0088,BID
1444179801,1597.99,0.11,BID
1444179819,1597.89,0.2,BID
1444179820,1597.89,0.0912,BID
1444179820,1597.9,0.1988,BID
1444179820,1597.9,0.18,BID
1444179821,1597.9,0.5,BID
1444179822,1597.9,0.0013,BID
1444179823,1597.9,0.1625,BID
1444179823,1597.9,0.2,BID
1444179824,1597.9,0.46,BID
1444179825,1597.9,0.2974,BID
1444179825,1597.99,0.2026,BID
1444179829,1597.99,0.5,BID
1444179829,1597.99,1.253,BID
1444179830,1597.99,0.01,BID
1444179833,1597.99,0.5,BID
1444179833,1597.99,0.6206,BID
1444179833,1597.99,0.09,BID
1444179838,1597.99,0.5,BID
1444179842,1597.99,0.5,BID
1444179843,1597.99,0.1106,BID
1444179843,1597.99,0.2,BID
1444179843,1597.99,0.75,BID
1444179844,1598.0,0.06,BID
1444179844,1598.0,0.3158,BID
1444179844,1598.0,0.1842,BID
1444179845,1598.0,0.5,BID
1444179847,1598.0,0.01,BID
1444179848,1598.0,0.0699,BID
1444179849,1598.0,0.5,BID
1444179849,1598.0,0.01,BID
1444179850,1598.0,0.1,BID
1444179850,1598.0,0.2002,BID
1444179852,1598.0,0.374,BID
1444179852,1598.0,0.5,BID
1444179856,1598.0,0.2,BID
1444179856,1598.0,0.2,BID
1444179856,1598.0,0.5,BID
1444179860,1598.0,0.22,BID
1444179860,1598.0,0.5,BID
1444179863,1598.0,0.5,BID
1444179863,1597.99,0.01,BID
1444179864,1597.99,0.2,BID
1444179866,1597.99,0.0431,BID
1444179866,1598.0,0.4569,BID
1444179869,1598.0,0.5,BID
1444179869,1598.0,0.21,BID
1444179873,1598.0,2.3,BID
1444179873,1598.0,0.5,BID
1444179876,1598.0,0.2,BID
1444179876,1598.0,0.2,BID
1444179877,1598.0,0.5,BID
1444179877,1597.58,2.0,BID
1444179877,1597.58,14.277,BID
1444179878,1598.0,0.2,BID
1444179879,1597.99,6.0,BID
1444179879,1597.99,6.0,BID
1444179879,1597.99,3.418,BID
1444179880,1598.0,0.516,BID
1444179880,1598.0,0.5,BID
1444179880,1598.0,0.2,BID
1444179882,1598.0,0.2,BID
1444179883,1598.0,0.5,BID
1444179883,1598.0,0.2,BID
1444179884,1598.0,0.1,BID
1444179884,1598.0,0.38,BID
1444179886,1598.0,0.5,BID
1444179887,1598.0,0.01,BID
1444179889,1598.0,0.5,BID
1444179889,1598.0,0.75,BID
1444179892,1598.0,0.5,BID
1444179894,1598.0,0.17,BID
1444179895,1598.0,0.1,BID
1444179895,1598.0,0.5,BID
1444179898,1598.0,0.5,BID
1444179899,1598.0,0.5873,BID
1444179899,1598.0,0.33,BID
1444179901,1598.0,0.5,BID
1444179904,1598.0,0.5,BID
1444179906,1598.0,0.02,BID
1444179906,1598.0,0.1,BID
1444179907,1598.0,0.5,BID
1444179911,1598.0,0.5,BID
1444179915,1598.0,0.5,BID
1444179916,1598.0,0.01,BID
1444179918,1598.0,0.5,BID
1444179919,1598.0,0.056,BID
1444179924,1598.0,0.5,BID
1444179927,1598.0,0.5,BID
1444179931,1598.0,0.5,BID
1444179935,1598.0,0.75,BID
1444179937,1598.0,2.0,BID
1444179938,1597.72,0.06,ASK
1444179938,1597.71,0.1,ASK
1444179938,1597.69,0.1,ASK
1444179938,1597.68,0.1,ASK
1444179938,1597.67,0.1,ASK
1444179938,1597.66,0.0182,ASK
1444179938,1597.65,0.3649,ASK
1444179938,1597.64,0.1,ASK
1444179938,1597.62,0.1,ASK
1444179938,1597.6,0.1,ASK
1444179938,1597.45,0.1,ASK
1444179938,1597.0,0.3,ASK
1444179938,1596.9,0.4,ASK
1444179938,1596.82,2.4379,ASK
1444179938,1596.81,1.5085,ASK
1444179938,1596.81,4.6524,ASK
1444179938,1596.8,0.4447,ASK
1444179938,1596.79,5.0,ASK
1444179938,1596.76,0.0016,ASK
1444179938,1596.61,0.43,ASK
1444179938,1596.0,0.3,ASK
1444179938,1596.0,3.0,ASK
1444179938,1595.46,3.7931,ASK
1444179938,1595.44,0.2,ASK
1444179938,1595.0,2.114,ASK
1444179938,1595.0,1.0,ASK
1444179938,1595.0,0.3,ASK
1444179938,1594.81,0.627,ASK
1444179938,1594.6,3.6732,ASK
1444179938,1594.0,0.3,ASK
1444179938,1593.0,0.3,ASK
1444179938,1592.02,0.5848,ASK
1444179940,1597.99,0.01,BID
1444179942,1597.71,0.018,BID
1444179945,1597.71,0.11,BID
1444179947,1597.7,0.01,BID
1444179948,1597.7,5.0,BID
1444179950,1597.69,0.06,BID
1444179950,1597.7,0.69,BID
1444179951,1597.7,0.068,BID
1444179963,1595.0,0.029,BID
1444179963,1595.0,0.271,BID
1444179963,1596.0,0.0092,BID
1444179965,1596.0,0.2908,BID
1444179966,1597.0,0.16,BID
1444179969,1597.0,0.14,BID
1444179972,1597.01,0.06,ASK
1444179972,1597.0,0.2308,ASK
1444179979,1597.02,0.5251,ASK
1444179979,1597.01,0.1,ASK
1444179979,1597.0,0.1292,ASK
1444179979,1597.0,0.14,ASK
1444179979,1595.0,0.1,ASK
1444179979,1593.16,0.021,ASK
1444179985,1596.0,0.1,BID
1444179992,1597.0,0.5,BID
1444179995,1597.0,0.5,BID
1444180005,1597.65,0.0914,BID
1444180005,1597.66,0.06,BID
1444180005,1597.67,0.1,BID
1444180005,1597.7,0.2973,BID
1444180005,1597.85,0.007,BID
1444180005,1597.94,0.4,BID
1444180005,1597.95,0.1,BID
1444180005,1597.98,0.9443,BID
1444180008,1597.97,0.5251,BID
1444180008,1597.98,1.4552,BID
1444180016,1597.9,1.9804,BID
1444180022,1597.9,0.01,BID
1444180029,1597.9,0.2,BID
1444180037,1597.9,0.5,BID
1444180040,1597.9,0.5,BID
1444180044,1597.9,0.5,BID
1444180047,1597.9,0.5,BID
1444180049,1597.9,0.5,BID
1444180053,1597.9,0.4913,BID
1444180065,1597.97,0.0022,BID
1444180065,1597.99,0.0078,BID
1444180073,1597.99,0.0004,BID
1444180073,1597.99,7.0903,BID
1444180073,1597.99,5.2378,BID
1444180073,1598.0,29.3681,BID
1444180074,1598.0,0.0961,BID
1444180078,1598.0,1.0,BID
1444180079,1598.0,0.2,BID
1444180079,1598.0,0.451,BID
1444180082,1598.0,0.019,BID
1444180085,1598.0,5.0,BID
1444180089,1598.0,2.272,BID
1444180090,1598.0,0.01,BID
1444180091,1598.0,1.9892,BID
1444180094,1598.0,0.13,BID
1444180096,1598.0,0.5,BID
1444180097,1598.0,0.1,BID
1444180097,1598.0,0.02,BID
1444180098,1598.0,0.06,BID
1444180098,1597.99,2.0,ASK
1444180099,1597.99,2.58,ASK
1444180099,1597.99,0.65,ASK
1444180100,1598.0,0.5,BID
1444180100,1597.99,0.65,ASK
1444180102,1597.99,2.0,ASK
1444180102,1598.0,0.01,BID
1444180102,1597.99,0.65,ASK
1444180103,1597.99,0.65,ASK
1444180104,1597.99,2.0,ASK
1444180104,1597.99,0.65,ASK
1444180106,1597.99,0.65,ASK
1444180106,1598.0,0.1,BID
1444180107,1597.99,0.65,ASK
1444180109,1597.99,0.65,ASK
1444180111,1597.99,0.65,ASK
1444180112,1597.99,0.65,ASK
1444180113,1597.99,0.65,ASK
1444180114,1597.99,0.65,ASK
1444180115,1597.99,0.65,ASK
1444180115,1597.99,0.1665,ASK
1444180116,1597.99,0.65,ASK
1444180118,1597.99,0.65,ASK
1444180119,1598.0,0.5,BID
1444180119,1597.99,0.65,ASK
1444180120,1598.0,0.6258,BID
1444180121,1598.0,0.5,BID
1444180121,1598.0,0.6258,BID
1444180123,1598.0,0.6258,BID
1444180124,1598.0,0.6258,BID
1444180125,1598.0,0.6258,BID
1444180126,1598.0,0.6258,BID
1444180127,1598.0,0.6258,BID
1444180129,1598.0,0.6258,BID
1444180130,1598.0,0.6258,BID
1444180131,1598.0,0.6258,BID
1444180132,1598.0,0.6258,BID
1444180133,1598.0,11.0,BID
1444180133,1598.0,0.6258,BID
1444180135,1598.0,0.6258,BID
1444180135,1598.0,0.296,BID
1444180136,1598.0,0.6258,BID
1444180137,1598.0,0.6258,BID
1444180138,1598.0,1.18,BID
1444180138,1598.0,0.6258,BID
1444180138,1598.0,0.01,BID
1444180139,1598.0,11.0,BID
1444180139,1598.0,0.3389,BID
1444180141,1598.0,0.1,BID
1444180143,1598.0,0.6703,BID
1444180143,1598.0,0.3,BID
1444180143,1598.0,1.0,BID
1444180144,1598.1,0.01,BID
1444180148,1598.1,0.09,BID
1444180157,1598.12,0.098,BID
1444180158,1598.12,0.002,BID
1444180158,1598.14,0.1,BID
1444180160,1598.17,0.002,BID
1444180160,1598.17,0.008,BID
1444180163,1598.17,0.063,BID
1444180164,1598.17,0.029,BID
1444180167,1598.18,0.017,BID
1444180170,1598.18,0.01,BID
1444180173,1598.18,0.01,BID
1444180179,1598.18,0.01,BID
1444180180,1598.18,0.031,BID
1444180186,1598.18,0.022,BID
1444180186,1598.19,0.001,BID
1444180198,1598.19,0.03,BID
1444180207,1598.18,0.0481,ASK
1444180207,1598.17,0.961,ASK
1444180207,1598.15,0.03,ASK
1444180207,1598.14,0.1409,ASK
1444180209,1598.17,0.0481,BID
1444180209,1598.19,0.069,BID
1444180212,1598.21,0.1,BID
1444180212,1598.35,0.0481,BID
1444180212,1598.36,1.3904,BID
1444180212,1598.39,0.0168,BID
1444180212,1598.5,1.0,BID
1444180212,1598.5,0.0247,BID
1444180213,1598.5,0.0753,BID
1444180213,1598.5,0.1,BID
1444180213,1598.51,0.2372,BID
1444180213,1598.81,0.004,BID
1444180213,1598.99,0.115,BID
1444180213,1599.6,1.0,BID
1444180213,1599.81,0.4685,BID
1444180218,1599.8,0.0119,BID
1444180218,1599.8,0.0181,BID
1444180218,1599.81,1.97,BID
1444180221,1598.5,1.129,BID
1444180222,1598.5,0.24,BID
1444180227,1598.5,1.45,BID
1444180235,1598.28,0.0263,ASK
1444180235,1598.27,0.0213,ASK
1444180235,1598.26,0.0262,ASK
1444180235,1598.26,0.2262,ASK
1444180270,1599.49,0.0263,BID
1444180270,1599.49,0.0262,BID
1444180270,1599.49,0.0213,BID
1444180270,1599.5,0.4262,BID
1444180280,1599.49,0.073,BID
1444180282,1599.49,0.154,BID
1444180282,1599.5,0.073,BID
1444180286,1599.5,1.427,BID
1444180292,1599.5,0.601,BID
1444180294,1599.5,0.2,BID
1444180296,1599.5,0.2,BID
1444180299,1599.5,0.2,BID
1444180300,1599.5,0.2,BID
1444180306,1599.5,0.596,BID
1444180309,1598.69,0.06,ASK
1444180309,1598.68,0.5249,ASK
1444180311,1598.6,0.1,BID
1444180326,1598.6,0.01,BID
1444180328,1598.6,0.01,BID
1444180341,1598.6,0.2,BID
1444180342,1598.6,0.1131,BID
1444180348,1598.6,1.314,BID
1444180348,1598.6,0.021,BID
1444180348,1598.64,0.06,BID
1444180348,1599.19,0.1,BID
1444180348,1599.4,1.9703,BID
1444180348,1599.5,4.7047,BID
1444180352,1599.5,0.2,BID
1444180356,1599.49,0.5249,BID
1444180356,1599.5,0.1971,BID
1444180362,1599.5,0.215,BID
1444180363,1599.5,0.215,BID
1444180367,1599.5,0.017,BID
1444180370,1599.5,0.695,BID
1444180373,1599.5,0.8,BID
1444180380,1599.5,8.214,BID
1444180399,1599.51,0.1,ASK
1444180399,1599.5,1.786,ASK
1444180399,1599.45,0.06,ASK
1444180399,1598.47,0.02,ASK
1444180399,1598.45,0.034,ASK
1444180402,1599.49,0.1,BID
1444180406,1599.48,0.02,BID
1444180406,1599.48,0.06,BID
1444180406,1599.49,0.55,BID
1444180407,1599.65,0.006,BID
1444180407,1599.65,0.004,BID
1444180408,1599.65,0.02,BID
1444180411,1599.65,0.01,BID
1444180412,1599.65,0.06,BID
1444180414,1599.65,0.406,BID
1444180415,1599.8,0.071,BID
1444180422,1599.8,0.01,BID
1444180423,1599.66,0.07,ASK
1444180423,1599.51,0.1,ASK
1444180423,1599.51,0.02,ASK
1444180423,1599.51,0.0917,ASK
1444180423,1599.51,0.085,ASK
1444180423,1599.5,1.6333,ASK
1444180425,1599.65,0.07,BID
1444180425,1599.79,0.0917,BID
1444180425,1599.8,0.0283,BID
1444180428,1599.79,0.02,BID
1444180428,1599.8,0.17,BID
1444180441,1599.79,0.02,BID
1444180452,1599.79,0.02,BID
1444180454,1599.79,0.045,BID
1444180454,1599.8,1.8007,BID
1444180454,1599.81,0.1166,BID
1444180454,1599.97,0.002,BID
1444180454,1600.0,0.3,BID
1444180454,1600.0,0.5663,BID
1444180467,1600.0,0.18,BID
1444180473,1600.0,0.217,BID
1444180474,1600.0,2.0,BID
1444180479,1600.0,3.0,BID
1444180483,1600.0,2.0,BID
1444180483,1600.0,1.18,BID
1444180487,1600.0,2.1792,BID
1444180487,1600.0,5.1313,BID
1444180487,1600.01,12.6895,BID
1444180506,1600.0,0.0412,BID
1444180506,1600.01,3.363,BID
1444180506,1600.01,0.1,BID
1444180506,1600.01,0.1,BID
1444180506,1600.02,0.1,BID
1444180506,1600.05,0.1,BID
1444180509,1600.12,1.0,BID
1444180509,1600.12,6.0,BID
1444180509,1600.12,0.93,BID
1444180524,1600.13,0.1854,ASK
1444180532,1600.61,0.001,BID
1444180533,1600.61,0.003,BID
1444180533,1600.87,0.0685,BID
1444180533,1601.0,0.3,BID
1444180537,1601.0,0.589,ASK
1444180538,1601.0,0.0395,ASK
1444180586,1600.26,0.023,ASK
1444180586,1600.25,0.06,ASK
1444180586,1600.25,0.4,ASK
1444180588,1600.24,0.131,BID
1444180603,1600.24,0.386,BID
1444180603,1600.42,0.06,BID
1444180603,1600.71,0.001,BID
1444180603,1600.98,0.034,BID
1444180603,1600.98,0.023,BID
1444180604,1600.98,3.0,ASK
1444180604,1600.98,0.1854,ASK
1444180605,1600.98,0.65,ASK
1444180606,1600.98,0.65,ASK
1444180606,1600.98,0.8835,ASK
1444180612,1600.26,0.0259,ASK
1444180612,1600.25,0.517,ASK
1444180623,1600.25,1.0116,BID
1444180623,1600.96,0.0259,BID
1444180623,1600.97,0.65,BID
1444180623,1600.99,0.589,BID
1444180623,1600.99,0.6285,BID
1444180624,1600.99,0.4,ASK
1444180625,1601.06,1.0,BID
1444180625,1601.06,9.0,BID
1444180625,1601.06,8.471,BID
1444180625,1600.99,3.0,ASK
1444180626,1600.99,0.65,ASK
1444180627,1600.99,2.5275,ASK
1444180627,1600.99,0.65,ASK
1444180629,1600.99,0.65,ASK
1444180630,1600.99,0.356,ASK
1444180631,1601.0,0.158,ASK
1444180631,1600.99,0.492,ASK
1444180631,1601.0,0.0888,ASK
1444180631,1600.99,0.5612,ASK
1444180632,1600.99,0.65,ASK
1444180635,1601.07,0.03,BID
1444180635,1601.35,0.004,BID
1444180635,1601.44,0.0888,BID
1444180635,1601.45,1.1262,BID
1444180635,1600.99,3.6429,ASK
1444180636,1600.99,0.03,BID
1444180679,1600.33,0.5247,ASK
1444180679,1600.3,0.06,ASK
1444180679,1600.21,0.28,ASK
1444180679,1600.21,0.014,ASK
1444180679,1600.2,1.7013,ASK
1444180690,1600.95,0.06,BID
1444180690,1600.96,0.014,BID
1444180690,1600.97,0.026,BID
1444180721,1600.93,0.01,BID
1444180722,1600.95,0.0239,BID
1444180722,1600.96,5.0,BID
1444180722,1600.97,0.374,BID
1444180723,1600.97,0.5247,ASK
1444180724,1600.97,0.0774,ASK
1444180724,1600.23,0.06,ASK
1444180726,1600.23,0.4,BID
1444180727,1600.23,0.01,BID
1444180727,1600.23,0.6249,BID
1444180728,1600.23,0.3277,BID
1444180758,1600.94,0.06,BID
1444180758,1600.95,0.0162,BID
1444180758,1600.95,0.0139,BID
1444180758,1600.96,0.6021,BID
1444180758,1600.96,0.552,BID
1444180758,1601.0,0.7558,BID
1444180839,1600.39,0.0366,BID
1444180839,1600.97,0.0271,BID
1444180839,1600.98,0.0292,BID
1444180839,1600.98,0.5,BID
1444180839,1600.98,0.0255,BID
1444180839,1600.99,5.0,BID
1444180839,1601.0,0.2442,BID
1444180841,1601.1,0.4,ASK
1444180841,1601.1,0.8,ASK
1444180844,1601.11,0.06,ASK
1444180844,1601.11,0.5247,ASK
1444180844,1601.1,8.4153,ASK
1444180849,1601.11,0.5,ASK
1444180849,1601.1,0.1,ASK
1444180854,1601.11,0.4,ASK
1444180865,1601.11,0.1,ASK
1444180865,1601.1,0.5,ASK
1444180878,1601.1,1.18,ASK
1444180879,1601.1,0.01,ASK
1444180880,1601.1,0.65,ASK
1444180881,1601.1,0.65,ASK
1444180882,1601.1,0.65,ASK
1444180883,1601.1,0.65,ASK
1444180884,1601.1,5.0,ASK
1444180884,1601.1,0.5,ASK
1444180884,1601.1,0.3,ASK
1444180884,1601.1,0.65,ASK
1444180885,1601.1,0.5,ASK
1444180885,1601.1,0.2821,ASK
1444180885,1601.1,0.3679,ASK
1444180886,1601.1,0.65,ASK
1444180887,1601.1,0.65,ASK
1444180888,1601.1,0.5,ASK
1444180888,1601.1,0.65,ASK
1444180890,1601.1,0.5,ASK
1444180890,1601.1,0.3,ASK
1444180890,1601.1,0.3,ASK
1444180891,1601.1,0.65,ASK
1444180892,1601.1,0.5,ASK
1444180892,1601.1,0.65,ASK
1444180893,1601.29,20.0,ASK
1444180893,1601.29,1.0,ASK
1444180893,1601.29,1.016,ASK
1444180893,1601.1,0.65,ASK
1444180894,1601.1,0.65,ASK
1444180895,1601.1,0.5,ASK
1444180895,1601.1,0.65,ASK
1444180896,1601.1,0.65,ASK
1444180897,1601.1,0.5,ASK
1444180897,1601.1,10.522,ASK
1444180898,1601.11,0.1384,ASK
1444180898,1601.1,0.3616,ASK
1444180899,1601.1,0.06,ASK
1444180909,1601.11,0.0157,ASK
1444180909,1601.11,0.0304,ASK
1444180909,1601.1,1.9539,ASK
1444180912,1601.1,0.476,ASK
1444180920,1601.1,5.0,ASK
1444180922,1601.1,0.5672,ASK
1444180923,1601.1,0.5,ASK
1444180924,1601.1,0.4171,ASK
1444180926,1601.1,0.02,ASK
1444180928,1601.1,0.44,ASK
1444180929,1601.1,0.65,ASK
1444180930,1601.1,0.4,ASK
1444180930,1601.1,0.598,ASK
1444180930,1601.1,0.65,ASK
1444180932,1601.1,0.65,ASK
1444180933,1601.1,0.65,ASK
1444180933,1601.1,0.02,ASK
1444180934,1601.1,0.65,ASK
1444180935,1601.1,2.454,ASK
1444180935,1601.1,0.65,ASK
1444180936,1601.1,0.65,ASK
1444180937,1601.1,0.5,ASK
1444180937,1601.1,0.65,ASK
1444180937,1601.1,1.1678,ASK
1444180938,1601.1,0.01,ASK
1444180938,1601.1,0.582,ASK
1444180939,1601.1,0.5,ASK
1444180939,1601.1,0.01,ASK
1444180940,1601.1,0.7,ASK
1444180940,1601.11,0.01,ASK
1444180941,1601.34,0.5247,BID
1444180941,1601.35,0.06,BID
1444180941,1601.39,0.0275,BID
1444180941,1601.4,0.55,BID
1444180941,1601.43,0.0567,BID
1444180941,1601.44,1.98,BID
1444180941,1601.45,0.8576,BID
1444180941,1601.45,0.65,ASK
1444180941,1601.45,0.13,ASK
1444180942,1601.45,0.0262,ASK
1444180942,1601.45,0.13,ASK
1444180942,1601.45,0.01,ASK
1444180943,1601.45,3.0,ASK
1444180943,1601.45,0.8,ASK
1444180943,1601.45,1.0,ASK
1444180943,1601.45,0.1887,ASK
1444180943,1601.35,0.0113,ASK
1444180946,1601.36,0.0262,ASK
1444180946,1601.35,0.0618,ASK
1444180947,1601.35,0.03,ASK
1444180947,1601.35,0.4216,ASK
1444180948,1601.34,0.0226,BID
1444180948,1601.24,0.0486,ASK
1444180951,1601.24,0.01,ASK
1444180958,1601.12,0.5247,ASK
1444180958,1601.11,0.0753,ASK
1444180959,1601.11,0.0297,ASK
1444180959,1601.1,0.137,ASK
1444180959,1601.34,0.0692,BID
1444180959,1601.43,0.0389,BID
1444180959,1601.44,0.0419,BID
1444180987,1601.35,0.001,ASK
1444180996,1601.35,0.0387,ASK
1444180997,1601.35,0.0295,ASK
1444180997,1601.12,0.0339,ASK
1444181000,1601.12,0.0873,BID
1444181001,1601.12,0.3493,BID
1444181001,1601.12,0.063,BID
1444181002,1601.13,0.0243,ASK
1444181002,1601.11,0.0389,ASK
1444181002,1601.11,0.0238,ASK
1444181003,1601.34,0.0682,BID
1444181003,1601.34,0.0682,BID
1444181003,1601.13,0.4996,ASK
1444181003,1601.11,0.1504,ASK
1444181004,1601.33,0.1364,BID
1444181004,1601.31,0.06,BID
1444181004,1601.33,0.0764,BID
1444181004,1601.14,0.025,ASK
1444181004,1601.11,0.4639,ASK
1444181005,1601.11,0.0111,BID
1444181005,1601.33,0.3119,BID
1444181007,1601.43,0.0389,BID
1444181007,1601.42,0.2017,ASK
1444181007,1601.31,0.0111,ASK
1444181007,1601.1,0.2872,ASK
1444181008,1601.43,0.0905,BID
1444181008,1601.44,0.0389,BID
1444181009,1601.44,0.0389,BID
1444181009,1601.1,0.01,ASK
1444181009,1601.44,0.042,BID
1444181009,1601.44,0.0905,BID
1444181010,1601.44,0.3978,BID
1444181010,1601.44,1.98,BID
1444181010,1601.47,0.0085,ASK
1444181010,1601.47,0.0262,ASK
1444181010,1601.47,0.01,ASK
1444181011,1601.48,0.01,ASK
1444181011,1601.47,0.1267,ASK
1444181011,1601.12,0.3633,ASK
1444181011,1601.13,12.0,ASK
1444181011,1601.13,1.854,ASK
1444181012,1601.5,0.0384,BID
1444181013,1601.5,0.0489,BID
1444181014,1601.29,0.06,ASK
1444181014,1601.11,0.0905,ASK
1444181014,1601.11,0.0262,ASK
1444181014,1601.11,0.0417,ASK
1444181014,1601.1,0.2816,ASK
1444181019,1601.5,0.01,BID
1444181029,1601.38,0.0212,BID
1444181029,1601.39,0.06,BID
1444181029,1601.39,0.3633,BID
1444181029,1601.4,0.121,BID
1444181029,1601.49,0.0366,BID
1444181029,1601.5,0.5227,BID
1444181029,1601.56,0.001,BID
1444181029,1601.6,0.1405,BID
1444181029,1601.88,0.002,BID
1444181029,1601.97,0.1,BID
1444181029,1602.0,0.3,BID
1444181029,1602.0,0.1,BID
1444181031,1602.0,0.2317,ASK
1444181031,1601.99,0.0003,BID
1444181032,1602.01,0.232,ASK
1444181032,1602.01,0.2923,ASK
1444181037,1601.11,0.0974,ASK
1444181037,1601.11,0.0365,ASK
1444181037,1601.11,0.0212,ASK
1444181037,1601.11,0.06,BID
1444181038,1601.11,0.2849,BID
1444181038,1601.11,0.1551,ASK
1444181039,1601.11,0.1551,ASK
1444181039,1601.11,0.5,ASK
1444181061,1601.11,0.5,BID
1444181063,1601.12,0.5,ASK
1444181067,1601.29,0.5246,BID
1444181068,1601.5,0.06,ASK
1444181074,1601.5,0.235,ASK
1444181080,1601.51,0.5245,ASK
1444181080,1601.51,0.06,ASK
1444181080,1601.5,5.1804,ASK
1444181082,1601.3,0.0759,ASK
1444181086,1601.48,0.0272,BID
1444181086,1601.3,0.02,ASK
1444181093,1601.49,0.01,BID
1444181094,1601.49,0.0249,BID
1444181095,1601.44,0.1612,BID
1444181096,1601.31,0.0101,ASK
1444181096,1601.31,0.0113,ASK
1444181096,1601.3,0.4287,ASK
1444181096,1601.12,0.167,ASK
1444181096,1601.11,0.1438,ASK
1444181096,1601.11,0.0136,ASK
1444181096,1601.1,2.8255,ASK
1444181104,1601.46,0.0021,BID
1444181105,1601.35,8.0743,BID
1444181120,1601.34,0.0085,BID
1444181142,1601.3,0.0183,ASK
1444181178,1601.11,0.0183,ASK
1444181183,1601.11,0.18,BID
1444181184,1601.11,0.6246,BID
1444181185,1601.11,0.6246,BID
1444181186,1601.11,0.6246,BID
1444181187,1601.11,0.6246,BID
1444181189,1601.11,0.6246,BID
1444181202,1601.11,0.0478,BID
1444181203,1601.11,0.6246,BID
1444181204,1601.11,0.6246,BID
1444181221,1601.11,0.1,BID
1444181222,1601.11,0.6246,BID
1444181223,1601.1,15.5622,ASK
1444181223,1601.11,0.6246,BID
1444181224,1601.11,0.0664,BID
1444181224,1601.1,0.65,ASK
1444181225,1601.11,0.6246,BID
1444181225,1601.11,2.0,BID
1444181226,1601.11,1.18,BID
1444181226,1601.11,0.6246,BID
1444181227,1601.11,0.6246,BID
1444181227,1601.11,1.18,BID
1444181227,1601.11,0.01,BID
1444181228,1601.11,0.6246,BID
1444181229,1601.1,4.5319,ASK
1444181230,1601.11,0.6246,BID
1444181231,1601.1,0.65,ASK
1444181231,1601.11,0.6246,BID
1444181233,1601.1,0.65,ASK
1444181235,1601.1,0.65,ASK
1444181235,1601.11,0.02,BID
1444181235,1601.1,2.1437,ASK
1444181236,1601.1,0.65,ASK
1444181238,1601.1,0.65,ASK
1444181238,1601.11,0.14,BID
1444181239,1601.1,0.65,ASK
1444181241,1601.1,0.65,ASK
1444181241,1601.11,0.021,BID
1444181242,1601.1,0.65,ASK
1444181243,1601.1,0.65,ASK
1444181244,1601.1,0.65,ASK
1444181245,1601.1,0.65,ASK
1444181247,1601.1,0.65,ASK
1444181247,1601.1,0.8374,ASK
1444181249,1601.1,0.65,ASK
1444181251,1601.1,0.65,ASK
1444181251,1601.11,0.0664,BID
1444181253,1601.1,0.65,ASK
1444181254,1601.1,0.65,ASK
1444181255,1601.1,0.65,ASK
1444181256,1601.1,0.65,ASK
1444181257,1601.1,0.65,ASK
1444181258,1601.1,0.65,ASK
1444181260,1601.1,0.65,ASK
1444181261,1601.1,18.6573,ASK
1444181261,1601.0,5.6205,ASK
1444181261,1601.0,0.3,ASK
1444181262,1601.0,0.85,BID
1444181272,1600.99,0.5,BID
1444181272,1601.0,1.5,BID
1444181273,1601.0,0.6246,BID
1444181274,1601.0,1.0759,BID
1444181274,1601.0,0.6246,BID
1444181275,1600.99,0.5,BID
1444181275,1601.0,0.1246,BID
1444181276,1601.0,0.6246,BID
1444181277,1600.95,21.222,BID
1444181290,1601.0,0.702,BID
1444181291,1601.0,0.6246,BID
1444181292,1601.0,0.6246,BID
1444181293,1601.0,0.6246,BID
1444181294,1601.0,0.6246,BID
1444181319,1601.0,0.4,BID
1444181319,1601.0,0.6,BID
1444181320,1601.0,0.6246,BID
1444181320,1601.0,0.4,BID
1444181321,1601.0,0.6246,BID
1444181322,1601.0,0.6246,BID
1444181323,1601.0,0.6246,BID
1444181324,1601.0,0.6246,BID
1444181325,1601.0,0.6246,BID
1444181326,1601.0,0.6246,BID
1444181331,1601.0,0.703,BID
1444181332,1601.0,0.6246,BID
1444181333,1601.0,0.6246,BID
1444181334,1601.0,0.6246,BID
1444181334,1601.0,0.07,BID
1444181335,1601.0,0.6246,BID
1444181336,1600.99,6.0,BID
1444181336,1600.99,14.654,BID
1444181337,1601.0,0.6246,BID
1444181338,1600.94,0.005,ASK
1444181338,1600.94,0.295,BID
1444181338,1601.0,0.3296,BID
1444181339,1601.0,0.6246,BID
1444181340,1601.0,0.2,BID
1444181340,1601.0,0.6246,BID
1444181376,1600.98,0.06,BID
1444181376,1600.99,0.1158,BID
1444181376,1600.99,0.019,BID
1444181376,1600.99,0.062,BID
1444181376,1600.99,2.14,BID
1444181376,1601.0,4.3505,BID
1444181452,1601.11,1.3013,BID
1444181453,1601.11,0.6246,BID
1444181454,1601.11,0.6246,BID
1444181476,1601.01,0.0248,ASK
1444181476,1601.01,0.1475,ASK
1444181476,1601.01,0.0245,ASK
1444181476,1601.0,2.7348,ASK
1444181477,1601.0,0.1968,ASK
1444181479,1601.0,0.2066,ASK
1444181500,1601.0,0.118,ASK
1444181509,1601.0,1.18,ASK
1444181510,1601.0,0.75,ASK
1444181510,1601.0,0.65,ASK
1444181511,1601.0,1.18,ASK
1444181511,1601.0,0.65,ASK
1444181513,1601.0,0.01,ASK
1444181517,1601.0,0.34,ASK
1444181517,1601.0,1.9877,ASK
1444181517,1600.89,0.0123,ASK
1444181521,1600.89,0.01,ASK
1444181522,1600.89,0.0377,ASK
1444181522,1600.88,0.0019,ASK
1444181522,1600.62,0.002,ASK
1444181522,1600.39,0.0084,ASK
1444181597,1600.87,0.06,BID
1444181597,1600.88,0.0477,BID
1444181597,1600.98,0.0325,BID
1444181597,1600.99,0.1722,BID
1444181603,1600.4,0.06,ASK
1444181603,1600.39,0.0038,ASK
1444181603,1600.23,0.001,ASK
1444181603,1600.23,0.003,ASK
1444181603,1600.07,0.5,ASK
1444181603,1600.06,0.4322,ASK
1444181605,1600.51,0.02,BID
1444181605,1600.98,0.0239,BID
1444181605,1600.99,0.0561,BID
1444181713,1600.06,9.2652,ASK
1444181718,1600.06,2.58,BID
1444181731,1600.01,6.3843,ASK
1444181731,1600.06,1.18,BID
1444181732,1600.01,0.65,ASK
1444181733,1600.01,0.0471,ASK
1444181733,1600.0,0.6029,ASK
1444181733,1600.06,1.18,BID
1444181734,1600.0,0.65,ASK
1444181737,1600.06,0.075,BID
1444181738,1600.06,0.625,BID
1444181739,1600.06,0.625,BID
1444181740,1600.06,0.625,BID
1444181742,1600.05,0.0211,BID
1444181742,1600.05,0.025,BID
1444181742,1600.06,0.5789,BID
1444181743,1600.06,0.0461,BID
1444181746,1600.06,0.4,BID
1444181747,1600.06,0.625,BID
1444181748,1600.06,0.01,BID
1444181748,1600.06,0.625,BID
1444181749,1600.06,0.625,BID
1444181750,1600.06,0.625,BID
1444181751,1600.06,0.0712,BID
1444181753,1600.95,0.025,BID
1444181753,1600.95,0.0482,BID
1444181753,1600.96,0.5,BID
1444181753,1600.96,7.0814,BID
1444181753,1600.97,0.0915,BID
1444181753,1600.99,0.4217,BID
1444181753,1601.02,1.8322,BID
1444181769,1600.94,0.06,BID
1444181769,1601.01,0.0211,BID
1444181769,1601.02,1.9189,BID
1444181775,1601.02,2.0,BID
1444181777,1600.1,0.001,ASK
1444181812,1600.12,0.06,ASK
1444181812,1600.12,0.5,ASK
1444181812,1600.09,0.0727,ASK
1444181812,1600.09,0.028,ASK
1444181812,1600.08,5.7545,ASK
1444181812,1600.07,0.3148,ASK
1444181824,1600.12,0.01,BID
1444181825,1600.12,0.01,BID
1444181826,1600.12,0.1065,BID
1444181831,1600.29,0.01,ASK
1444181831,1600.29,0.096,ASK
1444181843,1600.29,0.01,ASK
1444181848,1600.29,0.0005,ASK
1444181848,1600.07,0.5995,ASK
1444181850,1600.95,5.0,ASK
1444181850,1600.95,1.313,ASK
1444181854,1600.96,0.06,BID
1444181854,1600.98,0.5,BID
1444181854,1600.99,0.0398,BID
1444181854,1601.0,0.4,BID
1444181854,1601.02,5.4641,BID
1444181868,1600.15,0.0034,BID
1444181878,1600.17,0.0034,ASK
1444181878,1600.09,0.025,ASK
1444181878,1600.09,5.4673,ASK
1444181878,1600.08,0.5,ASK
1444181878,1600.08,0.1438,ASK
1444181878,1600.07,0.1835,ASK
1444181878,1600.07,0.407,ASK
1444181878,1600.07,0.6,ASK
1444181880,1600.08,16.0,ASK
1444181880,1600.08,7.637,ASK
1444181881,1600.09,0.003,BID
1444181882,1600.28,0.007,ASK
1444181882,1600.07,2.826,ASK
1444181885,1600.29,0.0034,ASK
1444181886,1600.17,0.01,ASK
1444181886,1600.07,0.59,ASK
1444181886,1600.29,0.0066,BID
1444181886,1600.3,0.004,ASK
1444181888,1600.3,0.0494,ASK
1444181888,1600.07,0.1006,ASK
1444181892,1600.07,0.183,ASK
1444181926,1600.12,0.0034,ASK
1444181926,1600.11,0.4002,ASK
1444181926,1600.1,0.1964,ASK
1444181927,1600.1,2.5509,ASK
1444181927,1600.06,2.0491,ASK
1444181938,1600.1,0.003,BID
1444181946,1600.14,0.007,ASK
1444181946,1600.14,0.01,ASK
1444181954,1600.2,0.01,ASK
1444181955,1600.06,6.1909,ASK
1444181955,1600.0,3.9088,ASK
1444181975,1600.2,0.01,BID
1444181975,1600.2,0.06,BID
1444181975,1601.03,0.0145,BID
1444181975,1601.03,0.0135,BID
1444181975,1601.04,0.5,BID
1444181975,1601.05,0.617,BID
1444181975,1601.06,0.21,BID
1444181975,1601.1,0.521,BID
1444181982,1600.01,0.0134,ASK
1444181982,1600.01,0.0066,ASK
1444181990,1600.02,0.06,ASK
1444181990,1600.02,0.14,ASK
1444181990,1600.02,0.0702,ASK
1444181990,1600.01,0.1298,ASK
1444181991,1600.01,0.2,ASK
1444181992,1600.01,0.1702,ASK
1444181992,1600.0,0.0298,ASK
1444181993,1600.0,0.01,ASK
1444181995,1600.0,5.0,ASK
1444181996,1600.0,2.588,ASK
1444181996,1600.0,0.2,ASK
1444181996,1600.0,0.2,ASK
1444181997,1600.0,0.2,ASK
1444181998,1600.0,0.01,ASK
1444181998,1600.0,0.2,ASK
1444181999,1600.0,0.2,ASK
1444181999,1600.0,0.2,ASK
1444182000,1600.0,0.12,ASK
1444182000,1600.0,0.2,ASK
1444182001,1600.01,0.2,ASK
1444182002,1600.01,0.2,ASK
1444182003,1600.01,0.1,ASK
1444182003,1600.0,0.07,ASK
1444182003,1600.0,2.338,ASK
1444182003,1600.0,0.2,ASK
1444182004,1600.0,0.2,ASK
1444182005,1600.0,0.671,ASK
1444182006,1600.0,0.2,ASK
1444182006,1600.98,0.06,BID
1444182006,1600.99,0.0105,BID
1444182006,1601.0,0.36,BID
1444182006,1601.0,0.0645,BID
1444182007,1600.01,0.01,ASK
1444182008,1600.01,0.0288,ASK
1444182008,1600.01,0.0184,ASK
1444182008,1600.0,0.1528,ASK
1444182008,1600.0,0.2,ASK
1444182008,1600.0,0.2,ASK
1444182011,1600.0,0.02,ASK
1444182013,1600.0,0.2,ASK
1444182013,1600.0,0.2,ASK
1444182014,1600.0,0.2,ASK
1444182015,1600.98,0.5,BID
1444182015,1600.99,0.0184,BID
1444182015,1600.99,0.0957,BID
1444182016,1600.99,0.02,ASK
1444182016,1600.99,0.0051,ASK
1444182016,1600.99,0.128,ASK
1444182016,1600.99,0.0326,ASK
1444182016,1600.99,0.025,ASK
1444182017,1600.99,0.2,ASK
1444182017,1600.99,0.075,ASK
1444182017,1600.99,2.886,ASK
1444182018,1600.99,0.5,ASK
1444182018,1600.99,1.0,ASK
1444182018,1600.99,6.633,ASK
1444182018,1600.99,0.1372,ASK
1444182019,1600.01,0.06,ASK
1444182019,1600.01,0.0051,ASK
1444182019,1600.01,0.0349,ASK
1444182019,1600.01,0.03,ASK
1444182019,1600.01,0.0308,ASK
1444182019,1600.01,0.0184,ASK
1444182019,1600.01,0.0326,ASK
1444182019,1600.0,4.9182,ASK
1444182021,1600.08,0.0034,ASK
1444182021,1600.01,0.025,ASK
1444182021,1600.0,0.1716,ASK
1444182022,1600.0,0.2,ASK
1444182022,1600.0,0.2,ASK
1444182023,1600.0,0.2,ASK
1444182024,1600.0,0.2,ASK
1444182026,1600.0,0.024,ASK
1444182027,1600.0,0.5,ASK
1444182027,1600.0,0.2,ASK
1444182030,1600.0,0.2,ASK
1444182032,1600.0,0.1,ASK
1444182035,1600.01,0.2,ASK
1444182039,1600.01,0.2883,ASK
1444182039,1600.0,0.7117,ASK
1444182039,1600.0,0.2,ASK
1444182040,1600.0,0.29,ASK
1444182041,1600.0,0.1,ASK
1444182043,1600.0,0.2,ASK
1444182045,1600.0,1.4006,ASK
1444182045,1600.0,0.3,ASK
1444182045,1599.91,0.002,ASK
1444182045,1599.59,0.002,ASK
1444182045,1599.02,0.116,ASK
1444182054,1599.98,0.06,BID
1444182054,1599.99,0.01,BID
1444182054,1599.99,0.0391,BID
1444182054,1600.0,0.9822,BID
1444182054,1600.64,0.0288,BID
1444182054,1600.65,0.576,BID
1444182054,1600.91,0.1188,BID
1444182054,1600.92,1.3082,BID
1444182058,1599.03,0.0289,ASK
1444182058,1599.03,0.039,ASK
1444182058,1599.03,0.1188,ASK
1444182058,1599.02,0.0133,ASK
1444182083,1599.39,0.01,BID
1444182084,1599.39,0.19,BID
1444182089,1599.4,0.01,ASK
1444182089,1599.06,0.06,ASK
1444182089,1599.03,0.5228,ASK
1444182089,1599.02,0.5294,ASK
1444182090,1600.48,8.0,ASK
1444182090,1600.48,1.0,ASK
1444182090,1600.48,1.343,ASK
1444182104,1599.04,0.01,ASK
1444182104,1599.03,0.19,ASK
1444182134,1599.03,0.1,ASK
1444182136,1599.03,0.5,ASK
1444182153,1600.26,0.1,BID
1444182162,1599.03,0.1,ASK
1444182167,1600.23,0.06,BID
1444182167,1600.23,0.263,BID
1444182167,1600.25,0.5,BID
1444182167,1600.39,0.1569,ASK
1444182167,1600.39,0.0142,ASK
1444182167,1600.39,0.0162,ASK
1444182169,1600.39,0.769,ASK
1444182169,1600.39,10.7176,ASK
1444182169,1599.95,0.001,BID
1444182170,1599.04,0.0143,ASK
1444182170,1599.03,0.4186,ASK
1444182170,1599.03,0.157,ASK
1444182170,1599.02,0.1601,ASK
1444182170,1599.02,0.5,ASK
1444182190,1599.03,0.06,ASK
1444182190,1599.02,0.14,ASK
1444182200,1599.91,0.06,BID
1444182200,1599.92,0.025,BID
1444182200,1599.93,0.5,BID
1444182200,1599.94,0.132,BID
1444182200,1599.94,0.0237,BID
1444182200,1599.95,0.1943,BID
1444182203,1599.03,0.0161,ASK
1444182203,1599.03,0.0237,ASK
1444182203,1599.02,4.0099,ASK
1444182203,1599.01,2.3803,ASK
1444182203,1599.0,0.3,ASK
1444182203,1599.0,0.8991,ASK
1444182203,1599.0,1.0,ASK
1444182203,1599.0,0.025,BID
1444182204,1599.0,0.313,BID
1444182206,1599.0,0.834,BID
1444182207,1599.0,0.1989,BID
1444182208,1599.01,0.3255,ASK
1444182215,1599.91,0.001,BID
1444182221,1599.51,0.01,BID
1444182234,1599.02,0.02,ASK
1444182251,1599.05,0.2,ASK
1444182271,1599.03,0.025,ASK
1444182273,1599.02,0.495,ASK
1444182274,1599.02,0.005,ASK
1444182274,1599.02,0.0262,ASK
1444182274,1599.02,0.0778,ASK
1444182275,1599.04,0.04,ASK
1444182275,1599.02,0.013,ASK
1444182275,1599.01,0.069,ASK
1444182275,1599.06,3.6719,BID
1444182275,1599.41,0.2,BID
1444182275,1599.42,0.02,BID
1444182275,1599.5,0.301,BID
1444182275,1599.73,0.029,BID
1444182275,1599.81,0.021,BID
1444182275,1599.91,0.0557,BID
1444182275,1599.98,8.076,BID
1444182276,1599.01,0.4066,ASK
1444182276,1599.01,0.3934,ASK
1444182276,1599.01,0.02,ASK
1444182276,1599.01,0.212,ASK
1444182276,1599.01,1.346,ASK
1444182276,1599.01,0.6,ASK
1444182276,1598.86,0.005,ASK
1444182276,1598.54,0.002,ASK
1444182276,1598.44,0.07,ASK
1444182276,1598.33,0.0398,ASK
1444182276,1598.24,0.1144,ASK
1444182276,1598.21,0.0792,ASK
1444182276,1598.03,0.1116,ASK
1444182277,1599.07,0.01,ASK
1444182277,1599.07,0.6154,ASK
1444182277,1599.02,0.3248,ASK
1444182277,1599.02,0.0289,ASK
1444182278,1598.03,1.18,ASK
1444182279,1598.08,0.754,ASK
1444182279,1598.06,0.426,ASK
1444182309,1598.97,0.1856,BID
1444182368,1598.47,0.02,ASK
1444182368,1598.46,0.07,ASK
1444182376,1598.77,0.0377,BID
1444182376,1598.78,0.7163,BID
1444182377,1598.78,0.0377,BID
1444182378,1598.82,0.01,BID
1444182379,1598.82,0.01,BID
1444182380,1598.82,0.01,BID
1444182380,1598.82,0.01,BID
1444182381,1598.9,0.01,BID
1444182381,1598.89,5.0,BID
1444182381,1598.89,0.679,BID
1444182384,1598.88,0.01,ASK
1444182386,1598.08,0.01,ASK
1444182387,1598.08,0.05,ASK
1444182387,1598.07,0.01,ASK
1444182402,1598.07,0.064,ASK
1444182402,1598.05,0.3012,ASK
1444182402,1598.02,0.1937,ASK
1444182404,1598.0,0.064,ASK
1444182417,1598.0,0.936,ASK
1444182417,1598.0,0.3,ASK
1444182419,1597.9,0.004,ASK
1444182419,1597.82,0.168,ASK
1444182419,1597.36,0.188,ASK
1444182420,1597.99,0.65,BID
1444182421,1598.0,0.264,BID
1444182422,1598.0,0.0127,ASK
1444182422,1598.0,0.02,ASK
1444182422,1598.01,0.1,BID
1444182422,1598.01,0.3,BID
1444182422,1598.06,0.064,BID
1444182422,1598.19,0.01,BID
1444182422,1598.2,0.07,BID
1444182422,1598.9,0.0692,BID
1444182422,1598.96,0.025,BID
1444182422,1598.96,0.0803,BID
1444182422,1598.97,1.0435,BID
1444182425,1598.97,0.6,BID
1444182427,1598.97,1.994,BID
1444182430,1598.97,1.007,BID
1444182432,1598.97,0.03,BID
1444182434,1598.96,0.01,BID
1444182435,1598.23,0.05,ASK
1444182435,1598.22,0.0108,ASK
1444182435,1598.21,0.544,ASK
1444182435,1598.01,0.0165,ASK
1444182435,1598.0,0.3291,ASK
1444182437,1597.85,0.0496,BID
1444182437,1598.96,0.2,BID
1444182437,1598.96,0.05,BID
1444182439,1598.96,0.0644,BID
1444182439,1598.96,0.0116,BID
1444182439,1598.97,0.01,BID
1444182440,1598.97,0.013,BID
1444182441,1598.97,0.01,BID
1444182443,1598.98,0.01,BID
1444182444,1598.98,0.077,BID
1444182445,1598.98,0.0366,BID
1444182445,1598.98,0.9674,BID
1444182446,1598.98,0.114,BID
1444182446,1598.98,0.6254,BID
1444182447,1598.98,1.272,BID
1444182447,1598.98,0.6254,BID
1444182447,1598.96,0.12,BID
1444182447,1598.98,0.38,BID
1444182448,1598.98,1.122,BID
1444182448,1598.98,0.01,BID
1444182448,1598.98,0.6254,BID
1444182449,1598.98,0.01,BID
1444182450,1598.98,0.788,BID
1444182450,1598.98,0.1,BID
1444182451,1598.98,0.03,BID
1444182451,1598.98,0.4173,BID
1444182451,1598.99,0.0157,BID
1444182452,1599.0,0.01,BID
1444182453,1599.0,0.029,BID
1444182454,1599.0,0.58,BID
1444182455,1599.0,0.6254,BID
1444182456,1598.99,0.0388,ASK
1444182456,1599.0,0.1,BID
1444182456,1599.0,0.6254,BID
1444182457,1598.99,0.1536,ASK
1444182457,1598.99,0.4964,ASK
1444182458,1598.99,0.1036,ASK
1444182461,1598.98,0.5464,BID
1444182461,1598.98,0.4536,BID
1444182462,1598.98,0.1964,BID
1444182462,1599.0,0.68,BID
1444182464,1599.0,0.213,BID
1444182465,1599.0,0.115,BID
1444182465,1599.0,0.6254,BID
1444182466,1599.0,0.6254,BID
1444182468,1599.0,0.6254,BID
1444182468,1599.0,0.9932,BID
1444182470,1599.0,0.6254,BID
1444182470,1599.0,0.317,BID
1444182471,1599.0,0.6254,BID
1444182472,1599.0,0.6254,BID
1444182472,1598.99,0.35,ASK
1444182472,1598.99,0.6254,ASK
1444182472,1598.88,0.0496,ASK
1444182472,1598.78,0.01,ASK
1444182472,1598.23,0.1068,ASK
1444182472,1598.23,0.065,ASK
1444182472,1598.23,0.0249,ASK
1444182472,1598.22,4.8179,ASK
1444182473,1599.0,0.6254,BID
1444182474,1598.99,0.065,BID
1444182480,1598.99,0.1068,BID
1444182480,1598.99,0.0249,BID
1444182480,1599.0,1.1223,BID
1444182481,1599.0,0.2,BID
1444182483,1598.98,0.06,BID
1444182485,1599.0,2.0119,BID
1444182485,1599.0,0.5393,BID
1444182485,1599.02,0.0598,BID
1444182487,1599.02,2.551,BID
1444182490,1599.02,0.011,BID
1444182492,1599.02,0.3618,BID
1444182493,1599.25,0.01,BID
1444182494,1599.25,0.01,BID
1444182495,1599.24,0.01,BID
1444182499,1599.25,0.333,BID
1444182500,1599.24,0.3148,BID
1444182501,1599.88,0.129,BID
1444182502,1599.99,0.002,BID
1444182502,1599.99,0.127,BID
1444182503,1599.8,0.02,BID
1444182516,1599.98,0.1,BID
1444182528,1599.66,0.5247,ASK
1444182528,1599.65,0.1854,ASK
1444182528,1599.64,0.0182,ASK
1444182528,1599.3,0.07,ASK
1444182530,1599.48,8.87,ASK
1444182536,1599.3,0.1,ASK
1444182537,1599.64,0.01,BID
1444182546,1599.31,0.0322,ASK
1444182562,1599.62,0.03,BID
1444182565,1599.63,0.092,BID
1444182566,1599.63,0.0484,BID
1444182566,1599.64,0.092,BID
1444182567,1599.64,0.0484,BID
1444182568,1599.64,0.1213,BID
1444182568,1599.64,0.1854,BID
1444182574,1599.67,0.1,BID
1444182577,1599.77,0.5247,BID
1444182577,1599.78,0.009,BID
1444182577,1599.98,0.0854,BID
1444182577,1599.99,0.3659,BID
1444182584,1599.99,0.02,BID
1444182585,1599.72,0.0103,ASK
1444182587,1599.71,0.2034,BID
1444182589,1599.71,0.0196,BID
1444182590,1599.71,0.0196,BID
1444182591,1599.71,0.6,BID
1444182613,1599.43,0.1,ASK
1444182626,1599.39,0.003,ASK
1444182634,1599.53,0.0034,ASK
1444182634,1599.39,0.057,ASK
1444182634,1599.37,0.025,ASK
1444182634,1599.36,0.0146,ASK
1444182635,1599.71,0.1471,BID
1444182637,1599.38,2.0,ASK
1444182637,1599.38,1.522,ASK
1444182642,1599.58,0.0034,ASK
1444182646,1599.49,0.0103,BID
1444182646,1599.49,0.025,BID
1444182646,1599.37,0.0243,ASK
1444182646,1599.36,0.0757,ASK
1444182647,1599.48,0.0353,BID
1444182647,1599.48,0.0353,BID
1444182648,1599.48,0.01,BID
1444182648,1599.48,0.0194,BID
1444182648,1599.49,0.0243,BID
1444182649,1599.5,0.0294,BID
1444182650,1599.5,0.13,BID
1444182651,1599.5,0.1009,BID
1444182651,1599.5,8.04,BID
1444182654,1599.49,0.0563,ASK
1444182654,1599.35,0.0127,ASK
1444182654,1599.34,0.031,ASK
1444182657,1599.48,0.0034,BID
1444182666,1599.48,0.0034,BID
1444182671,1599.35,0.004,ASK
1444182673,1599.35,0.0072,ASK
1444182673,1599.34,0.0928,ASK
1444182678,1599.48,0.0495,BID
1444182679,1599.49,0.0127,BID
1444182679,1599.49,0.0112,BID
1444182682,1599.49,0.0256,ASK
1444182682,1599.37,0.0158,ASK
1444182682,1599.36,0.0586,ASK
1444182692,1599.37,0.0155,ASK
1444182692,1599.37,0.0128,ASK
1444182692,1599.36,0.5665,ASK
1444182692,1599.35,0.35,ASK
1444182692,1599.34,0.1309,ASK
1444182692,1599.32,0.0814,ASK
1444182693,1599.31,0.0155,BID
1444182693,1599.31,0.0128,BID
1444182706,1599.26,0.1,ASK
1444182707,1599.31,0.79,BID
1444182707,1599.26,0.097,ASK
1444182709,1599.25,0.1,BID
1444182709,1599.31,3.3246,BID
1444182709,1599.35,0.186,BID
1444182709,1599.36,0.1,BID
1444182709,1599.36,0.001,ASK
1444182710,1599.46,0.06,BID
1444182712,1599.48,0.0256,BID
1444182712,1599.48,0.0441,BID
1444182713,1599.49,0.0697,BID
1444182714,1599.46,0.35,BID
1444182714,1599.49,0.7811,BID
1444182716,1599.48,0.1244,BID
1444182716,1599.49,0.2256,BID
1444182717,1599.49,0.0264,BID
1444182717,1599.5,0.098,BID
1444182717,1599.12,0.1,ASK
1444182718,1599.48,0.0126,BID
1444182718,1599.49,0.0138,BID
1444182718,1599.49,0.0019,BID
1444182718,1599.5,0.1841,BID
1444182718,1599.5,0.0106,BID
1444182719,1599.5,0.0126,BID
1444182720,1599.5,1.2324,BID
1444182721,1599.5,0.279,BID
1444182721,1599.5,0.0232,BID
1444182722,1599.5,0.113,BID
1444182722,1599.49,0.25,BID
1444182722,1599.5,0.0157,BID
1444182723,1599.5,0.266,BID
1444182723,1599.5,0.04,BID
1444182724,1599.5,0.4,BID
1444182724,1599.5,0.01,BID
1444182725,1599.5,0.01,BID
1444182730,1599.18,0.0262,ASK
1444182730,1599.16,0.0262,ASK
1444182730,1599.15,0.0476,ASK
1444182734,1599.49,0.015,BID
1444182737,1599.49,0.0112,BID
1444182737,1599.5,0.9748,BID
1444182740,1599.5,0.015,BID
1444182741,1599.19,0.1,BID
1444182743,1599.5,0.12,BID
1444182743,1599.5,0.6,BID
1444182752,1599.48,0.1,BID
1444182752,1599.49,0.0262,BID
1444182752,1599.5,0.0738,BID
1444182753,1599.5,0.2,BID
1444182753,1599.5,0.4,BID
1444182762,1599.49,0.1332,BID
1444182762,1599.5,0.0668,BID
1444182763,1599.5,10.0,BID
1444182766,1599.23,0.3,ASK
1444182766,1599.5,0.2,BID
1444182769,1599.5,0.2,BID
1444182769,1599.5,0.1,BID
1444182770,1599.5,0.45,BID
1444182770,1599.49,0.2,BID
1444182771,1599.26,6.0,BID
1444182771,1599.26,0.881,BID
1444182772,1599.49,0.1,BID
1444182772,1599.5,0.2,BID
1444182773,1599.5,0.1,BID
1444182773,1599.25,0.06,ASK
1444182775,1599.23,0.04,BID
1444182776,1599.24,0.06,BID
1444182776,1599.5,0.14,BID
1444182777,1599.5,0.2,BID
1444182780,1599.5,0.2,BID
1444182782,1599.25,0.1,ASK
1444182784,1599.49,0.06,BID
1444182784,1599.5,4.94,BID
1444182784,1599.5,0.2,BID
1444182785,1599.49,4.0,BID
1444182785,1599.49,12.0,BID
1444182785,1599.49,29.382,BID
1444182786,1599.48,0.1,BID
1444182786,1599.5,0.1,BID
1444182788,1599.5,0.2,BID
1444182790,1599.5,0.2,BID
1444182791,1599.25,0.1,ASK
1444182796,1599.49,0.1,BID
1444182796,1599.5,0.1,BID
1444182798,1599.5,0.0213,BID
1444182801,1599.5,0.0787,ASK
1444182801,1599.26,0.0213,ASK
1444182802,1599.6,0.2,BID
1444182803,1599.27,0.0262,ASK
1444182803,1599.24,0.04,ASK
1444182803,1599.19,0.0125,ASK
1444182803,1599.18,0.2501,ASK
1444182803,1599.18,0.0235,ASK
1444182803,1599.17,0.0945,ASK
1444182807,1599.49,0.0787,BID
1444182809,1599.18,0.06,ASK
1444182809,1599.17,0.3763,ASK
1444182809,1599.16,5.0,ASK
1444182809,1599.15,0.3024,ASK
1444182809,1599.12,0.029,ASK
1444182809,1599.03,0.1688,ASK
1444182809,1599.01,0.878,ASK
1444182809,1598.99,2.0701,ASK
1444182809,1598.98,3.127,ASK
1444182809,1598.66,0.1201,ASK
1444182809,1598.66,0.5394,ASK
1444182809,1598.06,0.37,ASK
1444182809,1598.03,8.8098,ASK
1444182812,1599.17,0.1,BID
1444182813,1599.58,10.0,BID
1444182813,1599.58,2.057,BID
1444182821,1599.47,0.0213,BID
1444182821,1599.48,0.0707,BID
1444182822,1599.48,0.0215,BID
1444182824,1599.49,0.0707,ASK
1444182824,1599.27,0.0293,ASK
1444182826,1599.47,14.569,ASK
1444182831,1599.47,0.0293,BID
1444182831,1599.48,0.0707,BID
1444182831,1599.48,0.0213,ASK
1444182832,1599.47,0.0387,BID
1444182839,1599.57,0.01,BID
1444182842,1599.57,0.0062,BID
1444182842,1599.58,0.0038,BID
1444182843,1599.57,0.01,BID
1444182844,1599.57,0.0086,BID
1444182844,1599.58,0.01,BID
1444182845,1599.58,0.01,BID
1444182845,1599.49,0.032,ASK
1444182845,1599.48,0.0293,ASK
1444182845,1599.37,0.0387,ASK
1444182846,1599.58,0.4718,BID
1444182846,1599.6,0.01,BID
1444182847,1599.48,0.032,BID
1444182847,1599.57,0.0236,BID
1444182847,1599.6,0.4162,BID
1444182848,1599.6,0.032,BID
1444182849,1599.6,0.5122,BID
1444182850,1599.6,1.6808,BID
1444182851,1599.6,1.3238,BID
1444182852,1599.98,0.01,BID
1444182853,1599.98,0.0636,BID
1444182857,1599.65,0.0261,ASK
1444182857,1599.65,0.0406,ASK
1444182857,1599.65,0.0333,ASK
1444182873,1599.66,0.02,ASK
1444182873,1599.65,0.061,ASK
1444182873,1599.64,0.019,ASK
1444182886,1599.95,0.04,BID
1444182886,1599.97,0.0213,BID
1444182886,1599.98,0.0387,BID
1444182889,1599.48,0.001,ASK
1444182889,1599.3,0.0142,ASK
1444182889,1599.3,0.0108,ASK
1444182889,1599.29,0.074,ASK
1444182903,1599.79,0.0333,BID
1444182903,1599.8,0.05,BID
1444182903,1599.8,0.02,BID
1444182905,1599.8,0.4,ASK
1444182908,1599.81,1.0,BID
1444182908,1599.82,0.0306,ASK
1444182910,1599.82,0.1279,ASK
1444182941,1599.81,0.0001,BID
1444182957,1599.94,0.0194,BID
1444182982,1599.79,0.0102,BID
1444182988,1599.37,0.0262,ASK
1444182988,1599.36,0.0288,ASK
1444182996,1599.79,0.01,BID
1444183033,1599.77,0.008,BID
1444183039,1599.79,0.01,BID
1444183044,1599.79,0.01,BID
1444183044,1599.8,0.4,BID
1444183044,1599.9,0.088,BID
1444183044,1599.94,0.0212,BID
1444183044,1599.95,0.5,BID
1444183044,1599.96,0.793,BID
1444183044,1599.99,0.2478,BID
1444183077,1599.84,0.0262,ASK
1444183087,1599.81,0.5,ASK
1444183119,1599.98,0.5,ASK
1444183131,1599.98,0.319,ASK
1444183132,1599.98,0.65,ASK
1444183133,1599.98,0.65,ASK
1444183134,1599.98,0.65,ASK
1444183135,1599.98,0.65,ASK
1444183136,1599.98,0.65,ASK
1444183137,1599.98,0.65,ASK
1444183138,1599.98,0.2864,ASK
1444183140,1599.97,0.319,BID
1444183141,1599.97,0.0446,BID
1444183141,1599.97,0.5804,BID
1444183142,1599.97,0.0696,BID
1444183143,1599.98,0.0262,ASK
1444183147,1599.98,0.01,ASK
1444183157,1599.98,0.01,ASK
1444183163,1599.98,0.319,ASK
1444183164,1599.99,0.0604,BID
1444183164,1599.98,0.1902,ASK
1444183164,1599.98,0.4598,ASK
1444183165,1599.99,0.625,BID
1444183166,1599.99,0.625,BID
1444183166,1599.98,0.1652,ASK
1444183167,1599.98,0.625,BID
1444183167,1599.8,0.109,ASK
1444183167,1599.79,2.15,ASK
1444183167,1599.79,0.1255,ASK
1444183167,1599.79,0.03,ASK
1444183167,1599.71,0.0445,ASK
1444183167,1599.7,0.8891,ASK
1444183167,1599.68,0.104,ASK
1444183167,1599.63,0.104,ASK
1444183167,1599.37,0.025,ASK
1444183167,1599.36,0.5,ASK
1444183167,1599.35,0.1138,ASK
1444183167,1599.32,0.1337,ASK
1444183167,1599.28,0.4957,ASK
1444183167,1599.26,0.0922,ASK
1444183167,1599.23,0.8128,ASK
