timestamp,price,amount,side
1442965258,1490.79,0.046,ASK
1442965264,1490.78,0.001,ASK
1442965264,1490.36,0.0106,ASK
1442965264,1490.36,0.0084,ASK
1442965265,1490.36,0.0543,ASK
1442965265,1490.36,0.0473,ASK
1442965265,1490.36,0.0334,ASK
1442965272,1490.36,0.321,ASK
1442965273,1490.36,0.01,ASK
1442965276,1490.36,0.218,ASK
1442965355,1490.98,0.0292,BID
1442965355,1490.99,0.0608,BID
1442965377,1491.18,0.04,BID
1442965384,1491.18,0.006,BID
1442965384,1491.19,0.004,BID
1442965390,1491.19,0.0341,BID
1442965390,1491.2,0.0159,BID
1442965392,1491.19,0.1029,BID
1442965392,1491.2,1.7191,BID
1442965398,1491.18,0.02,BID
1442965414,1491.06,0.0946,BID
1442965414,1491.19,1.2904,BID
1442965414,1491.19,0.04,BID
1442965417,1491.06,0.0317,ASK
1442965417,1491.05,0.0913,ASK
1442965418,1491.05,0.65,ASK
1442965419,1491.06,0.1421,ASK
1442965419,1491.06,0.015,ASK
1442965419,1491.05,0.4929,ASK
1442965420,1491.05,0.65,ASK
1442965421,1491.18,18.739,ASK
1442965421,1491.05,0.65,ASK
1442965421,1491.05,0.131,ASK
1442965422,1491.05,0.5678,ASK
1442965428,1490.19,0.004,ASK
1442965429,1491.03,0.02,BID
1442965429,1491.03,0.504,BID
1442965429,1491.04,0.0822,BID
1442965429,1491.04,0.65,BID
1442965429,1491.19,5.0,BID
1442965429,1491.2,3.7638,BID
1442965450,1491.18,0.01,BID
1442965450,1491.19,0.01,BID
1442965469,1490.0,0.099,ASK
1442965474,1490.9,0.098,BID
1442965490,1491.08,0.05,BID
1442965501,1491.19,0.0379,BID
1442965501,1491.19,0.0128,BID
1442965501,1491.2,2.6437,BID
1442965501,1491.2,1.4256,BID
1442965518,1491.08,0.01,BID
1442965520,1491.2,0.01,ASK
1442965542,1491.29,0.03,BID
1442965572,1491.39,0.02,BID
1442965596,1490.23,0.0946,ASK
1442965601,1490.01,0.0579,ASK
1442965601,1490.0,0.1431,ASK
1442965602,1490.0,0.0579,ASK
1442965602,1489.99,0.001,ASK
1442965613,1489.69,0.002,ASK
1442965613,1489.66,0.048,ASK
1442965615,1490.0,0.01,BID
1442965686,1490.86,0.0946,BID
1442965686,1490.87,0.002,BID
1442965686,1490.89,0.0579,BID
1442965686,1490.89,0.0343,BID
1442965686,1490.9,3.6774,BID
1442965686,1491.0,0.3,BID
1442965686,1491.0,1.8338,BID
1442965705,1490.16,0.01,ASK
1442965706,1490.15,0.093,BID
1442965751,1490.76,0.01,BID
1442965751,1490.78,0.01,BID
1442965829,1490.01,0.05,ASK
1442965829,1490.0,1.0,ASK
1442965829,1490.0,0.3,ASK
1442965854,1490.57,0.02,BID
1442966079,1489.67,0.01,ASK
1442966082,1489.67,0.131,BID
1442966082,1489.67,0.285,BID
1442966083,1489.67,0.0946,BID
1442966083,1489.67,0.201,BID
1442966084,1489.67,0.2784,BID
1442966084,1490.71,12.0,BID
1442966084,1490.71,4.0,BID
1442966084,1490.71,5.468,BID
1442966126,1490.71,0.063,BID
1442966126,1490.72,0.006,BID
1442966126,1490.79,0.048,BID
1442966126,1490.87,0.002,BID
1442966126,1490.99,0.015,BID
1442966126,1491.0,0.3,BID
1442966126,1491.02,0.002,BID
1442966126,1491.09,0.035,BID
1442966126,1491.1,6.1662,BID
1442966126,1491.2,3.705,BID
1442966126,1491.2,8.0,BID
1442966126,1491.3,3.5178,BID
1442966329,1490.19,0.01,ASK
1442966329,1490.18,0.0633,ASK
1442966329,1490.17,0.0267,ASK
1442966351,1490.2,1.8338,ASK
1442966351,1490.18,0.7779,ASK
1442966352,1490.97,8.0,ASK
1442966352,1490.97,2.696,ASK
1442966384,1490.98,0.01,BID
1442966394,1490.97,0.4,ASK
1442966395,1490.97,0.65,ASK
1442966396,1490.97,0.65,ASK
1442966397,1490.97,0.65,ASK
1442966398,1490.97,0.65,ASK
1442966399,1490.97,0.5,ASK
1442966399,1490.97,0.6,ASK
1442966399,1490.97,0.65,ASK
1442966400,1490.97,1.105,ASK
1442966413,1490.96,0.4,BID
1442966413,1490.96,0.25,BID
1442966413,1490.96,0.215,BID
1442966414,1490.96,0.435,BID
1442966417,1490.97,0.03,ASK
1442966420,1490.96,0.03,BID
1442966420,1490.99,0.0633,BID
1442966420,1491.0,0.0417,BID
1442966441,1491.0,0.09,BID
1442966445,1491.0,8.8683,BID
1442966445,1491.0,0.0647,BID
1442966445,1490.9,1.684,ASK
1442966445,1490.81,0.035,ASK
1442966445,1490.8,1.684,ASK
1442966445,1490.71,0.0946,ASK
1442966445,1490.71,0.01,ASK
1442966445,1490.71,0.0842,ASK
1442966445,1490.5,8.0,ASK
1442966445,1490.5,6.0,ASK
1442966446,1490.42,0.0492,BID
1442966446,1490.42,0.6707,BID
1442966446,1490.42,2.0,BID
1442966447,1490.42,2.58,BID
1442966447,1490.42,0.01,BID
1442966447,1490.42,4.0,BID
1442966448,1490.42,0.116,BID
1442966448,1490.42,0.269,BID
1442966448,1490.42,0.0018,BID
1442966448,1490.42,0.06,BID
1442966448,1490.42,0.671,BID
1442966448,1490.42,0.017,BID
1442966450,1490.42,2.0,BID
1442966450,1490.42,0.269,BID
1442966450,1490.42,0.03,BID
1442966450,1490.42,0.4645,BID
1442966451,1490.99,0.035,BID
1442966451,1490.99,0.0842,BID
1442966451,1490.99,0.0492,BID
1442966451,1491.0,0.4886,BID
1442966457,1490.97,0.131,BID
1442966471,1490.91,0.137,BID
1442966473,1491.0,9.6162,BID
1442966480,1491.0,5.5561,BID
1442966493,1490.99,0.0946,BID
1442966493,1491.0,4.9054,BID
1442966493,1491.0,6.316,BID
1442966498,1491.0,0.587,BID
1442966501,1491.0,1.28,BID
1442966502,1491.0,0.6707,BID
1442966503,1491.0,0.6707,BID
1442966504,1491.0,0.6707,BID
1442966505,1491.0,0.6707,BID
1442966505,1491.0,0.5,BID
1442966506,1491.0,0.6707,BID
1442966507,1491.0,0.6707,BID
1442966508,1491.0,0.6707,BID
1442966509,1491.0,0.6707,BID
1442966510,1491.0,0.097,BID
1442966510,1491.0,0.6707,BID
1442966511,1491.0,0.6707,BID
1442966515,1491.0,0.5,BID
1442966517,1491.0,3.5,BID
1442966518,1491.0,0.6707,BID
1442966519,1491.0,0.6707,BID
1442966519,1491.0,0.426,BID
1442966530,1491.0,2.0,BID
1442966531,1491.0,0.6292,BID
1442966536,1491.0,1.6853,BID
1442966536,1491.15,0.001,BID
1442966536,1491.29,2.0745,BID
1442966570,1491.2,0.818,BID
1442966653,1491.2,0.1,BID
1442966654,1491.2,1.826,BID
1442966662,1491.2,1.361,BID
1442966668,1491.2,0.074,BID
1442966669,1491.2,8.0,BID
1442966671,1491.2,0.01,BID
1442966671,1491.2,0.2,BID
1442966672,1491.11,0.0167,ASK
1442966672,1491.11,0.0003,ASK
1442966672,1491.11,0.0416,ASK
1442966672,1491.11,0.0114,ASK
1442966672,1491.11,0.01,ASK
1442966673,1491.2,1.5835,BID
1442966673,1491.3,0.1965,ASK
1442966674,1491.3,0.0214,ASK
1442966674,1491.3,0.0167,ASK
1442966674,1491.3,0.0411,ASK
1442966674,1491.37,0.002,BID
1442966674,1491.45,0.002,BID
1442966674,1491.5,0.159,BID
1442966677,1491.5,0.026,BID
1442966683,1491.5,0.06,BID
1442966684,1491.5,3.875,BID
1442966686,1492.0,0.2,BID
1442966687,1492.0,0.5,BID
1442966687,1492.0,6.0,BID
1442966688,1492.0,0.168,BID
1442966690,1492.0,0.549,BID
1442966691,1492.0,0.004,BID
1442966691,1492.0,0.294,BID
1442966691,1492.0,0.006,BID
1442966691,1492.0,0.1,BID
1442966691,1492.04,0.004,BID
1442966693,1492.3,0.169,ASK
1442966694,1492.4,0.166,ASK
1442966696,1493.0,0.3,BID
1442966696,1493.0,0.666,BID
1442966702,1493.0,0.953,BID
1442966705,1493.0,5.291,BID
1442966705,1493.0,0.003,BID
1442966705,1493.0,0.0204,ASK
1442966705,1493.24,0.008,BID
1442966705,1493.69,2.2,BID
1442966705,1494.0,0.3,BID
1442966705,1494.0,7.492,BID
1442966707,1493.0,0.022,ASK
1442966709,1493.01,0.215,ASK
1442966711,1493.01,0.0182,ASK
1442966711,1493.01,0.0945,ASK
1442966711,1493.01,0.1203,ASK
1442966712,1493.01,0.232,ASK
1442966720,1493.02,0.0342,ASK
1442966720,1493.02,0.1133,ASK
1442966720,1493.01,0.9685,ASK
1442966721,1493.01,0.342,ASK
1442966721,1493.01,0.343,ASK
1442966722,1493.01,0.343,ASK
1442966723,1493.01,0.672,ASK
1442966727,1493.01,0.837,ASK
1442966727,1493.01,0.59,ASK
1442966732,1493.82,0.005,BID
1442966732,1493.89,0.221,BID
1442966741,1493.01,0.451,ASK
1442966741,1493.01,1.4816,ASK
1442966741,1493.0,0.3,ASK
1442966741,1493.0,2.02,ASK
1442966746,1492.11,0.186,ASK
1442966746,1492.11,0.185,ASK
1442966749,1492.1,0.186,BID
1442966750,1493.0,6.4082,ASK
1442966750,1493.0,0.5,ASK
1442966750,1493.0,0.01,ASK
1442966751,1493.0,0.62,ASK
1442966752,1493.0,0.581,ASK
1442966753,1493.0,1.6948,ASK
1442966758,1492.11,0.186,ASK
1442966760,1492.0,0.3,ASK
1442966764,1491.79,0.308,BID
1442966764,1492.1,0.186,BID
1442966764,1492.89,0.2812,BID
1442966764,1492.98,0.3704,BID
1442966764,1492.98,6.3804,BID
1442966764,1492.99,0.5,BID
1442966764,1493.0,0.15,BID
1442966764,1493.0,0.0185,ASK
1442966764,1493.0,0.0664,ASK
1442966764,1493.0,5.0,ASK
1442966765,1493.0,6.0,ASK
1442966765,1493.0,0.7391,ASK
1442966776,1492.87,0.01,BID
1442966787,1492.38,0.14,BID
1442966802,1491.7,0.6984,ASK
1442966805,1492.99,0.015,BID
1442966805,1493.0,0.011,BID
1442966812,1491.81,0.048,ASK
1442966821,1491.9,0.168,ASK
1442966823,1492.99,0.0145,BID
1442966823,1493.0,0.0675,BID
1442966834,1492.02,0.0217,ASK
1442966865,1492.12,0.025,ASK
1442966866,1492.99,0.0111,BID
1442966866,1493.0,0.2215,BID
1442966868,1493.0,0.272,ASK
1442966869,1493.0,0.65,ASK
1442966870,1493.0,0.65,ASK
1442966871,1493.01,0.01,ASK
1442966871,1493.0,0.64,ASK
1442966872,1493.0,0.65,ASK
1442966873,1493.0,0.622,ASK
1442966873,1493.0,0.65,ASK
1442966873,1493.0,0.383,ASK
1442966874,1493.0,0.2504,ASK
1442966960,1492.98,0.01,BID
1442966960,1492.99,0.3996,BID
1442966960,1492.99,0.65,BID
1442966960,1493.06,0.04,BID
1442966960,1493.14,0.001,BID
1442966992,1493.28,0.01,BID
1442966992,1493.29,0.0148,BID
1442966992,1493.29,0.0148,BID
1442966992,1493.29,0.0399,BID
1442966992,1493.3,5.4666,BID
1442966998,1493.3,0.5334,BID
1442966998,1493.44,0.002,BID
1442967004,1493.6,5.4597,BID
1442967011,1493.32,0.068,ASK
1442967011,1493.6,5.804,BID
1442967012,1493.59,0.0945,ASK
1442967013,1493.6,0.5,BID
1442967013,1493.6,6.9891,BID
1442967014,1493.6,0.069,BID
1442967019,1493.6,0.03,BID
1442967020,1493.33,0.014,ASK
1442967022,1493.34,0.0945,ASK
1442967022,1493.33,0.0092,ASK
1442967022,1493.32,0.4348,ASK
1442967026,1493.58,0.0945,BID
1442967026,1493.59,0.0005,BID
1442967028,1493.32,0.03,ASK
1442967038,1493.59,0.0135,BID
1442967038,1493.59,0.2,ASK
1442967039,1493.59,0.094,ASK
1442967043,1493.59,0.528,ASK
1442967045,1493.59,0.65,ASK
1442967046,1493.59,0.65,ASK
1442967047,1493.59,0.65,ASK
1442967048,1493.59,0.65,ASK
1442967049,1493.59,0.65,ASK
1442967050,1493.59,0.65,ASK
1442967051,1493.59,0.8678,ASK
1442967051,1493.59,0.65,ASK
1442967052,1493.59,0.65,ASK
1442967053,1493.59,0.65,ASK
1442967054,1493.59,0.65,ASK
1442967055,1493.59,0.65,ASK
1442967056,1493.59,0.65,ASK
1442967057,1493.59,0.65,ASK
1442967058,1493.59,0.65,ASK
1442967059,1493.59,0.65,ASK
1442967060,1493.59,0.65,ASK
1442967061,1493.59,0.65,ASK
1442967061,1493.6,0.08,BID
1442967062,1493.6,0.01,BID
1442967062,1493.59,0.65,ASK
1442967063,1493.59,0.65,ASK
1442967064,1493.6,1.5,BID
1442967064,1493.6,4.0,BID
1442967064,1493.59,0.65,ASK
1442967065,1493.6,0.6695,BID
1442967066,1493.6,0.6695,BID
1442967067,1493.6,0.6695,BID
1442967068,1493.6,0.6695,BID
1442967070,1493.6,0.6695,BID
1442967071,1493.6,0.6695,BID
1442967072,1493.6,0.6695,BID
1442967073,1493.6,0.6695,BID
1442967074,1493.6,0.6695,BID
1442967075,1493.6,0.6695,BID
1442967076,1493.6,0.6695,BID
1442967077,1493.6,0.6695,BID
1442967077,1493.6,3.8606,BID
1442967077,1493.6,0.1394,BID
1442967078,1493.6,0.6695,BID
1442967079,1493.6,0.5911,BID
1442967094,1494.0,0.01,BID
1442967099,1494.0,0.29,BID
1442967099,1494.04,0.004,BID
1442967099,1494.07,0.072,BID
1442967124,1494.07,0.0003,BID
1442967126,1494.99,0.364,BID
1442967136,1494.99,1.053,BID
1442967138,1495.0,0.3,BID
1442967138,1495.0,0.753,BID
1442967139,1495.0,0.5,BID
1442967140,1495.0,1.051,BID
1442967144,1495.0,0.5,BID
1442967145,1495.0,0.6689,BID
1442967146,1495.0,0.6689,BID
1442967146,1495.0,0.31,BID
1442967146,1495.0,0.444,BID
1442967147,1495.0,0.6689,BID
1442967148,1495.0,0.6689,BID
1442967149,1495.0,0.6689,BID
1442967154,1495.0,0.09,BID
1442967165,1495.0,0.6,BID
1442967169,1495.0,0.878,BID
1442967174,1495.0,2.3172,BID
1442967174,1495.0,1.7778,BID
1442967174,1495.0,0.776,BID
1442967175,1495.0,0.6689,BID
1442967175,1495.0,0.7773,BID
1442967175,1495.0,2.0,BID
1442967177,1495.15,0.009,BID
1442967177,1495.45,0.002,BID
1442967177,1496.0,0.3,BID
1442967177,1496.0,0.582,BID
1442967194,1495.03,0.01,ASK
1442967194,1495.03,0.0944,ASK
1442967194,1495.02,1.3956,ASK
1442967197,1495.03,0.0334,ASK
1442967197,1495.03,0.0648,ASK
1442967197,1495.02,1.4018,ASK
1442967204,1495.03,0.0593,ASK
1442967204,1495.02,0.1487,ASK
1442967207,1495.02,1.0374,ASK
1442967207,1495.01,0.0296,ASK
1442967207,1495.01,0.402,ASK
1442967208,1495.01,0.2373,ASK
1442967208,1495.01,0.1647,ASK
1442967213,1495.01,25.0431,ASK
1442967214,1495.01,2.6922,ASK
1442967214,1495.01,0.0297,ASK
1442967214,1495.0,5.2781,ASK
1442967214,1495.0,21.1004,ASK
1442967229,1495.6,1.0,ASK
1442967229,1495.6,1.0,ASK
1442967230,1495.76,11.0,ASK
1442967230,1495.76,1.0,ASK
1442967230,1495.76,1.918,ASK
1442967231,1495.0,0.5,ASK
1442967231,1495.0,0.247,ASK
1442967239,1495.0,0.7831,ASK
1442967239,1495.0,0.2999,ASK
1442967239,1495.0,0.0001,ASK
1442967263,1494.01,0.917,ASK
1442967269,1494.01,0.6,ASK
1442967279,1494.86,0.01,BID
1442967280,1495.0,1.737,ASK
1442967299,1495.0,0.28,ASK
1442967333,1495.78,0.0944,BID
1442967333,1495.79,0.05,BID
1442967333,1495.99,0.0409,BID
1442967333,1496.0,0.418,BID
1442967333,1496.0,0.1,BID
1442967333,1496.0,0.2997,BID
1442967341,1496.0,0.0003,BID
1442967341,1496.05,0.004,BID
1442967341,1496.17,0.11,BID
1442967341,1496.18,0.6337,BID
1442967412,1496.61,0.05,BID
1442967413,1496.61,0.0515,BID
1442967413,1496.64,0.0455,BID
1442967413,1496.65,0.403,BID
1442967427,1496.65,0.1,BID
1442967432,1495.96,0.0944,ASK
1442967432,1495.95,0.0056,ASK
1442967448,1496.63,0.856,BID
1442967451,1496.63,1.298,BID
1442967451,1496.63,0.253,BID
1442967451,1496.63,0.756,BID
1442967451,1496.63,0.756,BID
1442967453,1496.63,0.0657,BID
1442967453,1496.65,0.6903,BID
1442967454,1496.62,0.0944,BID
1442967454,1496.65,0.3926,BID
1442967511,1495.71,0.1475,ASK
1442967511,1495.71,0.0365,ASK
1442967538,1496.49,0.1475,BID
1442967538,1496.49,0.0365,BID
1442967538,1496.5,0.016,BID
1442967539,1496.5,0.403,BID
1442967539,1496.5,0.403,BID
1442967539,1496.5,0.403,BID
1442967544,1496.5,5.6434,BID
1442967544,1496.65,5.1208,BID
1442967544,1496.78,0.006,BID
1442967544,1496.99,0.0013,BID
1442967544,1497.0,0.3,BID
1442967544,1497.0,0.7622,BID
1442967544,1497.0,10.778,BID
1442967544,1497.0,7.3883,BID
1442967548,1496.8,1.002,ASK
1442967549,1497.0,0.343,BID
1442967551,1496.81,0.0944,ASK
1442967552,1496.8,0.728,BID
1442967552,1496.8,0.166,BID
1442967554,1497.0,0.05,BID
1442967556,1497.0,0.6777,BID
1442967557,1497.0,0.0944,ASK
1442967557,1497.02,5.019,ASK
1442967558,1497.01,0.668,ASK
1442967558,1497.0,5.0056,ASK
1442967559,1497.0,0.65,ASK
1442967561,1497.08,0.002,BID
1442967561,1497.15,0.044,BID
1442967561,1497.0,0.65,ASK
1442967562,1497.0,0.65,ASK
1442967563,1497.15,0.1,BID
1442967563,1497.01,0.01,ASK
1442967563,1497.0,0.64,ASK
1442967568,1497.68,0.004,BID
1442967631,1497.69,0.6,ASK
1442967631,1497.69,0.6,ASK
1442967632,1497.69,0.261,ASK
1442967641,1498.0,0.3,BID
1442967641,1498.0,0.7,BID
1442967655,1497.99,0.01,BID
1442967655,1498.0,0.3,BID
1442967655,1498.5,0.19,BID
1442967658,1498.12,0.0943,ASK
1442967658,1498.11,0.2147,ASK
1442967661,1497.7,0.1964,ASK
1442967661,1497.69,0.0146,ASK
1442967681,1497.99,0.0184,BID
1442967681,1498.0,0.1116,BID
1442967683,1498.0,0.018,BID
1442967683,1498.0,0.018,BID
1442967683,1498.0,0.2201,BID
1442967686,1498.5,0.256,ASK
1442967686,1498.11,0.0349,ASK
1442967686,1498.01,0.0001,ASK
1442967686,1498.01,0.2559,ASK
1442967692,1497.7,0.0184,ASK
1442967692,1497.69,0.2376,ASK
1442967692,1497.69,0.035,ASK
1442967695,1497.69,0.256,ASK
1442967701,1498.45,0.0943,BID
1442967701,1498.45,0.0652,BID
1442967701,1498.45,0.05,BID
1442967701,1498.46,0.7905,BID
1442967705,1498.44,0.1,BID
1442967823,1497.7,0.0652,ASK
1442967823,1497.7,0.05,ASK
1442967823,1497.69,0.1178,ASK
1442967824,1497.69,1.18,ASK
1442967827,1497.71,0.0944,ASK
1442967827,1497.69,0.4056,ASK
1442967827,1497.69,0.71,ASK
1442967827,1497.69,0.6,ASK
1442967827,1497.69,1.18,ASK
1442967828,1497.69,0.71,ASK
1442967828,1497.69,1.0924,ASK
1442967828,1497.25,0.002,ASK
1442967828,1497.17,0.9056,ASK
1442967829,1497.17,0.589,ASK
1442967834,1497.17,1.5,ASK
1442967837,1497.16,0.667,ASK
1442967853,1497.16,0.0009,ASK
1442967853,1497.02,0.667,ASK
1442967853,1497.0,0.3,ASK
1442967853,1496.65,0.004,ASK
1442967853,1496.53,0.22,ASK
1442967853,1496.52,2.7651,ASK
1442967855,1497.66,4.644,ASK
1442967906,1497.58,0.01,BID
1442967906,1497.58,0.1009,BID
1442967906,1497.58,0.0341,BID
1442967906,1497.58,0.0614,BID
1442967906,1497.59,5.7597,BID
1442967906,1497.59,2.2,BID
1442967906,1497.6,13.6218,BID
1442967924,1497.59,0.5,BID
1442967984,1496.59,0.0106,ASK
1442967984,1496.59,0.076,ASK
1442967984,1496.58,0.01,ASK
1442967984,1496.58,0.9544,ASK
1442968048,1497.4,0.1063,BID
1442968064,1496.53,0.22,ASK
1442968068,1496.03,0.0021,ASK
1442968068,1496.02,2.2,ASK
1442968068,1496.0,0.3,ASK
1442968068,1496.0,0.443,BID
1442968070,1496.0,0.645,BID
1442968070,1496.0,0.4,BID
1442968070,1496.0,0.5,BID
1442968071,1496.0,1.005,BID
1442968083,1496.02,0.207,ASK
1442968111,1496.02,0.5,ASK
1442968124,1496.02,0.104,ASK
1442968127,1496.02,0.3,BID
1442968129,1496.0,2.0,BID
1442968129,1496.0,7.593,BID
1442968130,1496.01,0.0274,BID
1442968130,1496.01,0.0258,BID
1442968130,1496.02,0.2958,BID
1442968133,1496.02,0.1,BID
1442968134,1496.02,0.2813,BID
1442968136,1496.02,0.117,BID
1442968137,1496.02,0.0042,BID
1442968138,1496.92,0.0334,BID
1442968138,1496.93,0.0166,BID
1442968158,1497.0,0.3,BID
1442968246,1496.25,0.0866,ASK
1442968246,1496.25,0.0491,ASK
1442968246,1496.24,0.01,ASK
1442968246,1496.24,0.5384,ASK
1442968310,1497.07,0.002,BID
1442968310,1497.37,0.002,BID
1442968310,1497.87,0.002,BID
1442968310,1497.98,0.014,BID
1442968311,1497.98,0.011,BID
1442968311,1497.99,0.009,BID
1442968344,1497.98,0.082,BID
1442968352,1497.99,0.012,BID
1442968352,1497.99,0.003,BID
1442968352,1498.0,0.3,BID
1442968352,1498.27,0.008,BID
1442968356,1498.42,0.0124,BID
1442968356,1498.42,0.01,BID
1442968356,1498.43,0.0006,BID
1442968403,1498.41,0.01,BID
1442968403,1498.42,0.025,BID
1442968403,1498.43,0.4994,BID
1442968403,1498.57,0.049,BID
1442968403,1498.58,1.0,BID
1442968403,1498.59,0.04,BID
1442968403,1498.65,0.02,BID
1442968403,1498.76,0.0217,BID
1442968403,1498.77,2.0776,BID
1442968403,1498.79,2.9323,BID
1442968411,1498.41,0.01,BID
1442968411,1498.42,0.03,BID
1442968449,1498.39,0.01,BID
1442968463,1497.31,0.0143,ASK
1442968463,1497.31,0.0944,ASK
1442968463,1497.31,0.3913,ASK
1442968471,1497.32,0.0392,ASK
1442968471,1497.32,0.143,ASK
1442968473,1497.31,5.9735,ASK
1442968473,1497.3,0.3348,ASK
1442968473,1497.32,0.037,BID
1442968474,1497.3,0.0054,ASK
1442968479,1497.15,0.007,ASK
1442968479,1497.12,0.493,ASK
1442968483,1497.12,0.5,ASK
1442968484,1497.12,0.65,ASK
1442968485,1497.12,0.65,ASK
1442968486,1497.12,0.5,ASK
1442968487,1497.12,0.387,ASK
1442968494,1497.0,0.3,ASK
1442968558,1497.12,0.5,ASK
1442968560,1497.12,0.65,ASK
1442968561,1497.12,0.65,ASK
1442968562,1497.12,0.65,ASK
1442968563,1497.12,0.65,ASK
1442968564,1497.12,0.08,ASK
1442968567,1496.85,0.002,ASK
1442968567,1496.42,0.498,ASK
1442968567,1497.11,0.57,BID
1442968572,1496.43,0.01,ASK
1442968572,1496.42,0.49,ASK
1442968575,1496.42,0.3483,ASK
1442968577,1496.42,0.151,BID
1442968577,1496.42,0.0007,BID
1442968577,1497.1,0.0322,BID
1442968577,1497.11,0.0671,BID
1442968578,1496.52,0.151,ASK
1442968578,1496.33,0.349,ASK
1442968579,1496.33,0.65,ASK
1442968580,1496.33,0.5,ASK
1442968584,1496.33,0.5,BID
1442968586,1496.43,0.004,ASK
1442968588,1496.43,0.494,ASK
1442968590,1496.43,0.006,BID
1442968592,1496.91,0.004,ASK
1442968595,1496.34,0.01,ASK
1442968595,1496.43,0.49,BID
1442968597,1496.44,0.49,ASK
1442968597,1496.44,0.01,ASK
1442968600,1496.44,0.48,ASK
1442968600,1496.44,0.01,ASK
1442968661,1496.35,0.01,BID
1442968661,1496.35,0.1621,BID
1442968663,1496.36,0.0099,ASK
1442968663,1496.36,0.172,ASK
1442968663,1496.36,0.1583,ASK
1442968669,1496.87,0.002,BID
1442968669,1497.09,0.012,BID
1442968697,1496.38,0.01,ASK
1442968697,1496.37,0.002,ASK
1442968697,1496.36,0.1721,ASK
1442968697,1496.35,0.0323,ASK
1442968697,1496.35,0.012,ASK
1442968699,1496.35,0.1716,BID
1442968700,1497.1,0.0291,BID
1442968700,1497.11,0.0179,BID
1442968705,1497.1,0.0283,BID
1442968705,1497.11,0.1427,BID
1442968706,1497.11,0.171,BID
1442968706,1496.36,8.41,BID
1442968707,1497.11,0.1176,BID
1442968707,1497.1,3.0,BID
1442968707,1497.1,1.166,BID
1442968790,1496.98,0.025,BID
1442968790,1496.99,0.0298,BID
1442968790,1497.0,0.5002,BID
1442968803,1497.0,0.0952,BID
1442968803,1497.11,0.0048,BID
1442968803,1497.11,0.1,BID
1442968803,1497.11,0.0289,BID
1442968803,1497.13,0.001,BID
1442968803,1497.37,0.002,BID
1442968803,1497.43,0.002,BID
1442968803,1497.95,0.0161,BID
1442968811,1497.93,0.0297,BID
1442968811,1497.93,0.01,BID
1442968811,1497.94,0.0603,BID
1442968842,1497.01,0.01,ASK
1442968842,1497.01,5.1821,ASK
1442968845,1497.0,0.107,BID
1442968845,1497.0,0.6,BID
1442968846,1497.0,0.099,BID
1442968846,1497.0,0.668,BID
1442968847,1496.91,0.023,ASK
1442968847,1497.0,0.668,BID
1442968847,1497.0,0.548,BID
1442968848,1497.0,0.033,BID
1442968849,1497.0,0.0849,BID
1442968850,1497.01,0.0426,ASK
1442968861,1497.01,0.5325,ASK
1442968861,1497.01,0.1175,ASK
1442968876,1497.01,0.0004,ASK
1442968876,1496.87,0.002,ASK
1442968876,1496.35,0.0425,ASK
1442968876,1496.35,0.0435,ASK
1442968876,1496.35,0.0489,ASK
1442968876,1496.34,0.5,ASK
1442968876,1496.34,2.2,ASK
1442968876,1496.34,1.0,ASK
1442968876,1496.21,0.004,ASK
1442968876,1496.0,0.3,ASK
1442968877,1496.0,4.1587,BID
1442968883,1497.88,0.0944,BID
1442968883,1497.89,0.015,BID
1442968883,1497.89,0.0123,BID
1442968883,1497.89,1.6693,BID
1442968883,1497.89,0.47,BID
1442968884,1497.07,0.3,ASK
1442968895,1497.11,0.0945,ASK
1442968895,1497.1,0.0138,ASK
1442968895,1497.1,0.65,ASK
1442968895,1497.08,0.0134,ASK
1442968895,1497.07,7.6203,ASK
1442968911,1497.79,0.08,BID
1442968929,1497.09,0.275,ASK
1442968954,1497.09,0.035,BID
1442968999,1497.1,0.035,ASK
1442968999,1497.07,0.065,ASK
1442969000,1497.07,0.295,ASK
1442969000,1497.07,0.4117,ASK
1442969004,1496.34,1.002,ASK
1442969007,1496.34,0.6,ASK
1442969007,1496.34,0.5,ASK
1442969007,1496.34,0.098,ASK
1442969007,1496.34,0.608,ASK
1442969007,1496.34,0.708,ASK
1442969007,1496.43,0.034,BID
1442969007,1496.45,0.166,BID
1442969008,1496.34,0.4322,ASK
1442969008,1496.32,16.783,ASK
1442969010,1496.31,0.558,BID
1442969010,1496.33,0.2178,BID
1442969010,1496.33,0.65,BID
1442969012,1496.34,0.5,ASK
1442969012,1496.45,0.034,BID
1442969017,1496.34,0.2742,ASK
1442969018,1496.34,0.2258,BID
1442969018,1496.68,0.0226,BID
1442969018,1496.68,0.1488,BID
1442969018,1496.68,0.01,BID
1442969018,1496.79,0.025,BID
1442969018,1496.8,0.5678,BID
1442969023,1496.89,0.05,BID
1442969034,1496.89,0.14,BID
1442969037,1496.01,0.015,ASK
1442969037,1496.0,0.112,ASK
1442969039,1496.88,0.015,BID
1442969039,1496.89,0.48,BID
1442969041,1496.88,18.893,BID
1442969064,1496.84,0.01,BID
1442969069,1496.0,0.188,ASK
1442969071,1496.0,1.808,BID
1442969072,1496.0,0.004,BID
1442969077,1496.34,0.01,ASK
1442969081,1496.34,1.375,ASK
1442969085,1496.34,0.5,ASK
1442969086,1496.34,0.315,ASK
1442969139,1496.3,0.01,BID
1442969139,1496.31,0.5,BID
1442969142,1496.34,0.6,ASK
1442969143,1496.34,0.596,ASK
1442969144,1496.34,0.494,ASK
1442969214,1496.32,0.8,BID
1442969214,1496.33,0.156,BID
1442969214,1496.33,0.35,BID
1442969216,1495.86,0.006,ASK
1442969216,1495.57,0.1967,ASK
1442969216,1495.56,0.002,ASK
1442969216,1495.56,5.5,ASK
1442969216,1495.55,5.4966,ASK
1442969216,1495.0,2.3444,ASK
1442969239,1495.0,2.3175,ASK
1442969239,1495.0,0.3,ASK
1442969239,1495.0,5.3825,ASK
1442969254,1495.56,3.2013,ASK
1442969266,1495.04,2.6222,ASK
1442969266,1495.0,3.2013,ASK
1442969267,1495.0,0.356,BID
1442969268,1495.0,0.6,BID
1442969268,1495.0,1.228,BID
1442969268,1495.0,2.109,BID
1442969269,1495.0,5.2172,BID
1442969269,1494.96,0.004,ASK
1442969269,1495.0,3.0,BID
1442969270,1495.0,0.6689,BID
1442969270,1495.0,1.049,BID
1442969271,1495.0,0.6689,BID
1442969272,1495.0,0.6689,BID
1442969273,1495.0,0.566,BID
1442969274,1494.51,14.0,BID
1442969274,1494.51,3.66,BID
1442969276,1494.99,0.014,BID
1442969276,1494.99,0.0005,BID
1442969276,1495.0,0.3306,BID
1442969281,1494.43,0.0947,ASK
1442969281,1494.42,0.01,ASK
1442969281,1494.4,0.5678,ASK
1442969281,1494.3,0.0806,ASK
1442969295,1494.97,0.09,BID
1442969295,1494.98,0.0947,BID
1442969295,1494.99,0.04,BID
1442969295,1494.99,0.1417,BID
1442969295,1494.99,0.015,BID
1442969295,1495.0,5.362,BID
1442969298,1494.99,0.148,BID
1442969380,1494.97,0.09,BID
1442969380,1494.98,5.18,BID
1442969380,1494.99,6.3648,BID
1442969380,1494.99,4.3652,BID
1442969387,1494.4,0.404,BID
1442969387,1494.4,0.934,BID
1442969390,1494.4,0.453,BID
1442969390,1494.4,4.6343,BID
1442969446,1494.3,25.0496,BID
1442969448,1494.3,1.4799,BID
1442969536,1494.09,0.01,ASK
1442969536,1494.07,2.2,ASK
1442969536,1494.07,0.01,ASK
1442969536,1494.06,4.1487,ASK
1442969631,1494.12,0.0947,ASK
1442969631,1494.1,0.3553,ASK
1442969633,1494.1,0.2,ASK
1442969633,1494.1,0.14,ASK
1442969636,1494.86,0.0947,BID
1442969636,1494.87,0.002,BID
1442969636,1494.97,0.09,BID
1442969636,1494.97,0.5343,BID
1442969636,1494.97,0.453,BID
1442969648,1494.87,2.58,ASK
1442969649,1494.87,2.0,ASK
1442969649,1494.87,0.65,ASK
1442969650,1494.88,2.0,ASK
1442969650,1494.88,9.0,ASK
1442969650,1494.88,14.227,ASK
1442969650,1494.87,0.65,ASK
1442969651,1494.88,9.0,ASK
1442969651,1494.88,12.0,ASK
1442969651,1494.88,0.576,ASK
1442969652,1494.87,0.65,ASK
1442969654,1494.87,0.1599,ASK
1442969679,1494.86,0.4901,BID
1442969679,1494.86,0.65,BID
1442969679,1494.87,0.002,BID
1442969687,1494.87,0.8648,ASK
1442969687,1494.37,0.004,ASK
1442969687,1494.03,0.1967,ASK
1442969687,1494.02,0.1145,ASK
1442969752,1494.02,0.0948,ASK
1442969752,1494.01,0.0052,ASK
1442969752,1494.01,0.1,ASK
1442969753,1494.01,0.1,ASK
1442969753,1494.01,0.524,ASK
1442969754,1494.01,1.5186,ASK
1442969754,1494.01,3.208,ASK
1442969754,1494.0,0.3,ASK
1442969754,1494.0,8.4285,ASK
1442969754,1494.0,0.0055,ASK
1442969754,1493.87,0.009,ASK
1442969810,1493.57,0.002,ASK
1442969810,1493.31,3.0159,ASK
1442969843,1494.83,0.0297,BID
1442969843,1494.83,0.0643,BID
1442969843,1494.83,0.0625,BID
1442969843,1494.84,0.3675,BID
1442969899,1494.81,0.09,BID
1442969930,1494.87,0.002,BID
1442969930,1494.99,0.015,BID
1442969930,1495.0,0.077,BID
1442969935,1494.99,0.0102,BID
1442969935,1495.0,0.0338,BID
1442970009,1494.37,0.002,ASK
1442970024,1494.36,0.04,BID
1442970032,1494.36,0.054,BID
1442970045,1494.37,0.021,BID
1442970053,1494.37,0.019,BID
1442970081,1494.37,0.0005,BID
1442970081,1494.37,0.002,BID
1442970081,1494.52,0.006,BID
1442970081,1494.8,0.015,BID
1442970081,1494.81,0.0775,BID
1442970083,1494.81,0.0125,BID
1442970083,1494.81,0.1335,BID
1442970083,1494.81,0.023,BID
1442970178,1494.8,0.01,BID
1442970178,1494.8,0.123,BID
1442970180,1493.89,0.094,ASK
1442970183,1493.89,0.5,BID
1442970183,1493.89,0.101,BID
1442970183,1493.89,0.1,BID
1442970184,1493.89,0.51,BID
1442970184,1494.8,0.326,BID
1442970187,1494.8,0.51,BID
1442970190,1493.9,0.116,ASK
1442970211,1494.0,1.4437,ASK
1442970233,1494.76,0.094,BID
1442970238,1494.77,0.005,BID
1442970238,1494.81,0.09,BID
1442970249,1494.82,0.002,BID
1442970249,1494.87,0.002,BID
1442970249,1494.98,0.596,BID
1442970251,1494.98,0.996,BID
1442970252,1494.98,2.068,BID
1442970253,1494.98,0.132,BID
1442970256,1494.98,0.08,BID
1442970257,1494.98,0.279,BID
1442970258,1494.98,0.03,BID
1442970259,1494.98,0.249,BID
1442970260,1494.98,0.6689,BID
1442970261,1494.98,0.6689,BID
1442970262,1494.98,0.6689,BID
1442970263,1494.98,2.489,BID
1442970264,1494.61,0.1965,ASK
1442970264,1494.61,0.094,ASK
1442970267,1494.61,1.1415,BID
1442970267,1494.97,0.0385,BID
1442970267,1494.97,0.061,BID
1442970268,1494.97,0.097,BID
1442970268,1494.98,1.903,BID
1442970270,1494.98,0.097,BID
1442970270,1494.98,1.18,BID
1442970273,1494.97,0.0948,BID
1442970273,1494.98,1.0852,BID
1442970282,1494.81,0.013,BID
1442970283,1494.81,0.077,BID
1442970283,1494.98,2.746,BID
1442970283,1494.98,0.01,BID
1442970287,1494.98,0.158,BID
1442970288,1494.98,0.6689,BID
1442970289,1494.98,0.6689,BID
1442970290,1494.98,0.6689,BID
1442970291,1494.98,0.6689,BID
1442970292,1494.98,0.6689,BID
1442970293,1494.98,0.6689,BID
1442970294,1494.98,0.05,BID
1442970294,1494.98,0.6689,BID
1442970295,1494.98,0.6689,BID
1442970296,1494.98,0.6689,BID
1442970297,1494.98,0.735,BID
1442970297,1494.98,0.6689,BID
1442970297,1494.98,0.18,BID
1442970298,1494.98,0.6689,BID
1442970299,1494.98,0.6689,BID
1442970300,1494.98,0.6689,BID
1442970300,1494.98,0.6,BID
1442970303,1494.98,0.072,BID
1442970304,1494.98,0.658,BID
1442970308,1494.98,0.301,BID
1442970311,1494.98,0.34,BID
1442970316,1494.98,1.99,BID
1442970318,1494.98,0.45,BID
1442970321,1494.98,0.098,BID
1442970337,1494.98,0.169,BID
1442970347,1494.98,0.441,BID
1442970357,1494.98,1.0,BID
1442970368,1494.98,0.364,BID
1442970417,1494.81,0.09,BID
1442970421,1494.9,8.434,BID
1442970421,1494.98,3.436,BID
1442970423,1494.97,15.0,BID
1442970423,1494.97,7.0,BID
1442970423,1494.97,2.722,BID
1442970438,1494.98,0.07,BID
1442970449,1494.98,0.165,BID
1442970459,1494.98,0.1,BID
1442970469,1494.98,0.1,BID
1442970472,1494.98,0.29,BID
1442970478,1495.0,0.1892,BID
1442970478,1495.13,0.003,BID
1442970478,1495.37,0.002,BID
1442970478,1495.43,0.002,BID
1442970478,1495.98,0.1028,BID
1442970562,1495.01,0.0687,ASK
1442970565,1495.03,2.0,ASK
1442970565,1495.03,6.0,ASK
1442970565,1495.03,10.62,ASK
1442970587,1495.96,0.0687,BID
1442970588,1495.96,0.303,ASK
1442970589,1495.96,0.65,ASK
1442970589,1495.96,1.18,ASK
1442970591,1495.96,0.65,ASK
1442970591,1495.96,2.0,ASK
1442970592,1495.96,1.1483,ASK
1442970593,1495.0,0.0427,ASK
1442970593,1495.0,0.0751,ASK
1442970593,1495.0,0.0642,ASK
1442970593,1494.99,0.998,ASK
1442970617,1495.02,0.0949,ASK
1442970617,1495.01,0.1565,ASK
1442970617,1495.0,0.0144,ASK
1442970617,1494.99,2.4865,ASK
1442970617,1494.98,3.4477,ASK
1442970647,1495.87,0.0949,BID
1442970647,1495.87,2.6994,BID
1442970647,1495.87,0.0454,BID
1442970647,1495.87,0.0623,BID
1442970647,1495.88,2.486,BID
1442970647,1495.88,1.9338,BID
1442970648,1494.99,20.435,BID
1442970687,1495.01,0.0949,ASK
1442970687,1495.0,0.0967,ASK
1442970687,1494.99,0.2874,ASK
1442970710,1495.02,0.0111,ASK
1442970710,1495.01,0.1673,ASK
1442970734,1495.01,0.3117,ASK
1442970738,1494.98,1.18,ASK
1442970740,1494.98,1.3897,ASK
1442970740,1494.98,0.694,ASK
1442970741,1494.98,0.65,ASK
1442970741,1494.98,1.0194,ASK
1442970742,1494.98,0.65,ASK
1442970743,1494.98,0.65,ASK
1442970743,1494.99,7.0,ASK
1442970743,1494.99,4.607,ASK
1442970744,1494.98,0.65,ASK
1442970744,1494.98,2.6527,ASK
1442970745,1494.98,0.3952,ASK
1442970747,1494.97,0.2548,BID
1442970747,1494.97,0.4192,BID
1442970748,1494.97,0.2308,BID
1442970762,1494.98,0.329,ASK
1442970763,1494.98,0.1091,ASK
1442970763,1494.98,0.5409,ASK
1442970764,1494.98,0.128,ASK
1442970766,1494.97,0.329,BID
1442970767,1494.97,0.193,BID
1442970767,1494.97,0.4759,BID
1442970768,1494.97,0.1741,BID
1442970789,1494.98,0.4948,ASK
1442970789,1494.98,0.6689,ASK
1442970789,1494.87,0.003,ASK
1442970789,1494.57,0.002,ASK
1442970789,1494.42,0.005,ASK
1442970789,1494.37,0.006,ASK
1442970789,1494.3,1.404,ASK
1442970789,1494.2,0.5,ASK
1442970790,1494.2,0.433,ASK
1442970794,1494.79,0.016,ASK
1442970794,1494.11,0.417,ASK
1442970809,1494.67,0.139,BID
1442970809,1494.86,0.025,BID
1442970809,1494.87,0.269,BID
1442970824,1494.0,0.262,ASK
1442970824,1494.0,0.038,ASK
1442970824,1493.97,0.004,ASK
1442970829,1493.48,0.0011,ASK
1442970829,1493.4,0.8479,ASK
1442970831,1493.97,0.028,BID
1442970831,1493.98,0.5,BID
1442970838,1494.79,0.005,BID
1442970838,1494.81,0.0116,BID
1442970838,1494.81,0.0139,BID
1442970838,1494.82,0.0015,BID
1442970864,1493.42,0.005,ASK
1442970865,1494.38,0.5,BID
1442970865,1494.39,4.0,BID
1442970865,1494.49,5.14,BID
1442970865,1494.5,3.742,BID
1442970865,1493.4,1.35,ASK
1442970865,1493.4,0.6,ASK
1442970869,1494.2,1.1661,BID
1442970871,1493.41,0.0101,ASK
1442970871,1493.4,0.2021,ASK
1442970879,1494.36,0.0051,BID
1442970922,1493.9,0.531,ASK
1442970923,1493.9,0.4,ASK
1442970923,1493.9,0.142,ASK
1442970923,1493.9,0.111,ASK
1442970924,1493.9,1.816,ASK
1442970946,1493.62,0.351,ASK
1442970951,1493.12,0.091,BID
1442970952,1493.12,0.26,BID
1442970954,1493.13,0.091,ASK
1442970954,1493.13,0.351,ASK
1442970954,1493.0,0.3,ASK
1442970954,1493.0,0.017,ASK
1442970961,1493.12,0.091,BID
1442970961,1493.37,0.002,BID
1442970961,1493.62,0.102,BID
1442970965,1493.7,0.415,ASK
1442970966,1493.7,4.086,ASK
1442970968,1493.7,1.152,ASK
1442970968,1493.7,0.152,ASK
1442970970,1493.4,0.1,BID
1442970989,1493.39,1.41,BID
1442971027,1493.4,1.18,BID
1442971035,1493.4,0.0895,BID
1442971036,1493.4,0.1496,BID
1442971051,1493.87,0.002,BID
1442971051,1493.99,0.008,BID
1442971051,1493.99,0.007,BID
1442971051,1494.0,0.3,BID
1442971051,1494.01,0.01,BID
1442971051,1494.01,0.01,BID
1442971052,1494.5,1.18,BID
1442971055,1494.5,0.926,BID
1442971055,1494.87,0.002,BID
1442971055,1494.89,0.252,BID
1442971056,1494.89,0.023,BID
1442971065,1494.89,0.338,BID
1442971117,1494.89,0.02,BID
1442971130,1494.89,0.1,BID
1442971141,1494.88,0.01,BID
1442971141,1494.89,0.09,BID
1442971152,1494.89,0.1,BID
1442971182,1494.89,0.7304,BID
1442971184,1494.53,0.0163,ASK
1442971184,1494.53,0.0266,ASK
1442971186,1494.53,2.0562,BID
1442971198,1494.53,0.1,BID
1442971199,1494.53,0.0474,BID
1442971279,1494.54,0.1,ASK
1442971279,1494.54,0.0474,ASK
1442971280,1494.54,0.4,BID
1442971281,1494.54,0.6691,BID
1442971282,1494.54,0.6691,BID
1442971283,1494.54,0.378,BID
1442971283,1494.54,0.6691,BID
1442971284,1494.54,0.6691,BID
1442971285,1494.54,0.6682,BID
1442971335,1494.55,0.0009,ASK
1442971335,1494.55,0.4701,ASK
1442971343,1494.55,0.144,ASK
1442971368,1494.69,0.11,BID
1442971372,1494.88,0.01,BID
1442971374,1494.88,0.0187,BID
1442971374,1494.88,0.0163,BID
1442971374,1494.89,0.035,BID
1442971379,1494.89,0.1,BID
1442971380,1494.89,0.96,BID
1442971380,1494.89,3.259,BID
1442971381,1494.98,0.076,BID
1442971381,1495.0,0.3,BID
1442971381,1495.01,0.9094,BID
1442971381,1495.03,0.005,BID
1442971381,1495.09,1.7096,BID
1442971382,1495.33,0.002,BID
1442971382,1495.37,0.002,BID
1442971383,1495.93,0.004,BID
1442971383,1496.0,0.3,BID
1442971383,1496.28,0.0011,BID
1442971383,1496.3,2.2749,BID
1442971384,1495.44,0.04,ASK
1442971384,1495.39,0.0549,ASK
1442971385,1496.37,0.002,BID
1442971385,1496.49,0.098,BID
1442971392,1496.27,0.005,BID
1442971394,1496.3,0.01,ASK
1442971394,1496.3,0.5074,ASK
1442971395,1495.0,0.01,ASK
1442971396,1495.0,0.2223,ASK
1442971396,1495.02,13.0,ASK
1442971396,1495.02,8.363,ASK
1442971418,1496.08,0.01,BID
1442971418,1496.09,0.11,BID
1442971492,1495.18,0.0141,ASK
1442971492,1495.18,0.0114,ASK
1442971492,1495.18,0.02,ASK
1442971492,1495.17,0.01,ASK
1442971492,1495.17,0.1689,ASK
1442971546,1496.0,0.332,ASK
1442971572,1496.03,0.0949,ASK
1442971572,1496.02,0.15,ASK
1442971572,1496.0,0.1551,ASK
1442971573,1496.0,0.6,ASK
1442971599,1496.0,0.223,ASK
1442971599,1496.0,0.223,ASK
1442971599,1496.0,0.223,ASK
1442971603,1496.0,3.0,ASK
1442971610,1496.0,2.02,ASK
1442971616,1496.0,3.0,ASK
1442971616,1496.0,0.2239,ASK
1442971616,1496.0,1.4071,ASK
1442971617,1496.0,0.194,ASK
1442971617,1496.0,8.3989,ASK
1442971632,1495.99,0.5,BID
1442971652,1496.26,0.18,BID
1442971653,1496.26,0.0949,ASK
1442971655,1496.26,0.2251,ASK
1442971655,1496.01,0.0204,ASK
1442971655,1496.01,0.0159,ASK
1442971655,1496.01,0.1346,ASK
1442971655,1496.0,2.604,ASK
1442971657,1496.25,0.32,BID
1442971657,1496.25,0.18,BID
1442971660,1496.25,0.0451,BID
1442971661,1496.26,0.09,BID
1442971661,1496.25,0.0112,ASK
1442971661,1496.26,0.045,BID
1442971663,1496.26,0.056,BID
1442971663,1496.25,0.3,ASK
1442971664,1496.26,0.034,BID
1442971666,1496.34,0.02,BID
1442971666,1496.38,0.1261,BID
1442971666,1496.38,0.0591,BID
1442971667,1496.39,0.04,BID
1442971667,1496.38,0.1508,ASK
1442971667,1496.27,0.101,ASK
1442971667,1496.27,0.034,ASK
1442971667,1496.25,0.1437,ASK
1442971667,1496.01,0.0112,ASK
1442971667,1496.0,6.896,ASK
1442971667,1496.0,10.0,ASK
1442971667,1496.0,0.0592,BID
1442971667,1496.0,0.1261,BID
1442971667,1495.07,2.0,ASK
1442971667,1495.07,3.738,ASK
1442971668,1495.99,0.0592,BID
1442971668,1496.0,0.4408,BID
1442971670,1495.99,0.0647,BID
1442971670,1495.99,0.0112,BID
1442971670,1496.0,0.4241,BID
1442971675,1495.99,0.0614,BID
1442971675,1496.0,0.4386,BID
1442971677,1496.0,0.05,BID
1442971678,1496.0,0.5,BID
1442971681,1496.0,0.5,BID
1442971683,1496.0,0.1245,BID
1442971699,1496.0,0.0503,ASK
1442971700,1495.99,0.4995,BID
1442971700,1496.15,0.0005,BID
1442971755,1496.01,0.0991,ASK
1442971755,1496.01,0.0246,ASK
1442971755,1496.01,0.0728,ASK
1442971755,1496.0,2.3835,ASK
1442971755,1496.15,0.0015,BID
1442971755,1496.26,0.135,BID
1442971756,1496.27,0.12,ASK
1442971756,1496.26,0.3635,ASK
1442971756,1496.0,0.6965,ASK
1442971756,1496.0,0.1965,ASK
1442971756,1496.0,2.0,ASK
1442971783,1496.01,0.0706,ASK
1442971792,1496.37,0.002,BID
1442971792,1496.37,0.018,BID
1442971801,1496.0,0.188,ASK
1442971801,1496.0,0.188,ASK
1442971802,1496.0,0.188,ASK
1442971810,1496.37,0.002,BID
1442971810,1496.38,0.0246,BID
1442971810,1496.38,0.0728,BID
1442971810,1496.38,0.0886,BID
1442971819,1496.37,0.0706,BID
1442971819,1496.38,0.0105,BID
1442971819,1496.39,1.0589,BID
1442971851,1496.39,0.188,BID
1442971865,1496.39,0.188,BID
1442971876,1496.39,1.336,BID
1442971959,1496.01,0.1371,ASK
1442971959,1496.01,0.0297,ASK
1442971959,1496.01,0.0297,ASK
1442971959,1496.0,14.1595,ASK
1442971959,1496.0,0.0949,BID
1442971961,1496.0,0.5,BID
1442972025,1496.0,0.366,BID
1442972075,1495.56,0.01,ASK
1442972075,1495.55,4.0,ASK
1442972075,1495.54,0.5,ASK
1442972075,1495.54,0.02,ASK
1442972075,1495.5,6.4236,ASK
1442972075,1495.5,5.663,ASK
1442972075,1495.4,0.2054,ASK
1442972078,1495.59,6.0,ASK
1442972078,1495.59,9.0,ASK
1442972078,1495.59,13.117,ASK
1442972156,1495.75,0.018,BID
1442972156,1495.76,0.013,BID
1442972166,1495.6,0.59,ASK
1442972167,1495.6,3.41,ASK
1442972170,1495.59,0.59,BID
1442972311,1495.17,0.006,ASK
1442972311,1495.0,0.0677,ASK
1442972311,1495.0,0.6693,ASK
1442972374,1495.49,0.01,BID
1442972374,1495.5,0.01,BID
1442972495,1495.57,0.01,ASK
1442972496,1495.58,0.0365,BID
1442972496,1495.58,0.02,BID
1442972496,1495.59,0.06,BID
1442972496,1495.59,0.017,BID
1442972497,1495.57,0.12,ASK
1442972497,1495.59,0.0565,BID
1442972498,1495.57,0.0037,ASK
1442972600,1495.52,0.048,ASK
1442972600,1495.51,0.0365,ASK
1442972600,1495.51,0.0181,ASK
1442972600,1495.5,0.3974,ASK
1442972600,1495.5,0.05,ASK
1442972602,1495.5,0.5,ASK
1442972603,1495.5,0.65,ASK
1442972604,1495.5,0.5,ASK
1442972604,1495.5,0.65,ASK
1442972605,1495.5,0.21,ASK
1442972605,1495.5,0.65,ASK
1442972606,1495.5,0.5,ASK
1442972606,1495.5,0.65,ASK
1442972607,1495.5,0.65,ASK
1442972607,1495.5,0.5,ASK
1442972608,1495.5,0.65,ASK
1442972609,1495.5,0.3,ASK
1442972620,1495.0,0.0008,ASK
1442972620,1494.96,0.005,ASK
1442972620,1494.9,0.595,ASK
1442972634,1494.9,1.18,ASK
1442972635,1494.9,0.65,ASK
1442972636,1494.9,0.65,ASK
1442972637,1494.9,1.18,ASK
1442972637,1494.9,0.65,ASK
1442972638,1494.9,0.65,ASK
1442972639,1494.9,0.65,ASK
1442972640,1494.9,0.65,ASK
1442972641,1494.9,0.65,ASK
1442972642,1494.9,0.65,ASK
1442972643,1494.9,0.65,ASK
1442972644,1494.9,0.65,ASK
1442972645,1494.9,0.65,ASK
1442972646,1494.9,0.65,ASK
1442972647,1494.9,0.65,ASK
1442972648,1494.9,0.65,ASK
1442972650,1494.9,0.65,ASK
1442972651,1494.9,0.65,ASK
1442972651,1495.08,0.01,BID
1442972651,1495.46,0.0204,BID
1442972652,1494.91,0.0114,ASK
1442972652,1494.9,0.035,ASK
1442972652,1494.89,0.001,ASK
1442972652,1494.89,0.6026,ASK
1442972678,1494.9,0.0204,ASK
1442972681,1494.9,0.31,BID
1442972684,1494.9,1.137,BID
1442972684,1494.9,0.6513,BID
1442972685,1494.9,0.6689,BID
1442972685,1494.9,0.7817,BID
1442972688,1495.15,0.02,BID
1442972688,1495.23,0.33,BID
1442972688,1495.37,0.002,BID
1442972688,1495.48,0.0532,BID
1442972688,1495.49,0.35,BID
1442972688,1495.49,0.65,BID
1442972688,1495.5,0.1946,BID
1442972688,1495.51,0.048,BID
1442972688,1495.53,0.001,BID
1442972688,1495.55,0.1298,BID
1442972688,1495.55,0.025,BID
1442972688,1495.56,0.12,BID
1442972688,1495.56,0.8462,BID
1442972711,1494.92,0.0334,ASK
1442972711,1494.91,0.6689,ASK
1442972711,1494.9,0.1202,ASK
1442972711,1494.9,0.0429,ASK
1442972711,1494.89,5.9346,ASK
1442972711,1495.56,0.02,BID
1442972727,1495.55,0.1202,BID
1442972727,1495.55,0.0334,BID
1442972727,1495.55,0.0429,BID
1442972727,1495.56,0.2035,BID
1442972732,1495.56,0.1265,BID
1442972732,1495.56,0.0013,BID
1442972732,1495.56,0.2722,BID
1442972734,1495.56,0.4,BID
1442972736,1495.56,0.359,BID
1442972753,1495.56,0.6,BID
1442972754,1495.56,0.5,BID
1442972755,1495.56,0.6,BID
1442972756,1495.56,0.5,BID
1442972757,1495.56,3.5888,BID
1442972757,1495.69,0.08,BID
1442972757,1495.76,0.347,BID
1442972757,1495.79,0.9742,BID
1442972765,1495.79,0.347,BID
1442972766,1495.79,0.6685,BID
1442972767,1495.79,0.6685,BID
1442972768,1495.79,0.6685,BID
1442972769,1495.79,0.6685,BID
1442972770,1495.79,0.6685,BID
1442972771,1495.79,0.6685,BID
1442972772,1495.79,0.6685,BID
1442972773,1495.79,0.6685,BID
1442972774,1495.79,0.6685,BID
1442972775,1495.79,0.6685,BID
1442972776,1495.79,0.6685,BID
1442972777,1495.79,0.251,BID
1442972777,1495.79,0.2243,BID
1442972793,1495.87,0.002,BID
1442972793,1496.0,0.473,BID
1442972794,1496.0,0.12,BID
1442972796,1496.0,0.6,BID
1442972797,1496.0,0.6684,BID
1442972798,1496.0,0.2765,BID
1442972799,1496.0,0.6684,BID
1442972799,1496.0,0.6684,BID
1442972800,1496.0,0.6684,BID
1442972801,1496.0,0.6684,BID
1442972802,1496.0,0.6684,BID
1442972803,1496.0,0.6684,BID
1442972804,1496.0,0.6684,BID
1442972805,1496.0,0.6684,BID
1442972805,1495.99,5.0,BID
1442972805,1495.99,7.349,BID
1442972806,1496.0,0.198,BID
1442972806,1496.0,0.3,BID
1442972806,1496.0,0.1704,BID
1442972807,1496.0,0.6684,BID
1442972808,1495.99,5.0,BID
1442972808,1495.99,8.0,BID
1442972808,1495.99,1.066,BID
1442972808,1496.0,0.1612,BID
1442972811,1496.01,0.199,ASK
1442972812,1496.01,0.3082,ASK
1442972812,1496.01,0.1612,ASK
1442972823,1496.0,0.0378,BID
1442972823,1496.0,0.0682,BID
1442972823,1496.0,0.106,BID
1442972824,1496.0,0.4758,BID
1442972834,1496.13,0.004,BID
1442972834,1496.18,0.1,BID
1442972834,1496.2,0.33,BID
1442972834,1496.33,0.33,BID
1442972834,1496.37,0.002,BID
1442972834,1496.39,0.414,BID
1442972837,1496.12,0.0949,BID
1442972837,1496.39,1.0851,BID
1442972840,1496.39,1.18,BID
1442972849,1496.39,0.6,BID
1442972849,1496.39,0.6,BID
1442972855,1496.39,0.131,BID
1442972858,1496.15,0.01,ASK
1442972858,1496.14,0.06,ASK
1442972885,1496.13,0.0949,ASK
1442972885,1496.04,0.025,ASK
1442972885,1496.03,0.1491,ASK
1442972893,1496.37,0.06,BID
1442972893,1496.38,0.025,BID
1442972893,1496.39,0.415,BID
1442972898,1496.05,0.0949,ASK
1442972898,1496.04,0.0175,ASK
1442972898,1496.03,0.3509,ASK
1442972898,1496.02,0.043,ASK
1442972898,1496.01,0.1926,ASK
1442972898,1496.01,0.4811,ASK
1442972899,1496.01,0.1873,ASK
1442972904,1495.81,0.046,ASK
1442972904,1495.8,0.4442,ASK
1442972904,1495.8,0.2288,ASK
1442972905,1495.8,0.046,ASK
1442972906,1495.8,0.2005,ASK
1442972906,1495.71,0.33,ASK
1442972906,1495.53,0.04,ASK
1442972906,1495.52,0.0736,ASK
1442972906,1495.51,0.5359,ASK
1442972907,1495.81,0.01,ASK
1442972940,1495.53,0.192,ASK
1442972941,1495.53,0.527,ASK
1442972961,1495.52,0.123,BID
1442972961,1495.52,0.127,BID
1442972962,1495.52,0.523,BID
1442972962,1495.53,0.1457,BID
1442972963,1495.53,0.3373,BID
1442972978,1495.55,0.12,BID
1442972978,1495.56,0.11,BID
1442972980,1495.56,0.12,BID
1442973003,1495.72,0.02,ASK
1442973003,1495.53,0.331,ASK
1442973023,1495.78,0.0118,BID
1442973023,1495.79,0.0082,BID
1442973050,1495.53,0.0004,ASK
1442973050,1495.53,0.04,ASK
1442973050,1495.51,0.3106,ASK
1442973052,1495.51,0.5,ASK
1442973053,1495.51,1.5,ASK
1442973053,1495.51,0.5,ASK
1442973054,1495.51,0.01,ASK
1442973054,1495.51,0.65,ASK
1442973054,1495.51,0.65,ASK
1442973055,1495.51,0.65,ASK
1442973056,1495.51,0.828,ASK
1442973057,1495.51,0.65,ASK
1442973057,1495.51,0.65,ASK
1442973058,1495.52,0.01,BID
1442973058,1495.51,0.0114,ASK
1442973081,1495.38,0.04,ASK
1442973082,1495.38,0.29,ASK
1442973082,1495.38,0.004,ASK
1442973122,1495.37,0.04,BID
1442973122,1495.37,0.334,BID
1442973122,1495.37,0.002,BID
1442973122,1495.49,0.0319,BID
1442973122,1495.5,0.2387,BID
1442973169,1495.38,0.376,ASK
1442973169,1495.08,0.002,ASK
1442973169,1495.0,0.3,ASK
1442973169,1494.89,1.0832,ASK
1442973231,1495.36,0.0188,BID
1442973231,1495.37,0.376,BID
1442973231,1495.37,0.002,BID
1442973231,1495.49,0.0385,BID
1442973231,1495.5,0.3999,BID
1442973231,1495.5,0.6087,BID
1442973231,1495.52,0.0304,BID
1442973231,1495.52,0.0228,BID
1442973231,1495.53,0.3699,BID
1442973231,1495.53,0.087,BID
1442973231,1495.55,0.15,BID
1442973231,1495.69,4.496,BID
1442973257,1495.65,0.01,BID
1442973257,1495.66,0.005,BID
1442973257,1495.68,0.005,BID
1442973262,1495.78,0.0114,BID
1442973262,1495.79,0.2283,BID
1442973262,1495.79,0.0499,BID
1442973262,1495.8,1.048,BID
1442973267,1495.75,0.254,BID
1442973267,1495.05,0.074,ASK
1442973267,1495.05,0.0385,ASK
1442973267,1495.05,0.0228,ASK
1442973267,1495.04,6.354,ASK
1442973270,1495.82,0.0165,BID
1442973270,1495.83,0.33,BID
1442973270,1495.87,0.002,BID
1442973270,1495.89,0.0448,BID
1442973270,1495.89,0.074,BID
1442973270,1495.9,0.5327,BID
1442973272,1495.89,3.0,BID
1442973272,1495.89,5.894,BID
1442973295,1495.87,0.5,BID
1442973295,1495.87,0.01,ASK
1442973297,1495.87,0.1,ASK
1442973297,1495.87,0.15,ASK
1442973297,1495.87,0.15,ASK
1442973298,1495.87,0.15,ASK
1442973298,1495.87,0.93,ASK
1442973300,1495.87,0.65,ASK
1442973300,1495.87,0.01,ASK
1442973301,1495.87,0.65,ASK
1442973302,1495.87,0.65,ASK
1442973303,1495.87,0.65,ASK
1442973304,1495.87,0.832,ASK
1442973304,1495.87,0.65,ASK
1442973305,1495.87,0.65,ASK
1442973306,1495.87,0.5,ASK
1442973306,1495.87,0.65,ASK
1442973306,1495.87,0.02,ASK
1442973307,1495.87,0.65,ASK
1442973308,1495.87,0.65,ASK
1442973309,1495.87,0.298,ASK
1442973310,1495.86,0.352,BID
1442973310,1495.86,0.356,BID
1442973314,1495.06,0.0613,ASK
1442973314,1495.06,0.0446,ASK
1442973314,1495.06,0.0907,ASK
1442973314,1495.05,5.1837,ASK
1442973314,1495.05,0.01,BID
1442973315,1495.05,0.5,BID
1442973316,1495.05,0.5,BID
1442973316,1495.05,0.6,BID
1442973316,1495.05,0.6,BID
1442973317,1495.05,0.839,BID
1442973317,1495.05,0.321,BID
1442973317,1495.05,0.6689,BID
1442973317,1495.05,2.58,BID
1442973318,1495.05,0.46,BID
1442973318,1495.05,0.6689,BID
1442973318,1495.05,0.6,BID
1442973318,1495.05,0.6,BID
1442973319,1495.05,0.6689,BID
1442973320,1495.05,0.6689,BID
1442973321,1495.05,1.38,BID
1442973321,1495.05,0.6689,BID
1442973321,1495.05,0.12,BID
1442973321,1495.05,0.5,BID
1442973322,1495.05,0.6689,BID
1442973323,1495.05,0.6689,BID
1442973323,1495.05,1.8274,BID
1442973323,1495.85,0.0147,BID
1442973323,1495.86,0.1579,BID
1442973325,1495.37,0.0165,BID
1442973325,1495.38,0.33,BID
1442973325,1495.71,0.33,BID
1442973325,1495.86,0.1361,BID
1442973325,1495.89,0.0907,BID
1442973325,1495.89,0.0281,BID
1442973325,1495.9,0.2486,BID
1442973326,1495.09,1.0,BID
1442973326,1495.09,5.45,BID
1442973405,1496.0,1.5,BID
1442973408,1495.99,0.0466,BID
1442973408,1496.0,1.4534,BID
1442973414,1495.99,0.5,BID
1442973414,1496.0,0.1,BID
1442973425,1496.0,0.783,BID
1442973425,1496.0,1.0,BID
1442973425,1496.0,0.1636,BID
1442973425,1496.0,0.2644,BID
1442973427,1496.0,0.0356,BID
1442973427,1496.0,0.4644,BID
1442973428,1496.0,0.04,BID
1442973428,1496.0,0.01,BID
1442973428,1496.0,0.626,BID
1442973428,1496.0,0.745,BID
1442973428,1496.0,0.054,BID
1442973428,1496.0,1.8293,BID
1442973428,1496.0,1.183,BID
1442973428,1496.0,0.8233,BID
1442973428,1496.02,0.006,BID
1442973428,1496.29,1.4167,BID
1442973429,1496.29,3.7657,BID
1442973429,1496.32,0.002,BID
1442973429,1496.32,0.33,BID
1442973429,1496.39,0.851,BID
1442973430,1496.39,0.01,BID
1442973430,1496.39,0.5,BID
1442973430,1496.31,6.385,BID
1442973431,1496.3,2.0,ASK
1442973431,1496.3,2.58,ASK
1442973432,1496.38,0.0949,BID
1442973432,1496.39,0.0951,BID
1442973432,1496.39,0.05,BID
1442973432,1496.29,0.65,BID
1442973433,1496.39,3.765,BID
1442973433,1496.39,1.0,BID
1442973433,1496.39,0.6683,BID
1442973434,1496.39,12.7314,BID
1442973434,1496.39,0.02,BID
1442973435,1496.39,0.6683,BID
1442973435,1496.39,0.126,BID
1442973435,1496.39,15.7437,BID
1442973435,1496.5,0.1,BID
1442973435,1496.65,0.33,BID
1442973435,1496.87,0.002,BID
1442973435,1496.9,0.008,BID
1442973437,1496.92,0.004,BID
1442973437,1496.98,0.33,BID
1442973437,1497.0,0.3,BID
1442973437,1497.0,0.546,BID
1442973438,1497.0,0.042,BID
1442973442,1496.99,0.5,BID
1442973442,1497.0,5.424,BID
1442973447,1497.0,0.014,BID
1442973451,1497.0,2.5748,BID
1442973451,1497.49,0.7652,BID
1442973452,1496.45,15.0,BID
1442973452,1496.45,15.075,BID
1442973463,1497.5,1.33,BID
1442973510,1496.6,0.1175,ASK
1442973510,1496.6,0.0789,ASK
1442973510,1496.59,4.0,ASK
1442973510,1496.59,0.01,ASK
1442973510,1496.59,0.5,ASK
1442973510,1496.58,0.4767,ASK
1442973534,1497.39,0.0472,BID
1442973534,1497.4,0.0428,BID
1442973541,1497.39,0.01,BID
1442973560,1497.39,0.035,BID
1442973560,1497.39,0.025,BID
1442973561,1497.39,0.0012,BID
1442973561,1497.39,0.0025,BID
1442973571,1497.39,0.0517,BID
1442973571,1497.39,0.0238,BID
1442973571,1497.4,0.4245,BID
1442973594,1496.65,0.0034,ASK
1442973600,1496.61,3.0,ASK
1442973600,1496.61,2.0,ASK
1442973600,1496.6,0.5,BID
1442973600,1497.4,0.4757,BID
1442973600,1497.4,0.36,BID
1442973601,1496.59,0.0603,BID
1442973601,1496.59,0.1101,BID
1442973601,1496.59,0.026,BID
1442973602,1496.44,0.5,ASK
1442973603,1496.45,0.0949,ASK
1442973603,1496.44,0.5551,ASK
1442973604,1496.44,1.5,ASK
1442973604,1496.44,0.44,ASK
1442973605,1496.44,0.206,ASK
1442973605,1496.44,0.9989,ASK
1442973605,1496.41,0.15,ASK
1442973606,1496.41,0.5,ASK
1442973606,1496.41,0.2356,ASK
1442973606,1496.4,0.2644,ASK
1442973606,1496.4,0.4039,ASK
1442973606,1496.33,0.33,ASK
1442973606,1496.3,0.33,ASK
1442973606,1496.28,0.1161,ASK
1442973606,1496.28,0.119,ASK
1442973607,1496.28,0.01,ASK
1442973607,1496.28,0.0849,ASK
1442973607,1496.0,0.3,ASK
1442973607,1496.0,0.2,ASK
1442973610,1496.13,0.004,ASK
1442973610,1496.0,0.13,ASK
1442973611,1495.97,0.33,ASK
1442973611,1495.95,0.33,ASK
1442973611,1495.83,0.002,ASK
1442973612,1495.64,0.02,ASK
1442973613,1495.64,0.31,ASK
1442973613,1495.62,0.33,ASK
1442973613,1495.23,0.004,ASK
1442973613,1495.06,0.5,ASK
1442973613,1495.0,0.036,ASK
1442973620,1495.61,0.019,BID
1442973620,1495.61,0.1,BID
1442973620,1495.0,0.264,ASK
1442973620,1494.93,0.005,ASK
1442973620,1494.91,0.028,ASK
1442973620,1494.89,2.704,ASK
1442973623,1495.6,0.1501,BID
1442973623,1495.61,0.5599,BID
1442973630,1495.6,0.01,BID
1442973630,1495.61,0.32,BID
1442973634,1494.9,0.1504,ASK
1442973634,1494.89,1.0296,ASK
1442973649,1495.6,0.1041,BID
1442973651,1495.62,0.0165,BID
1442973651,1495.63,0.0876,BID
1442973654,1495.61,0.01,BID
1442973654,1495.6,0.0463,ASK
1442973655,1495.61,0.01,BID
1442973656,1495.61,0.882,BID
1442973658,1495.61,0.6686,BID
1442973659,1495.61,0.6686,BID
1442973660,1495.61,0.039,BID
1442973660,1495.61,0.0698,BID
1442973660,1495.62,0.0121,BID
1442973660,1495.63,0.2345,BID
1442973661,1495.62,0.154,ASK
1442973662,1495.63,0.0079,BID
1442973662,1495.87,0.002,BID
1442973662,1495.96,0.0201,BID
1442973662,1495.96,0.015,BID
1442973663,1495.62,0.317,ASK
1442973664,1495.62,0.1976,ASK
1442973664,1495.62,0.6686,ASK
1442973666,1495.61,0.142,BID
1442973667,1495.61,0.037,BID
1442973667,1495.61,0.1378,BID
1442973667,1495.61,0.5308,BID
1442973668,1495.61,0.1192,BID
1442973668,1495.61,0.5494,BID
1442973668,1495.61,0.1006,BID
1442973670,1495.88,0.02,ASK
1442973670,1495.62,0.0174,ASK
1442973670,1495.62,0.1166,ASK
1442973670,1495.95,0.01,BID
1442973671,1495.95,0.0047,BID
1442973671,1495.96,0.0153,BID
1442973672,1495.9,0.01,ASK
1442973672,1495.63,0.0343,ASK
1442973672,1495.62,0.5077,ASK
1442973674,1495.95,0.011,BID
1442973675,1495.95,0.003,BID
1442973675,1495.96,0.007,BID
1442973675,1495.62,0.0443,ASK
1442973675,1495.6,0.1097,ASK
1442973678,1495.6,0.015,ASK
1442973681,1495.95,0.011,BID
1442973688,1495.6,0.029,ASK
1442973688,1495.37,0.002,ASK
1442973688,1494.9,0.0276,ASK
1442973688,1494.9,0.0736,ASK
1442973688,1494.89,0.3678,ASK
1442973689,1494.89,0.663,ASK
1442973689,1494.89,0.01,ASK
1442973691,1494.9,0.24,BID
1442973691,1495.1,0.029,BID
1442973691,1495.15,0.05,BID
1442973691,1495.3,1.7401,BID
1442973691,1495.3,0.119,BID
1442973691,1495.6,0.029,BID
1442973691,1495.6,0.01,BID
1442973691,1495.6,0.029,BID
1442973692,1495.6,0.02,ASK
1442973692,1495.6,0.002,ASK
1442973692,1495.6,0.73,ASK
1442973692,1495.6,23.747,ASK
1442973693,1494.91,0.01,ASK
1442973693,1494.91,0.01,ASK
1442973693,1494.91,0.22,ASK
1442973693,1494.89,0.9841,ASK
1442973693,1494.52,0.3367,ASK
1442973695,1494.52,0.236,BID
1442973696,1494.52,1.0102,BID
1442973696,1494.89,0.01,BID
1442973696,1494.89,1.2041,BID
1442973699,1494.9,0.69,ASK
1442973699,1494.9,2.8357,ASK
1442973699,1494.04,0.008,ASK
1442973699,1494.0,0.002,ASK
1442973704,1494.6,1.281,BID
1442973704,1494.76,0.005,BID
1442973704,1494.78,0.0345,BID
1442973704,1494.79,0.6903,BID
1442973704,1494.89,2.0,BID
1442973705,1494.9,0.347,ASK
1442973707,1494.9,1.4222,ASK
1442973708,1494.08,0.002,ASK
1442973708,1494.02,0.005,ASK
1442973708,1494.01,0.003,ASK
1442973709,1494.88,0.684,BID
1442973735,1494.02,0.5,ASK
1442973735,1494.02,0.5,ASK
1442973736,1494.02,0.5,ASK
1442973737,1494.02,3.6923,ASK
1442973737,1494.01,1.5,ASK
1442973737,1494.01,1.5,ASK
1442973737,1494.01,0.01,ASK
1442973737,1494.01,0.5,ASK
1442973737,1494.01,0.5,ASK
1442973738,1494.01,0.33,ASK
1442973738,1494.01,0.22,ASK
1442973738,1494.01,0.231,ASK
1442973738,1494.01,0.119,ASK
1442973739,1494.01,0.5,ASK
1442973740,1494.01,0.5,ASK
1442973740,1494.01,5.0,ASK
1442973740,1494.01,3.0,ASK
1442973740,1494.01,0.609,ASK
1442973740,1494.01,0.5,ASK
1442973740,1494.01,1.0,ASK
1442973741,1494.01,0.5,ASK
1442973741,1494.01,0.65,ASK
1442973741,1494.01,0.48,ASK
1442973741,1494.01,5.0,ASK
1442973741,1494.01,0.6,ASK
1442973742,1494.0,0.298,ASK
1442973742,1494.0,8.0,ASK
1442973742,1493.51,0.1176,BID
1442973742,1493.4,0.0011,ASK
1442973742,1493.1,0.0089,ASK
1442973742,1493.1,0.037,ASK
1442973742,1493.1,0.5,ASK
1442973743,1493.51,6.921,BID
1442973743,1493.9,0.2,BID
1442973743,1494.0,0.5,BID
1442973743,1494.0,0.669,BID
1442973745,1493.1,0.6,ASK
1442973745,1493.1,0.09,ASK
1442973752,1493.5,0.01,BID
1442973756,1493.86,0.01,BID
1442973757,1493.87,0.002,BID
1442973757,1494.0,0.0929,BID
1442973760,1493.99,0.011,BID
1442973760,1493.99,0.01,BID
1442973760,1493.11,0.2149,ASK
1442973762,1493.96,0.005,BID
1442973762,1493.99,0.004,BID
1442973762,1493.99,0.001,BID
1442973764,1494.0,0.01,BID
1442973764,1493.99,0.019,BID
1442973765,1493.99,0.012,BID
1442973765,1493.99,0.038,BID
1442973765,1493.99,0.1026,BID
1442973765,1494.0,0.0574,BID
1442973766,1493.15,6.0,BID
1442973766,1493.15,1.025,BID
1442973767,1493.99,0.011,BID
1442973767,1493.21,13.0,BID
1442973767,1493.21,3.446,BID
1442973770,1493.21,0.01,ASK
1442973770,1493.2,0.002,ASK
1442973770,1493.14,0.005,ASK
1442973772,1493.14,0.5,BID
1442973772,1493.13,0.0729,BID
1442973772,1493.14,0.9271,BID
1442973773,1493.14,2.289,BID
1442973773,1493.14,2.58,BID
1442973773,1493.14,0.6697,BID
1442973774,1493.14,0.021,BID
1442973775,1493.14,0.119,BID
1442973776,1493.14,0.05,BID
1442973776,1493.14,0.42,BID
1442973776,1493.14,0.6697,BID
1442973776,1493.14,0.05,BID
1442973777,1493.14,0.6697,BID
1442973777,1493.14,0.119,BID
1442973778,1493.14,0.01,BID
1442973778,1493.14,0.0288,BID
1442973778,1493.47,0.0218,BID
1442973780,1493.47,0.068,BID
1442973781,1493.46,0.04,BID
1442973781,1493.47,0.2402,BID
1442973784,1493.8,0.01,BID
1442973784,1493.48,0.028,ASK
1442973784,1493.48,0.002,ASK
1442973785,1493.8,0.031,BID
1442973786,1493.8,0.289,BID
1442973790,1493.81,0.04,ASK
1442973791,1493.81,0.001,ASK
1442973796,1493.8,0.04,BID
1442973800,1493.8,0.5,BID
1442973800,1493.8,0.5,BID
1442973800,1493.8,0.5,BID
1442973800,1493.87,0.002,BID
1442973800,1493.99,0.304,ASK
1442973801,1493.99,0.5,ASK
1442973802,1493.99,0.8,ASK
1442973803,1493.99,0.01,ASK
1442973803,1493.99,0.2307,ASK
1442973803,1493.97,0.119,BID
1442973803,1493.98,0.4193,BID
1442973803,1494.0,0.3397,BID
1442973804,1494.01,0.01,ASK
1442973804,1494.01,0.65,ASK
1442973805,1494.01,1.033,ASK
1442973805,1494.01,0.648,ASK
1442973812,1494.0,0.65,BID
1442973822,1494.13,0.01,BID
1442973824,1494.13,0.0128,BID
1442973826,1494.13,0.119,BID
1442973827,1494.13,0.1882,BID
1442973829,1494.14,0.33,ASK
1442973831,1494.15,0.01,ASK
1442973831,1494.15,0.0849,ASK
1442973834,1494.0,9.9151,BID
1442973835,1494.01,0.0043,ASK
1442973835,1493.7,6.0,BID
1442973835,1493.7,41.0,BID
1442973835,1493.7,8.039,BID
1442973842,1493.69,0.0165,ASK
1442973842,1493.68,0.3295,ASK
1442973842,1493.68,0.0005,ASK
1442973842,1493.49,0.0153,ASK
1442973842,1493.48,0.1032,ASK
1442973843,1493.48,0.203,ASK
1442973843,1493.37,0.002,ASK
1442973843,1493.36,0.008,ASK
1442973844,1493.47,0.0102,BID
1442973845,1493.36,0.0165,ASK
1442973846,1493.35,0.13,ASK
1442973846,1493.35,0.2,ASK
1442973847,1493.33,0.0165,BID
1442973847,1493.15,0.6697,ASK
1442973847,1493.15,0.576,ASK
1442973847,1493.12,0.25,ASK
1442973847,1493.11,1.5043,ASK
1442973847,1493.11,0.11,ASK
1442973847,1493.11,0.5,ASK
1442973848,1493.34,0.33,BID
1442973849,1493.34,0.1295,ASK
1442973849,1493.16,0.0623,ASK
1442973849,1493.11,0.3082,ASK
1442973851,1493.11,0.65,ASK
1442973852,1493.11,1.299,ASK
1442973852,1493.11,0.6285,ASK
1442973852,1493.1,1.949,ASK
1442973853,1493.17,24.832,ASK
1442973853,1493.1,0.48,ASK
1442973854,1493.1,1.3351,ASK
1442973854,1493.06,0.119,BID
1442973855,1493.06,0.4734,BID
1442973855,1493.06,0.119,BID
1442973855,1493.11,0.65,ASK
1442973855,1493.11,1.202,ASK
1442973856,1493.11,1.3351,ASK
1442973856,1493.11,0.119,ASK
1442973857,1493.11,0.01,ASK
1442973857,1493.11,0.65,ASK
1442973857,1493.11,0.4415,ASK
1442973859,1493.01,15.0,ASK
1442973860,1493.01,0.33,ASK
1442973860,1493.0,0.2992,ASK
1442973861,1493.0,0.65,ASK
1442973862,1493.0,0.65,ASK
1442973863,1493.0,0.01,ASK
1442973863,1493.0,0.65,ASK
1442973865,1493.0,0.65,ASK
1442973866,1493.06,0.02,BID
1442973866,1493.0,0.5,ASK
1442973866,1493.06,0.099,BID
1442973866,1493.06,0.65,ASK
1442973866,1493.06,0.01,ASK
1442973867,1493.06,0.119,ASK
1442973867,1493.06,0.65,ASK
1442973867,1493.06,0.5861,ASK
1442973867,1493.0,1.528,ASK
1442973868,1493.01,0.1108,ASK
1442973868,1493.0,0.5392,ASK
1442973868,1493.0,0.01,ASK
1442973872,1493.09,0.02,BID
1442973875,1493.09,0.0027,BID
1442973875,1493.09,0.0298,BID
1442973875,1493.1,0.6195,BID
1442973876,1493.1,0.0027,BID
1442973877,1493.1,0.0278,BID
1442973881,1493.11,0.0305,ASK
1442973881,1493.11,0.0027,ASK
1442973881,1493.01,0.043,ASK
1442973881,1493.0,0.4238,ASK
1442973883,1493.0,0.5,ASK
1442973884,1493.0,0.65,ASK
1442973885,1493.0,0.5,ASK
1442973885,1493.0,0.65,ASK
1442973887,1493.0,0.65,ASK
1442973887,1493.0,0.5,ASK
1442973888,1493.0,0.65,ASK
1442973889,1493.0,4.2982,ASK
1442973889,1493.0,0.3,ASK
1442973889,1493.0,0.7124,ASK
1442973891,1492.99,0.5,BID
1442973891,1492.99,0.65,BID
1442973891,1493.0,4.6894,BID
1442973891,1493.0,0.65,ASK
1442973892,1493.0,0.65,ASK
1442973893,1493.0,0.848,ASK
1442973894,1493.0,0.5,ASK
1442973894,1493.0,0.65,ASK
1442973895,1493.0,0.65,ASK
1442973896,1493.0,0.5,ASK
1442973896,1493.0,0.65,ASK
1442973896,1493.0,0.01,ASK
1442973897,1493.0,0.65,ASK
1442973898,1493.0,0.65,ASK
1442973899,1493.0,0.65,ASK
1442973900,1493.0,0.65,ASK
1442973901,1493.0,0.65,ASK
1442973902,1493.0,0.65,ASK
1442973903,1493.0,0.65,ASK
1442973904,1493.0,0.65,ASK
1442973904,1493.0,2.58,ASK
1442973905,1493.0,0.65,ASK
1442973906,1493.0,0.65,ASK
1442973907,1493.0,0.65,ASK
1442973908,1493.0,4.7226,ASK
1442973912,1492.99,0.65,BID
1442973912,1492.99,0.65,BID
1442973912,1493.0,0.9099,BID
1442973925,1493.0,0.5,BID
1442973927,1493.01,0.5,ASK
1442973930,1493.01,0.5,ASK
1442973931,1493.01,0.65,ASK
1442973931,1493.01,0.5,ASK
1442973935,1493.01,0.5,ASK
1442973938,1493.01,10.0,ASK
1442973939,1493.1,0.0208,BID
1442973939,1493.01,0.5,ASK
1442973940,1493.1,0.0097,BID
1442973940,1493.11,0.02,ASK
1442973941,1493.11,0.0008,ASK
1442973941,1493.01,0.2992,ASK
1442973942,1493.01,0.9062,ASK
1442973962,1493.01,0.4746,ASK
1442973962,1493.0,5.0,ASK
1442973965,1493.0,0.05,BID
1442973966,1493.0,0.648,BID
1442973966,1493.0,0.733,BID
1442973966,1493.0,0.4,BID
1442973966,1493.0,0.6698,BID
1442973966,1493.0,0.721,BID
1442973967,1493.0,0.6698,BID
1442973968,1493.0,0.6338,BID
1442973968,1493.0,0.036,BID
1442973969,1493.0,0.4386,BID
1442973970,1493.17,0.0225,BID
1442973970,1493.18,0.1321,BID
1442973973,1493.17,0.0159,BID
1442973973,1493.18,0.0066,BID
1442973973,1493.01,0.2312,ASK
1442973973,1493.01,0.0048,ASK
1442973974,1493.01,0.2312,ASK
1442973974,1493.18,0.01,BID
1442973975,1493.01,0.4338,ASK
1442973976,1493.0,0.2162,BID
1442973976,1493.18,0.0848,BID
1442973978,1493.0,0.3013,BID
1442973978,1493.0,0.1145,BID
1442973979,1493.0,0.137,BID
1442973979,1493.0,0.0972,BID
1442973981,1493.18,0.1145,BID
1442973983,1493.18,0.102,BID
1442973983,1493.33,0.0125,BID
1442973989,1493.32,0.0159,BID
1442973989,1493.33,0.2181,BID
1442973990,1493.32,6.0,BID
1442973990,1493.32,1.0,BID
1442973990,1493.32,11.226,BID
1442973996,1493.33,0.0994,BID
1442973996,1493.37,0.002,BID
1442973996,1493.38,0.0165,BID
1442973996,1493.39,0.0001,BID
1442973997,1493.39,0.097,BID
1442973999,1493.38,0.0165,BID
1442973999,1493.39,0.2329,BID
1442973999,1493.42,0.0165,BID
1442973999,1493.43,0.33,BID
1442974000,1493.44,0.0116,ASK
1442974000,1493.44,0.0685,ASK
1442974000,1493.44,0.3127,ASK
1442974008,1493.71,0.267,BID
1442974010,1493.71,0.063,BID
1442974016,1493.87,0.002,BID
1442974018,1494.0,0.267,BID
1442974019,1494.0,0.033,BID
1442974028,1494.04,0.329,BID
1442974029,1494.04,0.001,BID
1442974029,1494.05,0.329,ASK
1442974029,1494.01,0.171,ASK
1442974030,1494.01,0.096,ASK
1442974030,1494.01,0.3,ASK
1442974037,1493.88,0.0383,ASK
1442974037,1493.88,0.0712,ASK
1442974037,1493.88,0.005,ASK
1442974038,1493.88,0.082,ASK
1442974038,1493.87,0.1145,ASK
1442974039,1493.87,0.1965,ASK
1442974048,1493.87,0.267,ASK
1442974048,1493.87,8.92,ASK
1442974058,1493.54,0.005,ASK
1442974060,1493.86,0.14,BID
1442974073,1493.85,0.0282,BID
1442974073,1493.86,0.0218,BID
1442974077,1493.85,13.242,BID
1442974083,1493.85,0.02,BID
1442974099,1493.55,0.0162,ASK
1442974103,1493.55,0.02,BID
1442974114,1493.55,0.02,BID
1442974125,1493.55,0.149,BID
1442974126,1493.55,0.5169,BID
1442974126,1493.55,0.1526,BID
1442974129,1493.55,0.08,BID
1442974143,1493.55,0.08,BID
1442974156,1493.55,0.404,BID
1442974157,1493.55,0.5,BID
1442974157,1493.55,0.5,BID
1442974158,1493.55,0.5,BID
1442974159,1493.55,0.06,BID
1442974160,1493.55,0.5,BID
1442974161,1493.55,0.04,BID
1442974163,1493.55,0.177,BID
1442974167,1493.55,0.1145,BID
1442974175,1493.55,1.301,BID
1442974178,1493.55,0.0909,BID
1442974181,1493.85,0.0044,BID
1442974181,1493.85,0.02,BID
1442974181,1493.86,0.3407,BID
1442974185,1493.86,0.1475,BID
1442974185,1493.87,0.002,BID
1442974185,1493.87,0.0165,BID
1442974185,1493.87,0.033,BID
1442974185,1493.88,0.33,BID
1442974185,1493.88,0.33,BID
1442974185,1493.88,0.131,BID
1442974186,1493.87,9.0,BID
1442974186,1493.87,9.686,BID
1442974216,1493.88,0.199,BID
1442974216,1493.99,0.0369,BID
1442974216,1494.0,0.171,BID
1442974216,1494.0,0.567,BID
1442974216,1494.19,0.0165,BID
1442974216,1494.19,0.0372,BID
1442974216,1494.2,0.33,BID
1442974216,1494.2,2.6594,BID
1442974216,1494.2,2.0,BID
1442974216,1494.2,1.595,BID
1442974216,1494.2,0.1079,BID
1442974216,1494.21,0.0921,BID
1442974216,1494.21,0.2379,BID
1442974216,1494.21,0.33,BID
1442974216,1494.21,0.33,BID
1442974217,1494.3,0.199,BID
1442974218,1494.37,0.002,BID
1442974218,1494.37,0.197,BID
1442974218,1494.37,0.133,BID
1442974218,1494.39,0.066,BID
1442974218,1494.29,0.086,BID
1442974219,1494.29,0.0089,BID
1442974219,1494.39,0.4911,BID
1442974219,1494.38,11.316,BID
1442974219,1494.39,0.199,BID
1442974220,1494.39,0.0208,BID
1442974221,1494.39,4.4116,BID
1442974221,1494.54,0.33,BID
1442974221,1494.54,0.33,BID
1442974221,1494.54,0.33,BID
1442974224,1494.41,1.3926,ASK
1442974225,1494.8,0.05,BID
1442974231,1494.42,0.0949,ASK
1442974231,1494.41,0.025,ASK
1442974231,1494.41,0.025,ASK
1442974231,1494.4,0.5,ASK
1442974231,1494.4,0.2386,ASK
1442974243,1494.86,0.0949,BID
1442974243,1494.87,0.002,BID
1442974243,1494.99,0.025,BID
1442974243,1494.99,0.025,BID
1442974243,1495.0,0.3,BID
1442974243,1495.0,1.7195,BID
1442974248,1495.0,0.0684,BID
1442974249,1495.0,0.0108,BID
1442974253,1495.0,0.0108,BID
1442974256,1495.0,0.02,BID
1442974281,1495.0,0.669,BID
1442974297,1495.0,0.5,BID
1442974300,1495.0,0.5,BID
1442974307,1495.0,0.5,BID
1442974312,1495.0,1.18,BID
1442974315,1495.0,1.18,BID
1442974318,1495.0,1.18,BID
1442974331,1495.0,0.3,BID
1442974336,1495.0,1.6615,BID
1442974336,1495.0,0.0385,BID
1442974343,1495.0,0.9615,BID
1442974363,1494.99,0.96,BID
1442974363,1495.0,0.823,BID
1442974364,1495.0,0.96,BID
1442974364,1495.0,0.5,BID
1442974365,1495.0,0.475,BID
1442974366,1495.0,1.203,BID
1442974366,1495.0,0.0108,BID
1442974386,1495.0,0.5,BID
1442974417,1494.45,0.1,ASK
1442974421,1494.41,0.0131,ASK
1442974421,1494.4,0.2614,ASK
1442974421,1494.22,0.075,ASK
1442974421,1494.21,0.5,ASK
1442974421,1494.21,0.3305,ASK
1442974422,1494.44,0.0044,BID
1442974422,1494.22,5.0,ASK
1442974422,1494.22,3.0,ASK
1442974422,1494.22,9.105,ASK
1442974425,1494.41,0.1956,ASK
1442974431,1494.41,0.0744,ASK
1442974431,1494.22,0.0335,ASK
1442974431,1494.21,0.1695,ASK
1442974431,1494.21,0.5,ASK
1442974431,1494.16,0.0165,ASK
1442974431,1494.15,0.33,ASK
1442974431,1494.13,0.0165,ASK
1442974431,1494.12,0.33,ASK
1442974431,1494.09,0.33,ASK
1442974431,1494.0,0.1996,ASK
1442974433,1494.01,5.0,ASK
1442974433,1494.01,6.766,ASK
1442974486,1494.4,0.0744,BID
1442974486,1494.44,0.0156,BID
1442974507,1494.04,0.0949,ASK
1442974507,1494.03,0.497,ASK
1442974509,1494.03,0.038,BID
1442974510,1494.03,0.71,BID
1442974511,1494.03,0.0567,BID
1442974515,1494.36,0.33,BID
1442974547,1494.43,0.0949,BID
1442974547,1494.44,0.08,BID
1442974547,1494.68,0.0165,BID
1442974547,1494.69,0.2346,BID
1442974579,1494.69,0.01,BID
1442974726,1494.46,0.0949,BID
1442974727,1494.46,0.0551,BID
1442974785,1494.69,0.01,BID
1442974802,1494.69,0.0143,BID
1442974802,1494.69,0.01,BID
1442974802,1494.7,0.1497,BID
1442974858,1494.48,0.0122,ASK
1442974858,1494.47,0.0949,ASK
1442974858,1494.47,0.15,ASK
1442974858,1494.31,0.0166,ASK
1442974858,1494.31,0.0396,ASK
1442974858,1494.3,0.1867,ASK
1442974869,1494.31,0.0243,ASK
1442974869,1494.3,25.9757,ASK
1442974871,1494.67,2.0,ASK
1442974871,1494.67,18.672,ASK
1442974875,1494.3,0.6135,ASK
1442974908,1494.45,0.0572,ASK
1442974909,1494.45,0.0428,ASK
1442974924,1494.44,0.0572,BID
1442974924,1494.44,0.1,BID
1442974924,1494.69,0.0169,BID
1442974924,1494.7,0.3369,BID
1442974965,1494.69,0.0949,BID
1442974965,1494.7,0.0002,BID
1442974965,1494.76,0.0165,BID
1442974965,1494.77,0.3294,BID
1442975000,1494.77,0.0006,BID
1442975000,1494.84,0.003,BID
1442975000,1494.87,0.002,BID
1442975000,1494.98,0.048,BID
1442975000,1494.99,0.96,BID
1442975000,1494.99,0.1151,BID
1442975000,1495.0,7.5282,BID
1442975000,1495.0,3.8,BID
1442975000,1495.0,0.921,BID
1442975061,1494.97,0.005,BID
1442975061,1495.0,4.079,BID
1442975062,1495.0,0.451,ASK
1442975063,1495.0,0.5,ASK
1442975063,1495.0,0.01,ASK
1442975064,1495.0,0.65,ASK
1442975064,1495.0,0.01,ASK
1442975064,1495.0,0.984,ASK
1442975069,1494.99,0.01,BID
1442975072,1494.99,0.001,BID
1442975143,1494.99,0.639,BID
1442975143,1494.99,0.5,BID
1442975143,1495.0,0.061,ASK
1442975143,1494.69,0.1638,ASK
1442975143,1494.69,0.0164,ASK
1442975143,1494.69,0.0163,ASK
1442975159,1494.69,0.0335,BID
1442975166,1495.02,0.0165,BID
1442975166,1495.03,0.33,BID
1442975166,1495.09,0.0165,BID
1442975166,1495.1,0.33,BID
1442975166,1495.13,0.03,BID
1442975166,1495.14,0.002,BID
1442975166,1495.35,0.0162,BID
1442975166,1495.36,0.33,BID
1442975166,1495.36,0.33,BID
1442975166,1495.37,0.002,BID
1442975166,1495.37,5.283,BID
1442975185,1494.7,0.0335,ASK
1442975185,1494.7,0.0165,ASK
1442975185,1494.7,0.0165,ASK
1442975185,1494.7,0.0162,ASK
1442975185,1494.69,1.8913,ASK
1442975189,1494.74,0.5,ASK
1442975189,1494.69,0.0823,ASK
1442975189,1494.68,2.1307,ASK
1442975251,1495.36,0.02,BID
1442975296,1495.35,0.0165,BID
1442975296,1495.35,0.1435,BID
1442975296,1495.35,0.0165,BID
1442975296,1495.36,0.425,BID
1442975315,1495.35,0.491,BID
1442975327,1495.35,0.845,BID
1442975338,1495.34,1.0,BID
1442975428,1495.29,0.686,BID
1442975429,1495.29,0.01,BID
1442975432,1495.29,0.46,BID
1442975435,1495.29,0.732,BID
1442975438,1495.29,4.432,BID
1442975438,1495.29,0.253,BID
1442975451,1494.7,0.01,ASK
1442975451,1494.7,0.0165,ASK
1442975451,1494.69,0.33,ASK
1442975451,1494.69,0.1435,ASK
1442975451,1494.69,0.0365,ASK
1442975451,1494.68,3.7635,ASK
1442975463,1494.68,0.1941,ASK
1442975500,1495.34,0.1338,BID
1442975566,1495.33,0.0165,BID
1442975566,1495.34,0.33,BID
1442975566,1495.34,0.0462,BID
1442975566,1495.35,3.664,BID
1442975566,1495.37,6.7788,BID
1442975566,1495.37,0.002,BID
1442975566,1495.48,0.003,BID
1442975566,1495.5,1.0,BID
1442975566,1495.59,0.5,BID
1442975566,1495.59,0.5,BID
1442975566,1495.69,9.4595,BID
1442975584,1495.0,5.1204,ASK
1442975588,1495.0,5.1061,ASK
1442975589,1495.0,0.07,ASK
1442975592,1495.01,0.01,ASK
1442975599,1495.0,0.0455,ASK
1442975600,1495.0,0.03,ASK
1442975601,1495.0,0.1145,ASK
1442975605,1495.0,0.09,ASK
1442975606,1495.0,0.4235,ASK
1442975607,1494.99,0.0212,BID
1442975609,1494.99,0.0688,BID
1442975609,1494.99,0.0212,BID
1442975610,1494.98,4.0,BID
1442975610,1494.98,4.0,BID
1442975610,1494.98,3.279,BID
1442975630,1494.69,0.1,ASK
1442975633,1494.68,0.01,ASK
1442975664,1494.68,0.113,ASK
1442975684,1494.68,0.1,ASK
1442975688,1494.68,0.5,ASK
1442975690,1494.68,0.5,ASK
1442975692,1494.68,0.5,ASK
1442975739,1494.68,0.2646,ASK
1442975747,1494.68,0.01,ASK
1442975751,1494.68,0.02,ASK
1442975758,1494.68,0.01,ASK
1442975763,1494.68,0.283,ASK
1442975766,1494.68,0.1811,ASK
1442975766,1494.68,0.0189,ASK
1442975769,1494.68,0.213,ASK
1442975769,1494.68,0.01,ASK
1442975774,1494.68,0.0559,ASK
1442975777,1494.68,0.01,ASK
1442975785,1494.7,0.1145,ASK
1442975786,1494.8,0.19,ASK
1442975786,1494.7,0.14,ASK
1442975787,1494.7,0.0755,ASK
1442975790,1494.68,0.0222,ASK
1442975790,1494.68,0.0948,ASK
1442975791,1494.68,0.2352,ASK
1442975793,1494.56,0.003,ASK
1442975793,1494.36,0.0071,ASK
1442975794,1494.36,0.003,ASK
1442975802,1494.35,0.01,ASK
1442975803,1494.35,0.01,ASK
1442975809,1494.46,0.139,BID
1442975811,1494.46,0.191,BID
1442975814,1494.48,0.01,BID
1442975819,1494.47,0.139,ASK
1442975828,1494.67,0.117,BID
1442975828,1494.68,0.022,BID
1442975829,1494.68,0.0015,BID
1442975855,1494.68,0.1145,ASK
1442975856,1494.69,0.2545,BID
1442975856,1494.69,0.0455,BID
1442975857,1494.69,0.17,BID
1442975860,1494.7,0.01,ASK
1442975860,1494.7,0.01,ASK
1442975862,1494.7,0.01,ASK
1442975862,1494.7,0.125,ASK
1442975862,1494.7,0.135,ASK
1442975862,1494.7,0.01,ASK
1442975862,1494.7,0.115,ASK
1442975862,1494.7,0.125,ASK
1442975862,1494.7,0.125,ASK
1442975862,1494.7,0.105,ASK
1442975862,1494.7,0.02,ASK
1442975862,1494.7,0.125,ASK
1442975863,1494.7,0.185,ASK
1442975864,1494.68,0.001,ASK
1442975864,1494.48,0.0165,ASK
1442975864,1494.47,0.1076,ASK
1442975866,1494.47,0.1145,ASK
1442975868,1494.68,0.0557,BID
1442975868,1494.69,0.0693,BID
1442975868,1494.69,0.125,BID
1442975868,1494.69,0.125,BID
1442975868,1494.69,0.124,BID
1442975869,1494.69,0.0217,BID
1442975869,1494.69,0.034,BID
1442975870,1494.47,0.01,ASK
1442975871,1494.47,0.01,ASK
1442975873,1494.47,0.068,ASK
1442975874,1494.47,0.0199,ASK
1442975917,1494.32,0.004,ASK
1442975919,1494.27,0.006,BID
1442975949,1494.34,0.2802,ASK
1442975950,1494.34,0.0438,ASK
1442975951,1494.15,0.005,ASK
1442975951,1494.06,0.495,ASK
1442975964,1494.08,0.0979,ASK
1442975969,1494.29,0.09,BID
1442975970,1494.3,0.09,BID
1442975971,1494.3,0.24,BID
1442975971,1494.32,0.014,BID
1442975971,1494.33,0.2802,BID
1442975972,1494.33,0.012,ASK
1442975972,1494.36,3.0,BID
1442975972,1494.36,14.74,BID
1442975974,1494.33,0.01,ASK
1442975976,1494.37,0.002,BID
1442975976,1494.43,0.0168,BID
1442975976,1494.44,0.33,BID
1442975976,1494.46,0.078,BID
1442975988,1494.34,0.0165,ASK
1442975990,1494.33,0.01,ASK
1442975994,1494.65,0.0165,BID
1442975994,1494.66,0.33,BID
1442975994,1494.68,0.0258,BID
1442975994,1494.69,0.616,BID
1442975996,1494.69,0.2422,BID
1442975998,1494.69,0.7461,ASK
1442976037,1494.32,0.0165,ASK
1442976037,1494.31,0.33,ASK
1442976037,1494.07,0.1685,ASK
1442976037,1494.07,0.0115,ASK
1442976037,1494.07,5.1892,ASK
1442976037,1494.06,5.18,ASK
1442976037,1494.04,6.363,ASK
1442976037,1494.02,0.1922,ASK
1442976073,1494.34,0.01,ASK
1442976077,1494.34,0.164,ASK
1442976077,1494.34,0.01,ASK
1442976080,1494.34,0.146,ASK
1442976083,1494.36,0.33,ASK
1442976086,1494.02,0.304,ASK
1442976091,1494.02,0.026,ASK
1442976091,1494.02,0.002,ASK
1442976091,1494.02,0.1047,ASK
1442976095,1494.02,0.6,ASK
1442976095,1494.02,1.18,ASK
1442976095,1494.02,0.4,ASK
1442976096,1494.49,7.0,ASK
1442976096,1494.49,9.547,ASK
1442976097,1494.04,0.07,ASK
1442976098,1494.04,0.01,ASK
1442976098,1494.04,0.01,ASK
1442976099,1494.04,0.214,ASK
1442976099,1494.02,0.966,ASK
1442976100,1494.02,0.063,ASK
1442976102,1494.02,0.01,ASK
1442976104,1494.02,0.2,ASK
1442976107,1494.02,0.01,ASK
1442976107,1494.02,0.225,ASK
1442976110,1494.0,0.046,ASK
1442976117,1494.03,0.01,ASK
1442976119,1494.03,0.01,BID
1442976127,1494.05,0.283,ASK
1442976129,1494.05,0.01,ASK
1442976130,1494.32,3.0,ASK
1442976130,1494.32,15.095,ASK
1442976132,1494.05,0.027,ASK
1442976134,1494.33,0.03,BID
1442976135,1494.0,0.045,ASK
1442976137,1494.01,0.01,ASK
1442976138,1494.01,0.0092,ASK
1442976138,1494.0,0.0008,ASK
1442976140,1494.01,0.0192,BID
1442976140,1494.01,0.01,BID
1442976141,1494.17,0.0008,ASK
1442976141,1494.0,0.0086,ASK
1442976141,1494.0,0.0006,ASK
1442976141,1494.0,0.01,ASK
1442976145,1494.0,0.01,ASK
1442976151,1494.0,0.01,ASK
1442976159,1493.98,0.01,ASK
1442976161,1494.33,0.02,BID
1442976167,1494.0,0.01,ASK
1442976187,1494.02,0.149,ASK
1442976187,1494.02,0.149,ASK
1442976187,1494.02,0.032,ASK
1442976187,1494.01,0.117,ASK
1442976187,1494.01,0.149,ASK
1442976187,1494.01,0.074,ASK
1442976188,1494.01,0.0144,BID
1442976188,1494.01,0.0165,BID
1442976194,1494.0,0.32,ASK
1442976195,1494.02,0.143,ASK
1442976196,1493.99,0.111,BID
1442976199,1493.98,0.008,ASK
1442976199,1493.87,0.002,ASK
1442976208,1493.99,0.066,BID
1442976214,1494.02,0.33,ASK
1442976220,1494.0,0.01,ASK
1442976221,1494.0,0.056,ASK
1442976224,1493.97,0.01,BID
1442976230,1493.99,0.066,BID
1442976230,1494.23,0.0165,BID
1442976230,1494.24,0.3175,BID
1442976238,1494.02,0.6,BID
1442976238,1494.02,0.6,BID
1442976243,1493.72,0.0165,ASK
1442976243,1493.71,0.0995,ASK
1442976244,1493.71,0.1764,ASK
1442976246,1493.71,0.0541,ASK
1442976246,1493.67,0.0869,ASK
1442976246,1493.67,0.141,ASK
1442976248,1493.67,0.0268,ASK
1442976251,1493.67,0.0753,ASK
1442976251,1493.67,0.0576,ASK
1442976252,1493.84,0.03,BID
1442976253,1493.84,0.3,BID
1442976254,1493.85,0.015,ASK
1442976255,1493.86,0.03,BID
1442976256,1493.87,0.002,BID
1442976267,1493.87,0.028,ASK
1442976269,1493.85,0.015,ASK
1442976269,1493.85,0.023,ASK
1442976271,1493.85,0.032,ASK
1442976272,1493.85,0.275,ASK
1442976291,1493.84,0.014,BID
1442976291,1493.84,0.307,BID
1442976294,1493.85,0.321,ASK
1442976324,1493.84,0.1,BID
1442976324,1493.69,0.015,ASK
1442976325,1493.84,0.23,BID
1442976329,1493.86,0.028,BID
1442976329,1493.87,0.002,BID
1442976341,1493.87,0.0131,ASK
1442976348,1493.89,0.01,ASK
1442976354,1493.89,0.32,ASK
1442976354,1493.87,0.2869,ASK
1442976354,1493.87,0.028,ASK
1442976357,1493.85,0.1,ASK
1442976359,1493.85,0.01,ASK
1442976359,1493.85,0.0554,ASK
1442976360,1493.86,0.33,ASK
1442976361,1493.86,1.242,ASK
1442976363,1493.86,0.4722,ASK
1442976364,1493.86,0.1558,ASK
1442976383,1493.71,0.138,ASK
1442976383,1493.71,0.138,ASK
1442976383,1493.71,0.054,ASK
1442976384,1493.68,0.017,ASK
1442976384,1493.7,0.02,BID
1442976387,1493.68,0.044,ASK
1442976388,1493.7,0.138,BID
1442976390,1493.71,0.138,ASK
1442976390,1493.71,0.138,ASK
1442976390,1493.68,0.054,ASK
1442976391,1493.71,0.138,ASK
1442976391,1493.71,0.131,ASK
1442976409,1493.7,0.33,ASK
1442976409,1493.7,0.5506,ASK
1442976410,1493.7,0.3869,ASK
1442976413,1493.68,0.215,ASK
1442976425,1493.7,0.2031,BID
1442976425,1493.7,0.1269,BID
1442976426,1493.7,0.26,BID
1442976446,1493.71,0.015,ASK
1442976447,1493.71,0.0016,ASK
1442976454,1493.73,0.01,ASK
1442976460,1493.73,0.32,ASK
1442976489,1493.82,0.0165,BID
1442976489,1493.83,0.3235,BID
1442976492,1493.83,0.0065,BID
1442976492,1493.85,0.0035,BID
1442976497,1493.8,0.02,BID
1442976518,1493.79,0.0155,BID
1442976518,1493.8,0.31,BID
1442976518,1493.85,0.1557,BID
1442976518,1493.87,0.0136,BID
1442976518,1493.87,0.002,BID
1442976518,1493.99,0.06,BID
1442976518,1493.99,0.092,BID
1442976518,1494.0,1.2,BID
1442976518,1494.01,0.0104,BID
1442976518,1494.02,0.2082,BID
1442976518,1494.18,0.33,BID
1442976518,1494.24,0.002,BID
1442976518,1494.27,0.33,BID
1442976518,1494.3,0.33,BID
1442976518,1494.32,0.12,BID
1442976518,1494.34,3.1584,BID
1442976518,1494.37,0.002,BID
1442976518,1494.4,2.226,BID
1442976570,1494.32,0.12,BID
1442976579,1494.04,0.24,ASK
1442976597,1494.44,0.0165,BID
1442976597,1494.45,0.3295,BID
1442976622,1494.32,0.12,BID
1442976633,1494.43,0.121,BID
1442976634,1494.42,0.0165,BID
1442976634,1494.43,0.209,BID
1442976637,1494.44,0.0148,ASK
1442976641,1494.44,0.01,ASK
1442976659,1494.44,0.0797,ASK
1442976659,1494.44,0.3293,ASK
1442976660,1494.44,0.0007,ASK
1442976662,1494.36,0.0165,ASK
1442976664,1494.35,0.0235,ASK
1442976667,1494.38,0.33,ASK
1442976678,1494.42,0.0205,BID
1442976678,1494.43,0.3795,BID
1442976678,1494.43,0.0295,BID
1442976678,1494.45,0.0005,BID
1442976678,1494.46,0.0155,BID
1442976678,1494.47,0.31,BID
1442976695,1494.51,0.0165,BID
1442976695,1494.52,0.3085,BID
1442976716,1494.43,0.0205,ASK
1442976718,1493.74,0.063,BID
1442976718,1493.74,1.4056,BID
1442976719,1493.75,0.0634,ASK
1442976719,1493.75,0.2666,ASK
1442976722,1494.39,1.0,ASK
1442976722,1494.39,8.0,ASK
1442976722,1494.39,7.875,ASK
1442976724,1494.39,0.0165,BID
1442976724,1494.4,0.3135,BID
1442976743,1493.76,0.0335,ASK
1442976743,1493.76,0.092,ASK
1442976745,1493.76,0.6,BID
1442976745,1493.76,2.0,BID
1442976745,1493.76,0.157,BID
1442976745,1493.76,0.0208,BID
1442976745,1493.76,3.1018,BID
1442976747,1494.4,0.0165,BID
1442976747,1494.42,0.0205,BID
1442976747,1494.65,0.0165,BID
1442976747,1494.66,0.33,BID
1442976747,1494.69,0.0257,BID
1442976747,1494.7,0.9375,BID
1442976747,1494.76,1.2333,BID
1442976751,1494.39,0.03,BID
1442976761,1494.58,0.02,ASK
1442976781,1494.83,0.04,BID
1442976783,1494.83,0.29,BID
1442976783,1494.84,0.004,BID
1442976783,1494.85,0.07,BID
1442976783,1494.87,0.002,BID
1442976783,1494.96,0.33,BID
1442976784,1494.96,0.04,ASK
1442976787,1494.17,7.0,BID
1442976787,1494.17,10.0,BID
1442976787,1494.17,1.346,BID
1442976795,1494.82,0.01,BID
1442976798,1494.87,0.01,ASK
1442976798,1494.18,0.01,ASK
1442976800,1494.2,4.0,ASK
1442976800,1494.2,10.85,ASK
1442976849,1494.04,0.005,ASK
1442976851,1494.04,0.33,BID
1442976851,1494.04,0.231,BID
1442976852,1494.04,0.404,BID
1442976867,1494.06,0.0335,ASK
1442976867,1494.05,0.2653,ASK
1442976867,1494.05,0.404,ASK
1442976869,1494.04,0.4,BID
1442976870,1494.04,0.5,BID
1442976870,1494.04,0.01,BID
1442976871,1494.04,0.6693,BID
1442976872,1494.04,0.5,BID
1442976873,1494.04,0.6693,BID
1442976873,1494.04,0.6693,BID
1442976874,1494.04,0.6693,BID
1442976876,1494.04,0.6693,BID
1442976877,1494.04,0.6693,BID
1442976878,1494.04,0.6693,BID
1442976878,1494.04,0.02,BID
1442976879,1494.04,0.1657,BID
1442976879,1494.05,0.5036,BID
1442976880,1494.05,0.4964,BID
1442976899,1494.82,0.01,BID
1442976899,1494.83,0.005,BID
1442976899,1494.86,0.015,BID
1442976902,1494.86,0.0185,BID
1442976902,1494.86,0.092,BID
1442976902,1494.87,0.0375,BID
1442976903,1494.87,0.073,BID
1442976904,1494.87,0.14,BID
1442976907,1494.1,0.086,ASK
1442976907,1494.87,0.2,BID
1442976924,1494.87,0.02,BID
1442976926,1494.86,4.0,BID
1442976926,1494.86,12.969,BID
1442976948,1494.87,0.107,BID
1442976949,1494.87,0.05,BID
1442976958,1494.14,0.0165,ASK
1442976958,1494.13,0.33,ASK
1442976958,1494.11,0.0122,ASK
1442976958,1494.1,0.244,ASK
1442976958,1494.08,0.005,ASK
1442976958,1494.07,0.0248,ASK
1442976958,1494.06,0.4964,ASK
1442976958,1494.05,0.1729,ASK
1442976960,1494.87,3.3296,BID
1442976960,1494.89,3.359,BID
1442976967,1494.86,0.005,BID
1442976967,1494.88,0.005,BID
1442976992,1494.87,0.0122,BID
1442976992,1494.87,0.0078,BID
1442977024,1493.87,0.0165,ASK
1442977024,1493.87,0.01,ASK
1442977024,1493.86,0.2234,ASK
1442977055,1493.89,0.0165,ASK
1442977055,1493.88,0.33,ASK
1442977055,1493.86,0.1066,ASK
1442977055,1493.82,0.005,ASK
1442977055,1493.78,0.0215,ASK
1442977055,1493.77,0.5,ASK
1442977055,1493.74,0.002,ASK
1442977055,1493.67,0.01,ASK
1442977055,1493.67,0.092,ASK
1442977055,1493.66,0.0165,ASK
1442977055,1493.65,0.3046,ASK
1442977068,1494.78,0.005,BID
1442977068,1494.81,0.005,BID
1442977086,1493.68,0.0168,ASK
1442977086,1493.67,0.005,ASK
1442977086,1493.67,0.2382,ASK
1442977093,1493.69,0.01,ASK
1442977093,1493.67,0.02,ASK
1442977097,1494.72,0.005,BID
1442977097,1494.75,0.0165,BID
1442977117,1493.69,0.005,ASK
1442977117,1493.65,0.0254,ASK
1442977117,1493.42,0.033,ASK
1442977117,1493.41,0.1176,ASK
1442977117,1493.41,0.181,ASK
1442977117,1493.41,0.181,ASK
1442977117,1493.41,0.0204,ASK
1442977117,1493.41,0.0165,ASK
1442977117,1493.4,0.1441,ASK
1442977117,1493.4,0.181,ASK
1442977117,1493.4,0.0049,ASK
1442977118,1493.33,0.0165,ASK
1442977118,1493.32,0.1319,ASK
1442977121,1493.4,0.121,BID
1442977122,1493.4,0.181,BID
1442977122,1493.4,0.036,ASK
1442977129,1493.43,0.1,ASK
1442977130,1493.43,0.23,ASK
1442977132,1493.41,0.0283,ASK
1442977133,1493.41,0.566,ASK
1442977134,1493.41,0.0753,ASK
1442977134,1493.41,0.5747,ASK
1442977135,1493.41,0.0949,ASK
1442977135,1493.32,0.1981,ASK
1442977135,1493.18,0.33,ASK
1442977135,1493.14,0.004,ASK
1442977135,1493.08,0.33,ASK
1442977135,1493.07,0.33,ASK
1442977135,1493.0,0.3,ASK
1442977135,1493.0,1.5079,ASK
1442977136,1493.0,0.01,ASK
1442977139,1493.37,0.05,BID
1442977139,1493.39,0.0465,BID
1442977139,1493.39,0.0165,BID
1442977139,1493.4,0.5051,BID
1442977139,1493.4,0.65,BID
1442977139,1493.4,0.5949,BID
1442977139,1493.4,0.0584,BID
1442977139,1493.41,0.0786,BID
1442977144,1493.42,0.1,BID
1442977144,1493.42,0.122,BID
1442977149,1493.02,0.025,ASK
1442977149,1493.01,0.075,ASK
1442977155,1493.02,0.0297,ASK
1442977155,1493.01,0.0703,ASK
1442977157,1493.04,0.1,ASK
1442977159,1493.04,0.23,ASK
1442977159,1493.01,0.3547,ASK
1442977159,1493.01,0.074,ASK
1442977159,1493.01,0.071,ASK
1442977159,1493.0,1.251,ASK
1442977162,1493.0,0.65,ASK
1442977163,1493.02,0.23,BID
1442977163,1493.03,0.13,BID
1442977163,1493.38,0.0104,BID
1442977163,1493.39,0.33,BID
1442977163,1493.41,0.01,BID
1442977163,1493.41,0.0104,BID
1442977163,1493.42,0.208,BID
1442977163,1493.56,0.002,BID
1442977163,1493.62,0.02,BID
1442977163,1493.73,0.0165,BID
1442977163,1493.74,0.33,BID
1442977163,1493.8,0.7027,BID
1442977163,1493.0,0.65,ASK
1442977164,1493.0,0.1,ASK
1442977165,1493.03,0.23,ASK
1442977165,1493.02,0.5,ASK
1442977165,1493.0,0.48,ASK
1442977167,1493.0,0.1,ASK
1442977167,1493.04,0.5,ASK
1442977167,1493.0,0.3808,ASK
1442977168,1493.0,3.0,ASK
1442977168,1493.0,0.7956,ASK
1442977170,1493.01,0.5,ASK
1442977170,1493.0,0.4454,ASK
1442977171,1493.0,0.1,ASK
1442977171,1493.0,0.0293,ASK
1442977171,1493.0,0.0707,ASK
1442977171,1493.59,5.0,ASK
1442977171,1493.59,16.066,ASK
1442977171,1493.01,0.1,ASK
1442977171,1493.01,0.0758,ASK
1442977171,1493.0,0.0242,ASK
1442977171,1493.0,0.1,ASK
1442977172,1493.0,0.1,ASK
1442977175,1493.01,0.4352,ASK
1442977175,1493.01,0.0648,ASK
1442977175,1493.0,1.9161,ASK
1442977176,1493.0,0.3292,ASK
1442977176,1493.0,0.7598,ASK
1442977176,1492.87,0.002,ASK
1442977176,1492.75,0.33,ASK
1442977176,1492.69,0.33,ASK
1442977176,1492.57,0.002,ASK
1442977176,1492.36,0.0931,ASK
1442977188,1492.37,0.5,ASK
1442977188,1492.36,0.2369,ASK
1442977188,1492.31,2.6031,ASK
1442977188,1492.31,2.5947,ASK
1442977188,1492.3,0.7453,ASK
1442977188,1492.3,3.34,ASK
1442977188,1492.3,1.9147,ASK
1442977189,1492.0,0.03,ASK
1442977190,1492.0,0.02,ASK
1442977190,1492.3,0.33,BID
1442977190,1492.0,0.01,ASK
1442977190,1492.3,0.5,BID
1442977191,1492.0,0.2399,ASK
1442977193,1492.29,0.1044,BID
1442977193,1492.29,0.0208,BID
1442977193,1492.29,0.0714,BID
1442977193,1492.3,0.5953,BID
1442977193,1492.3,1.2081,BID
1442977193,1492.28,8.0,BID
1442977193,1492.28,1.404,BID
1442977194,1492.29,0.01,BID
1442977194,1492.3,0.49,BID
1442977194,1492.3,0.6439,BID
1442977202,1492.47,0.01,ASK
1442977214,1493.17,0.003,BID
1442977310,1493.16,0.01,BID
1442977310,1493.17,1.99,BID
1442977310,1493.17,0.01,BID
1442977310,1493.18,0.5398,ASK
1442977312,1493.18,0.65,ASK
1442977313,1493.18,0.65,ASK
1442977314,1493.2,0.33,ASK
1442977314,1493.18,0.1502,ASK
1442977317,1493.17,0.1698,BID
1442977317,1493.17,0.0002,BID
1442977317,1493.17,0.15,BID
1442977317,1493.3,0.33,BID
1442977317,1493.37,0.002,BID
1442977317,1493.48,3.36,BID
1442977317,1493.48,0.01,BID
1442977317,1493.48,0.63,BID
1442977318,1493.66,0.32,BID
1442977319,1493.66,0.01,BID
1442977320,1493.68,10.0,BID
1442977320,1493.68,7.672,BID
1442977320,1493.67,0.32,ASK
1442977320,1493.49,0.6317,ASK
1442977320,1493.78,0.5,BID
1442977321,1493.49,0.65,ASK
1442977321,1493.49,1.5683,ASK
1442977321,1493.49,1.0117,ASK
1442977322,1493.49,1.9883,ASK
1442977322,1493.49,0.0117,ASK
1442977322,1493.78,0.01,BID
1442977322,1493.78,0.5,BID
1442977323,1493.78,0.936,BID
1442977323,1493.78,0.047,BID
1442977324,1493.78,1.529,BID
1442977326,1493.78,0.244,BID
1442977326,1493.78,1.4284,BID
1442977326,1493.86,0.002,BID
1442977326,1493.87,0.002,BID
1442977326,1493.99,18.2174,BID
1442977326,1493.99,0.72,BID
1442977327,1493.5,0.01,ASK
1442977329,1493.99,0.1667,BID
1442977329,1493.99,0.0014,BID
1442977331,1493.99,0.1281,BID
1442977332,1493.99,0.33,BID
1442977332,1494.0,0.089,BID
1442977333,1493.5,0.0244,ASK
1442977333,1493.49,0.4883,ASK
1442977334,1493.47,7.0,ASK
1442977334,1493.47,6.451,ASK
1442977334,1493.48,0.0244,BID
1442977335,1493.48,0.276,BID
1442977335,1493.48,0.276,BID
1442977335,1493.48,0.556,BID
1442977335,1493.48,0.276,BID
1442977335,1493.48,0.276,BID
1442977335,1493.48,0.14,BID
1442977336,1493.48,0.01,BID
1442977336,1493.48,0.6696,BID
1442977338,1493.77,0.01,BID
1442977338,1493.58,0.059,ASK
1442977338,1493.49,0.271,ASK
1442977339,1493.77,0.01,BID
1442977344,1493.57,0.059,BID
1442977345,1493.59,2.0,BID
1442977345,1493.59,5.0,BID
1442977345,1493.59,2.947,BID
1442977347,1493.77,0.072,BID
1442977347,1493.79,0.0165,BID
1442977347,1493.8,0.2415,BID
1442977348,1493.8,0.0885,BID
1442977348,1493.87,0.002,BID
1442977348,1493.97,0.0105,ASK
1442977350,1493.98,0.0105,BID
1442977350,1493.99,0.21,BID
1442977350,1493.99,0.0005,BID
1442977352,1493.99,0.01,BID
1442977352,1494.0,0.2,BID
1442977358,1494.0,0.011,BID
1442977360,1494.0,0.01,ASK
1442977390,1494.0,0.19,BID
1442977391,1493.82,0.01,BID
1442977392,1494.01,0.0885,ASK
1442977393,1494.02,0.0949,ASK
1442977393,1494.01,0.0431,ASK
1442977394,1494.01,0.04,ASK
1442977395,1494.03,0.058,ASK
1442977396,1494.03,0.0484,ASK
1442977397,1494.03,0.01,ASK
1442977397,1494.03,0.135,ASK
1442977397,1494.03,0.0786,ASK
1442977397,1494.01,0.0084,ASK
1442977400,1493.81,0.0316,ASK
1442977401,1493.81,0.0569,ASK
1442977401,1493.78,0.072,ASK
1442977401,1493.69,0.0165,ASK
1442977401,1493.68,0.0746,ASK
1442977403,1493.8,0.02,BID
1442977412,1493.69,0.0128,ASK
1442977412,1493.68,0.2552,ASK
1442977424,1493.79,0.01,BID
1442977424,1493.8,0.01,BID
1442977425,1493.68,0.0002,ASK
1442977425,1493.58,0.0011,ASK
1442977434,1493.6,0.33,ASK
1442977434,1493.58,0.0579,ASK
1442977434,1493.57,0.0001,BID
1442977435,1493.77,0.0165,BID
1442977435,1493.78,0.0135,BID
1442977435,1493.61,0.0164,ASK
1442977444,1493.59,0.1,BID
1442977445,1493.59,0.2136,BID
1442977467,1493.77,0.0158,BID
1442977467,1493.78,0.0042,BID
1442977485,1493.62,0.0783,ASK
1442977486,1493.62,0.2517,ASK
1442977487,1493.61,0.0126,BID
1442977487,1493.61,0.0157,BID
1442977489,1493.61,0.05,BID
1442977489,1493.61,0.2517,BID
1442977506,1493.75,0.0143,BID
1442977506,1493.76,0.33,BID
1442977506,1493.77,0.0126,BID
1442977506,1493.78,0.0431,BID
1442977508,1493.78,0.1295,BID
1442977512,1493.8,0.0585,BID
1442977512,1493.8,0.0569,BID
1442977512,1493.91,0.005,BID
1442977512,1493.98,0.0091,BID
1442977517,1493.98,0.0014,BID
1442977517,1493.99,0.21,BID
1442977517,1494.0,0.0806,BID
1442977519,1494.0,0.6693,BID
1442977520,1493.96,0.14,BID
1442977521,1493.96,0.19,BID
1442977521,1494.0,0.2501,BID
1442977525,1494.01,0.2292,ASK
1442977526,1494.0,0.1008,BID
1442977526,1494.02,0.2236,BID
1442977527,1494.03,0.0056,ASK
1442977527,1494.0,0.1008,BID
1442977528,1493.99,0.1228,BID
1442977545,1493.97,0.19,ASK
1442977545,1493.84,0.0165,ASK
1442977545,1493.83,0.33,ASK
1442977545,1493.81,0.1154,ASK
1442977545,1493.8,0.0135,ASK
1442977545,1493.79,0.2692,ASK
1442977545,1493.69,0.0165,ASK
1442977545,1493.68,0.33,ASK
1442977545,1493.63,0.092,ASK
1442977545,1493.62,0.3017,ASK
1442977545,1493.6,0.1,ASK
1442977545,1493.6,0.2136,ASK
1442977545,1493.48,0.33,ASK
1442977545,1493.35,0.0966,ASK
1442977551,1493.35,0.112,ASK
1442977551,1493.35,0.101,ASK
1442977554,1493.35,0.0204,ASK
1442977554,1493.35,0.3296,ASK
1442977595,1493.98,0.0078,BID
1442977605,1493.37,0.33,ASK
1442977610,1493.35,0.0004,ASK
1442977610,1493.32,0.1196,ASK
1442977631,1493.66,0.01,BID
1442977655,1493.33,0.01,ASK
1442977655,1493.32,0.0004,ASK
1442977655,1493.2,0.006,ASK
1442977655,1493.17,0.0451,ASK
1442977662,1493.87,0.002,BID
1442977662,1494.0,0.008,BID
1442977678,1493.28,0.002,ASK
1442977678,1493.21,0.1902,ASK
1442977739,1493.42,0.001,ASK
1442977804,1493.47,0.06,ASK
1442977820,1493.51,0.0507,ASK
1442977820,1493.49,0.33,ASK
1442977820,1493.46,0.4193,BID
1442977846,1493.95,0.0147,BID
1442977846,1493.96,0.0553,BID
1442977861,1493.92,0.001,BID
1442977863,1493.92,0.0155,BID
1442977863,1493.93,0.2845,BID
1442977864,1493.93,0.0455,BID
1442977864,1493.95,0.0105,BID
1442977864,1493.96,0.002,BID
1442977884,1493.96,0.034,BID
1442977886,1493.96,0.14,BID
1442977890,1493.94,0.111,BID
1442977895,1493.94,0.13,BID
1442977901,1493.94,0.089,BID
1442977901,1493.96,0.0987,BID
1442977927,1493.99,0.21,BID
1442977927,1494.0,0.012,BID
1442977927,1494.01,0.09,BID
1442977932,1494.11,0.33,BID
1442977932,1494.12,0.0949,BID
1442977932,1494.13,0.001,BID
1442977932,1494.15,0.14,BID
1442977932,1494.28,0.33,BID
1442977932,1494.3,0.2841,BID
1442977933,1494.13,5.0,BID
1442977933,1494.13,1.738,BID
1442977934,1494.12,0.33,ASK
1442977934,1494.03,0.33,ASK
1442977934,1493.95,0.0603,ASK
1442977934,1494.29,2.0,BID
1442977934,1494.29,3.0,BID
1442977934,1494.29,12.41,BID
1442977936,1494.13,0.0165,ASK
1442978022,1493.99,0.02,BID
1442978024,1493.97,0.33,BID
1442978024,1493.99,0.072,BID
1442978024,1494.0,1.119,BID
1442978026,1493.96,0.1635,ASK
1442978026,1493.96,0.1188,ASK
1442978027,1493.96,0.0658,ASK
1442978027,1493.95,0.2823,ASK
1442978028,1494.0,0.02,BID
1442978028,1493.95,0.3481,ASK
1442978029,1493.95,0.65,ASK
1442978030,1493.95,0.65,ASK
1442978031,1493.95,0.65,ASK
1442978033,1493.95,0.65,ASK
1442978035,1493.95,0.65,ASK
1442978036,1493.95,0.65,ASK
1442978037,1493.95,0.4193,ASK
1442978037,1493.95,0.65,ASK
1442978040,1493.99,0.1,BID
1442978042,1493.99,0.2324,BID
1442978042,1494.0,0.1,BID
1442978043,1493.99,0.0157,BID
1442978043,1494.0,0.2167,BID
1442978044,1494.0,0.02,BID
1442978044,1494.0,0.6693,BID
1442978046,1493.99,0.0157,BID
1442978054,1493.99,0.0008,BID
1442978054,1494.0,2.8422,BID
1442978055,1494.0,0.2,BID
1442978055,1494.0,0.131,BID
1442978056,1494.0,0.6693,BID
1442978057,1494.0,0.6693,BID
1442978058,1494.0,0.6693,BID
1442978060,1494.0,0.04,BID
1442978060,1494.0,0.6693,BID
1442978061,1494.0,0.21,BID
1442978061,1494.0,0.6693,BID
1442978061,1493.98,0.01,ASK
1442978061,1493.97,0.0157,ASK
1442978061,1493.97,0.0157,ASK
1442978061,1493.97,0.1643,ASK
1442978061,1493.96,0.9743,ASK
1442978062,1494.0,0.1853,BID
1442978062,1494.01,0.0157,ASK
1442978062,1494.01,0.0157,ASK
1442978064,1494.01,0.4526,ASK
1442978064,1493.97,0.0165,ASK
1442978064,1493.96,1.5309,ASK
1442978065,1494.09,0.329,BID
1442978066,1494.08,0.01,BID
1442978067,1494.08,0.0065,BID
1442978067,1494.09,0.001,BID
1442978067,1494.1,0.0157,BID
1442978069,1494.11,0.221,BID
1442978069,1494.11,0.0925,BID
1442978070,1494.26,0.0165,BID
1442978070,1494.27,0.1835,BID
1442978079,1494.27,0.02,BID
1442978080,1494.27,0.103,BID
1442978080,1494.27,0.0235,BID
1442978080,1494.3,0.0459,BID
1442978080,1494.34,0.0165,BID
1442978080,1494.35,0.1091,BID
1442978088,1494.34,0.011,BID
1442978088,1494.35,0.2209,BID
1442978089,1494.36,0.0001,ASK
1442978110,1494.28,0.1465,ASK
1442978110,1494.13,0.0157,ASK
1442978110,1494.12,0.3135,ASK
1442978110,1494.11,0.0153,ASK
1442978110,1494.1,0.3068,ASK
1442978110,1494.04,0.0165,ASK
1442978110,1494.04,0.092,ASK
1442978110,1494.03,0.33,ASK
1442978110,1493.96,1.4764,ASK
1442978113,1494.27,0.146,BID
1442978114,1494.27,0.0005,BID
1442978116,1494.34,0.0165,BID
1442978116,1494.35,0.2695,BID
1442978117,1494.35,0.0605,BID
1442978147,1494.36,0.0314,ASK
1442978148,1494.36,0.0291,ASK
1442978189,1494.12,0.01,ASK
1442978189,1494.11,0.033,ASK
1442978189,1494.11,0.0016,ASK
1442978199,1494.12,0.0264,ASK
1442978202,1494.13,0.01,ASK
1442978202,1494.11,0.0099,ASK
1442978202,1494.11,0.0165,ASK
1442978202,1494.11,0.0585,BID
1442978203,1494.14,0.0949,ASK
1442978206,1494.14,0.1766,ASK
1442978209,1494.13,0.01,BID
1442978209,1494.13,0.2615,BID
1442978209,1494.14,0.1766,BID
1442978209,1494.34,0.0165,BID
1442978209,1494.34,0.0264,BID
1442978209,1494.35,0.33,BID
1442978209,1494.37,0.002,BID
1442978209,1494.43,0.0165,BID
1442978209,1494.44,0.33,BID
1442978209,1494.52,0.003,BID
1442978209,1494.61,0.147,BID
1442978209,1494.62,0.33,BID
1442978209,1494.63,0.33,BID
1442978209,1494.64,0.0305,BID
1442978210,1494.1,5.8975,ASK
1442978210,1494.64,0.2995,BID
1442978210,1494.65,0.0011,BID
1442978210,1494.7,0.33,BID
1442978210,1494.77,0.33,BID
1442978210,1494.82,0.002,BID
1442978210,1494.96,0.2174,BID
1442978210,1494.72,8.0,BID
1442978210,1494.72,5.0,BID
1442978210,1494.72,2.573,BID
1442978211,1494.71,0.5,ASK
1442978211,1494.14,0.15,ASK
1442978211,1494.96,0.1126,BID
1442978211,1494.99,0.33,BID
1442978211,1494.99,2.1374,BID
1442978216,1494.99,0.5,BID
1442978216,1494.99,0.5,BID
1442978216,1494.21,0.232,ASK
1442978216,1494.2,4.6399,ASK
1442978216,1494.15,0.01,ASK
1442978216,1494.14,0.1215,ASK
1442978216,1494.11,0.0418,ASK
1442978216,1494.11,0.0165,ASK
1442978216,1494.1,0.8647,ASK
1442978218,1494.43,0.092,BID
1442978218,1494.94,0.005,BID
1442978218,1494.98,0.0165,BID
1442978218,1494.98,0.0418,BID
1442978218,1494.98,0.103,BID
1442978218,1494.99,0.2417,BID
1442978218,1494.99,0.5,BID
1442978220,1494.99,0.5,BID
1442978220,1494.99,0.5,BID
1442978221,1494.45,23.819,BID
1442978227,1494.71,0.0192,ASK
1442978234,1494.99,0.011,BID
1442978234,1494.99,0.0603,BID
1442978234,1495.0,0.3,BID
1442978234,1495.0,0.3836,BID
1442978234,1495.0,0.4251,BID
1442978238,1494.98,0.33,BID
1442978238,1494.99,0.0298,BID
1442978238,1495.0,0.5962,BID
1442978238,1495.03,0.224,BID
1442978247,1495.03,0.01,BID
1442978274,1495.0,0.33,BID
1442978274,1495.03,0.096,BID
1442978274,1495.17,0.0165,BID
1442978274,1495.18,0.0575,BID
1442978275,1495.18,0.2725,BID
1442978275,1495.35,0.0114,BID
1442978275,1495.36,0.33,BID
1442978275,1495.37,0.002,BID
1442978275,1495.42,0.004,BID
1442978275,1495.49,0.0165,BID
1442978275,1495.5,0.1361,BID
1442978276,1495.5,0.33,BID
1442978276,1495.5,0.01,BID
1442978276,1495.5,0.5,BID
1442978278,1495.5,0.02,BID
1442978278,1495.5,0.2039,BID
1442978278,1495.69,0.2961,BID
1442978280,1495.69,0.0339,BID
1442978280,1496.0,0.3,BID
1442978280,1496.0,0.1661,BID
1442978281,1496.0,0.5,BID
1442978281,1496.0,0.0114,BID
1442978283,1495.7,0.03,ASK
1442978284,1496.0,0.5,BID
1442978288,1495.71,0.015,ASK
1442978288,1495.03,0.0258,ASK
1442978288,1495.02,0.2192,ASK
1442978289,1496.0,0.355,BID
1442978289,1496.0,0.01,BID
1442978306,1495.99,0.015,BID
1442978306,1495.99,0.0258,BID
1442978306,1496.0,0.4592,BID
1442978306,1496.0,0.1555,BID
1442978306,1496.09,0.3445,BID
1442978306,1496.09,0.03,BID
1442978306,1496.09,0.04,BID
1442978307,1496.09,0.04,BID
1442978307,1496.09,0.02,BID
1442978308,1496.0,0.1,ASK
1442978309,1496.0,5.0941,ASK
1442978310,1496.1,0.288,BID
1442978310,1496.01,0.1714,ASK
1442978310,1496.0,0.4786,ASK
1442978310,1496.1,0.5,BID
1442978311,1496.1,0.6684,BID
1442978312,1496.09,0.05,BID
1442978312,1496.09,0.1214,BID
1442978312,1496.1,0.1596,BID
1442978312,1496.1,0.3,BID
1442978312,1496.1,0.6684,BID
1442978313,1496.1,0.01,BID
1442978313,1496.1,0.6684,BID
1442978314,1496.1,0.494,BID
1442978314,1496.1,2.2432,BID
1442978314,1496.29,0.5,BID
1442978314,1496.29,0.5,BID
1442978314,1496.43,0.01,BID
1442978315,1496.43,0.01,BID
1442978317,1496.43,0.48,BID
1442978317,1496.43,0.02,BID
1442978318,1496.43,0.48,BID
1442978324,1496.56,0.47,BID
1442978324,1496.61,0.008,BID
1442978324,1496.65,0.022,BID
1442978326,1496.55,0.47,BID
1442978327,1496.65,0.028,BID
1442978327,1496.66,0.068,BID
1442978327,1496.69,0.1564,BID
1442978327,1497.0,0.2476,BID
1442978332,1497.0,0.0524,BID
1442978334,1497.5,0.01,BID
1442978339,1497.37,0.04,ASK
1442978339,1497.37,0.33,ASK
1442978339,1497.36,0.37,BID
1442978339,1497.36,0.13,BID
1442978340,1497.35,0.0476,ASK
1442978340,1497.02,0.33,ASK
1442978340,1496.7,0.0165,ASK
1442978340,1496.69,0.33,ASK
1442978340,1496.66,0.028,ASK
1442978340,1496.45,0.0428,ASK
1442978340,1496.45,0.092,ASK
1442978340,1496.44,0.1883,ASK
1442978340,1496.44,0.6683,ASK
1442978342,1496.37,0.37,BID
1442978343,1496.37,0.2061,BID
1442978343,1496.97,0.2219,BID
1442978348,1496.96,0.0165,BID
1442978348,1496.96,0.0035,BID
1442978349,1496.96,0.0393,BID
1442978349,1496.97,3.9097,BID
1442978349,1496.97,0.0228,BID
1442978350,1497.36,0.04,BID
1442978351,1497.36,0.0593,BID
1442978354,1497.36,0.09,BID
1442978355,1497.36,0.1807,BID
1442978355,1497.48,0.0193,BID
1442978355,1497.48,0.37,BID
1442978356,1497.48,0.1807,BID
1442978357,1497.48,1.63,BID
1442978357,1497.49,0.1807,BID
1442978358,1497.49,0.215,BID
1442978359,1497.49,0.37,BID
1442978359,1497.49,20.0,BID
1442978359,1497.49,7.0841,BID
1442978360,1497.49,0.09,BID
1442978360,1497.49,0.4,BID
1442978360,1497.49,6.0134,BID
1442978361,1497.49,5.6768,BID
1442978361,1497.5,0.717,BID
1442978362,1497.5,0.6678,BID
1442978362,1497.5,7.0841,BID
1442978363,1497.5,3.0,BID
1442978363,1497.5,0.576,BID
1442978363,1497.49,0.5571,ASK
1442978364,1497.5,0.01,BID
1442978364,1497.5,0.6678,BID
1442978364,1497.49,0.5,ASK
1442978364,1497.49,1.2488,ASK
1442978364,1497.49,0.5,ASK
1442978364,1497.49,0.2,ASK
1442978365,1497.38,1.0342,BID
1442978365,1497.5,6.0499,BID
1442978365,1497.5,0.6678,BID
1442978365,1497.5,0.1,BID
1442978365,1497.49,0.032,BID
1442978365,1497.5,0.018,BID
1442978366,1497.5,0.01,BID
1442978366,1497.5,0.575,BID
1442978366,1497.5,0.6678,BID
1442978366,1497.5,5.992,BID
1442978366,1497.5,0.6678,BID
1442978367,1497.5,0.04,BID
1442978367,1497.5,0.076,BID
1442978367,1497.5,0.02,BID
1442978367,1497.5,0.011,BID
1442978368,1497.5,2.751,BID
1442978369,1497.5,0.373,BID
1442978369,1497.5,0.9159,BID
1442978369,1497.5,2.977,BID
1442978369,1497.5,0.991,BID
1442978370,1497.5,0.11,BID
1442978370,1497.49,0.092,ASK
1442978370,1497.5,0.6678,BID
1442978371,1497.5,0.087,BID
1442978371,1497.5,0.6678,BID
1442978371,1497.5,1.8318,BID
1442978371,1497.5,1.0479,BID
1442978373,1497.67,0.01,BID
1442978373,1497.68,0.186,BID
1442978373,1497.68,0.004,BID
1442978373,1497.69,0.016,BID
1442978374,1497.69,1.8318,BID
1442978375,1497.69,0.5,BID
1442978376,1497.69,0.01,BID
1442978377,1497.6,0.124,ASK
1442978379,1497.67,0.01,BID
1442978379,1497.67,0.02,BID
1442978380,1497.67,0.09,BID
1442978380,1497.67,0.02,BID
1442978380,1497.67,0.19,BID
1442978380,1497.69,2.6422,BID
1442978381,1498.0,0.3,BID
1442978381,1498.02,0.33,BID
1442978381,1498.2,1.37,BID
1442978385,1498.2,2.0,BID
1442978386,1498.2,0.2,BID
1442978387,1498.19,5.0,BID
1442978387,1498.19,0.6675,BID
1442978387,1498.19,3.2425,BID
1442978387,1498.2,0.7575,BID
1442978387,1498.2,0.02,BID
1442978388,1498.2,0.6675,BID
1442978389,1498.03,0.025,ASK
1442978389,1498.02,0.5,ASK
1442978389,1498.0,0.5,ASK
1442978389,1497.8,3.3647,ASK
1442978390,1498.01,0.025,ASK
1442978391,1497.99,0.2,BID
1442978391,1497.99,0.0947,BID
1442978391,1497.99,0.1803,BID
1442978391,1498.19,0.025,BID
1442978391,1498.2,0.2947,BID
1442978392,1498.19,0.025,BID
1442978392,1498.2,0.025,BID
1442978392,1498.2,0.025,BID
1442978393,1498.2,0.025,BID
1442978394,1498.2,0.5,BID
1442978394,1498.2,0.01,BID
1442978396,1498.19,0.0947,BID
1442978396,1498.2,0.4053,BID
1442978396,1498.2,0.01,BID
1442978397,1498.2,0.025,BID
1442978398,1498.2,0.5,BID
1442978399,1498.2,0.094,BID
1442978399,1498.2,0.23,BID
1442978400,1498.2,0.841,BID
1442978404,1498.35,0.33,BID
1442978404,1498.4,0.511,BID
1442978407,1498.4,0.02,BID
1442978407,1498.4,0.276,BID
1442978408,1498.4,0.6674,BID
1442978409,1498.4,0.6674,BID
1442978410,1498.4,0.5,BID
1442978410,1498.4,0.6674,BID
1442978411,1498.4,0.062,BID
1442978411,1498.4,0.6674,BID
1442978412,1498.4,3.9614,BID
1442978413,1499.0,0.08,BID
1442978416,1499.0,0.22,BID
1442978416,1499.0,0.4,BID
1442978416,1499.0,0.063,BID
1442978418,1499.0,0.02,BID
1442978418,1499.0,4.0,BID
1442978423,1498.99,1.424,BID
1442978426,1498.99,0.33,BID
1442978427,1498.99,0.6671,BID
