timestamp,price,amount,side
1443655363,1528.54,0.0449,ASK
1443655363,1528.0,0.1611,ASK
1443655365,1528.53,0.01,BID
1443655374,1528.0,7.5996,ASK
1443655395,1527.93,0.004,ASK
1443655395,1527.8,0.001,ASK
1443655395,1527.64,0.016,ASK
1443655397,1527.53,0.0788,BID
1443655410,1527.54,0.0788,ASK
1443655410,1527.53,0.4072,ASK
1443655413,1527.53,0.0928,ASK
1443655413,1527.53,0.0402,ASK
1443655420,1527.53,0.028,ASK
1443655426,1527.53,0.0998,ASK
1443655426,1527.53,0.0285,ASK
1443655456,1527.54,0.0998,ASK
1443655469,1527.55,0.146,ASK
1443655469,1527.55,0.354,ASK
1443655469,1527.54,0.13,ASK
1443655472,1527.54,0.252,ASK
1443655472,1527.54,0.5,ASK
1443655472,1528.22,0.1,BID
1443655472,1527.54,0.402,ASK
1443655473,1527.54,0.252,ASK
1443655473,1528.2,7.0,ASK
1443655473,1528.2,2.709,ASK
1443655483,1527.55,0.01,ASK
1443655484,1527.55,0.0082,ASK
1443655484,1527.54,0.0916,ASK
1443655511,1527.55,0.0136,ASK
1443655511,1527.54,0.0974,ASK
1443655514,1527.54,0.1752,ASK
1443655514,1527.52,0.04,ASK
1443655514,1527.51,0.014,ASK
1443655514,1527.42,0.019,ASK
1443655514,1527.41,0.016,ASK
1443655514,1527.4,0.018,ASK
1443655517,1527.4,0.1118,BID
1443655519,1527.41,0.1118,ASK
1443655519,1527.4,0.2499,ASK
1443655520,1527.41,0.112,ASK
1443655520,1527.41,0.112,ASK
1443655520,1527.4,0.1383,ASK
1443655521,1527.39,0.0259,BID
1443655526,1527.53,0.011,BID
1443655534,1527.53,0.0002,BID
1443655534,1527.53,0.011,BID
1443655534,1527.54,0.0998,BID
1443655534,1527.54,0.014,BID
1443655539,1527.54,0.111,BID
1443655545,1527.55,0.0998,ASK
1443655559,1527.47,0.0173,ASK
1443655569,1527.49,0.0252,ASK
1443655572,1527.46,0.0998,BID
1443655572,1527.47,0.3792,BID
1443655573,1527.47,0.0996,BID
1443655575,1527.48,0.479,ASK
1443655576,1527.49,0.024,ASK
1443655576,1527.48,0.0004,ASK
1443655578,1527.47,0.0998,ASK
1443655601,1527.34,0.012,ASK
1443655601,1527.33,0.02,ASK
1443655601,1527.29,0.001,ASK
1443655601,1527.23,0.014,ASK
1443655608,1527.2,0.052,BID
1443655609,1527.2,0.0008,BID
1443655615,1527.22,0.4971,ASK
1443655622,1527.47,0.497,BID
1443655622,1527.47,0.0001,BID
1443655622,1527.48,0.0016,BID
1443655624,1527.48,0.0249,ASK
1443655624,1527.48,0.4704,ASK
1443655624,1527.48,0.1262,ASK
1443655631,1527.21,0.011,ASK
1443655633,1527.22,0.0998,ASK
1443655657,1528.14,0.01,BID
1443655657,1528.15,0.029,BID
1443655657,1528.15,0.03,BID
1443655657,1528.16,0.031,BID
1443655663,1527.23,0.0249,ASK
1443655663,1527.23,0.0374,ASK
1443655672,1527.23,0.0409,ASK
1443655672,1527.23,0.03,ASK
1443655672,1527.23,0.031,ASK
1443655672,1527.23,0.029,ASK
1443655674,1527.23,0.2867,BID
1443655680,1527.24,0.1553,ASK
1443655681,1527.24,0.1317,ASK
1443655681,1527.24,0.0632,ASK
1443655681,1527.24,0.0713,ASK
1443655716,1527.24,0.0998,ASK
1443655723,1528.13,0.0998,BID
1443655723,1528.14,0.0702,BID
1443655740,1527.28,0.01,ASK
1443655742,1527.26,0.089,BID
1443655742,1527.26,0.0008,BID
1443655769,1528.13,0.0008,ASK
1443655771,1527.23,0.08,BID
1443655782,1527.23,0.019,BID
1443655796,1527.22,0.0998,ASK
1443655808,1528.0,0.0216,BID
1443655827,1527.23,0.099,BID
1443655828,1527.23,0.0008,BID
1443655833,1527.25,0.02,ASK
1443655833,1527.25,0.1245,ASK
1443655839,1527.22,0.1,BID
1443655853,1527.17,0.012,ASK
1443655855,1527.12,0.0878,BID
1443655855,1527.22,0.0494,BID
1443655855,1527.22,0.2608,BID
1443655856,1527.22,0.088,BID
1443655859,1527.98,0.001,BID
1443655878,1527.23,0.0998,ASK
1443655908,1527.23,0.0998,ASK
1443655912,1527.94,0.01,BID
1443655912,1527.97,0.1253,BID
1443655917,1527.98,0.01,BID
1443655941,1527.96,0.001,ASK
1443655942,1527.24,0.0988,BID
1443655942,1527.98,0.0622,BID
1443655942,1527.99,1.0995,BID
1443655960,1527.23,0.1106,ASK
1443655960,1527.13,0.0657,ASK
1443655960,1527.11,0.011,ASK
1443655960,1527.11,0.0622,ASK
1443655960,1527.1,2.6535,ASK
1443655969,1527.23,0.099,BID
1443655970,1527.23,0.0008,BID
1443655977,1527.99,0.0796,BID
1443655977,1528.25,0.0998,BID
1443655977,1528.3,0.001,BID
1443655977,1528.3,0.001,BID
1443655977,1528.4,0.001,BID
1443655977,1528.41,0.001,BID
1443655977,1528.41,0.001,BID
1443655977,1528.42,0.001,BID
1443655977,1528.45,0.001,BID
1443655977,1528.47,0.001,BID
1443655977,1528.49,0.001,BID
1443655977,1528.71,0.0081,BID
1443655977,1528.72,0.031,BID
1443655977,1528.79,0.001,BID
1443655977,1528.95,0.0741,BID
1443655977,1528.96,0.109,BID
1443655977,1528.96,1.4819,BID
1443655977,1528.96,0.0493,BID
1443655977,1528.96,0.0982,BID
1443655977,1528.96,0.0622,BID
1443655977,1528.97,10.74,BID
1443655979,1527.98,0.004,ASK
1443655995,1527.83,0.002,ASK
1443655995,1527.52,0.002,ASK
1443655995,1527.24,0.0958,ASK
1443656014,1527.3,0.001,ASK
1443656014,1527.25,0.0753,ASK
1443656014,1527.24,0.0032,ASK
1443656014,1527.24,0.0205,ASK
1443656014,1527.24,0.278,ASK
1443656014,1527.24,0.278,ASK
1443656015,1527.24,0.07,ASK
1443656016,1527.25,5.0,ASK
1443656016,1527.25,7.0,ASK
1443656016,1527.25,1.548,ASK
1443656022,1527.25,0.0493,ASK
1443656025,1527.25,0.05,BID
1443656026,1527.25,0.0005,BID
1443656034,1527.95,0.0011,BID
1443656050,1527.26,0.05,ASK
1443656052,1527.25,0.0498,BID
1443656061,1527.85,0.0152,BID
1443656061,1527.86,0.1353,BID
1443656061,1528.17,0.025,BID
1443656061,1528.18,0.5,BID
1443656061,1528.19,0.05,BID
1443656061,1528.8,0.001,BID
1443656061,1528.93,0.0243,BID
1443656061,1528.93,0.0743,BID
1443656061,1528.94,0.405,BID
1443656078,1527.34,0.001,ASK
1443656078,1527.34,0.0326,ASK
1443656078,1527.34,0.0662,ASK
1443656088,1527.96,0.0028,ASK
1443656088,1527.36,0.0072,ASK
1443656094,1527.37,0.01,ASK
1443656097,1527.38,0.01,ASK
1443656100,1527.38,0.01,ASK
1443656105,1527.39,0.0668,ASK
1443656105,1527.38,0.033,ASK
1443656133,1527.43,0.0998,ASK
1443656140,1528.18,0.001,BID
1443656162,1527.45,0.058,ASK
1443656169,1527.44,0.01,ASK
1443656188,1527.44,0.0998,ASK
1443656189,1527.44,0.65,ASK
1443656196,1527.45,0.0418,BID
1443656197,1528.19,0.05,BID
1443656197,1528.38,0.05,BID
1443656202,1528.17,0.0029,ASK
1443656213,1527.52,0.0998,ASK
1443656225,1527.51,5.0853,ASK
1443656247,1527.51,0.0998,ASK
1443656253,1527.92,0.0023,BID
1443656253,1527.92,0.24,BID
1443656277,1527.5,0.0998,ASK
1443656278,1527.9,0.0375,BID
1443656278,1527.91,0.5625,BID
1443656278,1527.91,0.126,BID
1443656283,1527.51,0.0375,ASK
1443656283,1527.5,20.7762,ASK
1443656306,1527.91,0.0091,BID
1443656308,1527.5,0.0998,ASK
1443656339,1527.52,0.0998,ASK
1443656358,1527.91,0.0061,BID
1443656367,1527.52,0.0998,ASK
1443656395,1527.52,0.0998,ASK
1443656415,1527.91,0.001,BID
1443656424,1527.91,0.0551,BID
1443656425,1527.52,0.0998,ASK
1443656427,1527.53,6.0,BID
1443656427,1527.53,3.757,BID
1443656453,1527.53,1.2189,ASK
1443656453,1527.52,1.6183,ASK
1443656453,1527.5,12.6007,ASK
1443656453,1527.45,0.001,ASK
1443656453,1527.35,0.001,ASK
1443656453,1527.25,0.001,ASK
1443656453,1527.25,0.001,ASK
1443656453,1527.23,0.001,ASK
1443656453,1527.21,5.8729,ASK
1443656453,1527.21,6.8511,ASK
1443656453,1527.2,0.001,ASK
1443656453,1527.17,0.001,ASK
1443656453,1527.1,10.3465,ASK
1443656453,1527.04,0.002,ASK
1443656453,1527.02,0.02,ASK
1443656453,1527.0,0.3,ASK
1443656455,1527.0,0.2936,BID
1443656461,1527.53,0.0998,BID
1443656463,1527.54,0.0002,ASK
1443656465,1527.52,0.0996,BID
1443656489,1527.91,0.001,ASK
1443656489,1526.99,0.0988,ASK
1443656518,1527.7,0.4035,BID
1443656518,1527.71,0.0005,ASK
1443656520,1526.97,0.001,ASK
1443656523,1526.96,0.0988,BID
1443656550,1526.98,0.0998,ASK
1443656575,1527.69,0.0071,BID
1443656576,1526.99,0.0657,ASK
1443656576,1526.98,0.01,ASK
1443656576,1526.98,0.0241,ASK
1443656582,1527.68,0.0998,BID
1443656582,1527.69,0.0155,BID
1443656582,1527.7,0.3517,BID
1443656609,1527.0,0.0998,ASK
1443656634,1527.69,0.0013,ASK
1443656634,1527.04,0.01,ASK
1443656634,1527.02,0.0885,ASK
1443656645,1527.7,0.0657,BID
1443656645,1527.85,0.005,BID
1443656645,1527.96,0.001,BID
1443656645,1527.97,0.0835,BID
1443656645,1527.97,0.0242,BID
1443656645,1527.97,0.0658,BID
1443656645,1527.98,0.001,BID
1443656645,1527.98,6.9503,BID
1443656645,1528.0,0.3,BID
1443656645,1528.0,1.2189,ASK
1443656647,1528.15,2.0,BID
1443656647,1528.15,3.949,BID
1443656648,1528.0,0.0404,ASK
1443656649,1528.01,0.1066,ASK
1443656649,1528.0,0.0887,ASK
1443656654,1528.01,1.0,ASK
1443656661,1528.02,0.0136,ASK
1443656661,1528.01,0.2189,ASK
1443656661,1528.01,0.0467,ASK
1443656661,1528.01,0.0297,ASK
1443656661,1528.0,0.6911,ASK
1443656661,1528.0,0.0998,ASK
1443656664,1528.0,1.2623,ASK
1443656667,1528.0,1.0,ASK
1443656671,1528.16,0.002,BID
1443656671,1528.23,0.001,BID
1443656671,1528.67,0.001,BID
1443656671,1528.7,0.001,BID
1443656671,1528.73,0.001,BID
1443656671,1528.75,0.001,BID
1443656671,1528.75,0.001,BID
1443656671,1528.77,0.004,BID
1443656671,1528.84,0.001,BID
1443656671,1528.87,0.0621,BID
1443656671,1528.88,0.9249,BID
1443656675,1528.01,0.5037,ASK
1443656675,1528.0,0.4963,ASK
1443656689,1528.01,0.062,ASK
1443656689,1528.0,0.0378,ASK
1443656691,1528.0,0.0314,ASK
1443656695,1528.0,0.115,ASK
1443656695,1528.0,0.0011,ASK
1443656699,1528.0,0.045,ASK
1443656702,1528.47,0.004,BID
1443656703,1528.01,10.0,BID
1443656703,1528.01,7.313,BID
1443656706,1528.01,0.0544,ASK
1443656706,1528.0,0.0456,ASK
1443656712,1528.0,0.03,ASK
1443656717,1528.0,0.0998,ASK
1443656718,1528.0,0.01,ASK
1443656723,1528.0,0.01,ASK
1443656727,1528.0,0.05,ASK
1443656728,1528.0,0.01,ASK
1443656735,1528.0,0.04,ASK
1443656744,1528.0,0.0998,ASK
1443656747,1528.39,0.1,BID
1443656752,1528.0,0.0013,ASK
1443656770,1528.0,0.0998,ASK
1443656797,1528.0,0.0998,ASK
1443656821,1528.0,0.0998,ASK
1443656839,1528.0,0.001,ASK
1443656840,1528.43,0.0037,BID
1443656853,1528.0,0.0998,ASK
1443656880,1528.0,0.0998,ASK
1443656910,1528.01,0.085,ASK
1443656910,1528.01,0.0148,ASK
1443656919,1528.0,0.0091,ASK
1443656920,1528.41,0.01,BID
1443656923,1528.0,0.0148,ASK
1443656927,1528.42,0.03,BID
1443656927,1528.45,0.0147,BID
1443656927,1528.46,0.0553,BID
1443656941,1528.0,0.0998,ASK
1443656972,1528.0,0.0675,ASK
1443656999,1527.85,0.006,ASK
1443656999,1527.8,0.0938,ASK
1443657001,1527.81,18.0,ASK
1443657001,1527.81,1.83,ASK
1443657005,1527.94,0.0023,BID
1443657029,1527.8,0.0998,ASK
1443657053,1527.8,0.0998,ASK
1443657059,1527.94,0.03,BID
1443657063,1527.95,0.01,ASK
1443657081,1527.95,0.02,ASK
1443657088,1527.83,0.001,BID
1443657106,1527.8,0.0998,ASK
1443657107,1527.8,0.03,ASK
1443657109,1527.8,0.01,ASK
1443657123,1527.83,0.0788,BID
1443657125,1527.84,0.01,ASK
1443657127,1527.84,0.01,ASK
1443657131,1527.84,0.01,ASK
1443657134,1527.84,0.0488,ASK
1443657134,1527.8,0.051,ASK
1443657156,1527.8,0.01,ASK
1443657158,1527.8,0.01,ASK
1443657161,1527.82,0.001,ASK
1443657161,1527.8,0.009,ASK
1443657164,1527.8,0.01,ASK
1443657165,1527.8,0.0998,ASK
1443657195,1527.8,0.0998,ASK
1443657226,1527.8,0.0998,ASK
1443657238,1528.41,0.001,BID
1443657243,1527.8,0.1774,ASK
1443657254,1527.7,0.001,ASK
1443657254,1527.7,0.001,ASK
1443657254,1527.54,0.002,ASK
1443657254,1527.27,0.001,ASK
1443657254,1527.26,0.001,ASK
1443657254,1527.21,0.001,ASK
1443657254,1527.05,0.001,ASK
1443657254,1527.05,0.001,ASK
1443657254,1527.05,0.001,ASK
1443657257,1527.03,0.089,BID
1443657258,1527.03,0.0008,BID
1443657262,1527.79,0.0361,BID
1443657262,1527.8,0.0639,BID
1443657275,1527.04,0.089,ASK
1443657280,1527.04,0.0108,BID
1443657283,1527.79,0.0329,BID
1443657288,1527.8,0.1,BID
1443657291,1527.8,0.5587,BID
1443657300,1527.81,0.0998,ASK
1443657301,1527.81,0.1686,ASK
1443657302,1527.81,0.1686,ASK
1443657303,1527.81,0.1217,ASK
1443657324,1527.8,0.0469,BID
1443657324,1527.94,0.002,BID
1443657327,1527.81,0.0469,ASK
1443657327,1527.79,0.0052,ASK
1443657330,1527.06,0.01,BID
1443657330,1527.06,0.0377,BID
1443657353,1527.21,0.0998,ASK
1443657377,1527.22,0.01,ASK
1443657377,1527.21,0.0898,ASK
1443657390,1527.79,0.001,ASK
1443657418,1527.12,0.0998,BID
1443657419,1527.14,9.0,BID
1443657419,1527.14,3.777,BID
1443657434,1527.14,0.0998,ASK
1443657446,1528.0,0.0011,BID
1443657461,1527.14,0.0998,ASK
1443657465,1528.0,0.0987,BID
1443657465,1528.25,0.0013,BID
1443657480,1528.24,0.03,BID
1443657489,1527.15,0.0331,ASK
1443657489,1527.14,0.0667,ASK
1443657516,1528.0,0.001,ASK
1443657516,1527.2,0.0998,ASK
1443657544,1527.14,0.0998,ASK
1443657565,1527.14,0.1,ASK
1443657567,1527.14,0.0998,ASK
1443657575,1528.17,0.001,BID
1443657585,1528.13,0.0187,BID
1443657585,1528.14,0.3637,BID
1443657585,1528.14,0.01,BID
1443657585,1528.17,0.1998,BID
1443657585,1528.18,0.0998,BID
1443657585,1528.19,0.0437,BID
1443657585,1528.2,0.2425,BID
1443657595,1527.17,0.0252,ASK
1443657595,1527.16,0.0185,ASK
1443657595,1527.16,0.0187,ASK
1443657595,1527.15,0.2116,ASK
1443657598,1527.16,0.0998,ASK
1443657622,1527.17,0.0998,ASK
1443657647,1528.18,0.0998,BID
1443657647,1528.19,0.0002,BID
1443657648,1528.19,0.0117,BID
1443657648,1528.19,0.026,BID
1443657652,1528.19,0.062,ASK
1443657653,1528.19,0.0001,ASK
1443657653,1528.15,0.001,ASK
1443657653,1527.18,0.0119,ASK
1443657653,1527.18,0.026,ASK
1443657684,1527.17,0.01,ASK
1443657684,1527.16,0.0898,ASK
1443657685,1527.16,0.0102,ASK
1443657687,1527.15,0.0115,BID
1443657687,1527.15,0.0783,BID
1443657687,1527.18,0.0557,BID
1443657688,1527.18,0.0051,BID
1443657691,1527.19,0.0115,ASK
1443657695,1528.15,0.0052,BID
1443657695,1528.18,0.0048,BID
1443657700,1527.49,0.1,BID
1443657701,1527.5,0.1,ASK
1443657701,1527.16,0.0898,ASK
1443657702,1527.16,0.01,BID
1443657703,1527.16,1.159,BID
1443657703,1527.16,0.0354,BID
1443657703,1527.16,0.6,BID
1443657703,1527.16,0.044,BID
1443657704,1527.16,0.033,BID
1443657704,1527.16,0.6548,BID
1443657705,1527.16,0.6548,BID
1443657705,1527.16,0.01,BID
1443657705,1527.16,0.4,BID
1443657706,1527.16,0.6,BID
1443657706,1527.16,0.6548,BID
1443657707,1527.16,0.6548,BID
1443657708,1527.16,0.6,BID
1443657708,1527.16,0.4332,BID
1443657710,1527.17,0.0086,ASK
1443657710,1527.18,0.2387,ASK
1443657719,1527.49,0.1,BID
1443657721,1527.49,0.1,BID
1443657722,1527.49,0.0014,ASK
1443657723,1527.5,0.0998,BID
1443657724,1527.5,0.0392,ASK
1443657726,1527.49,0.0086,BID
1443657728,1527.49,0.0522,BID
1443657745,1527.22,0.099,BID
1443657745,1527.22,0.0008,BID
1443657746,1528.18,0.01,BID
1443657746,1527.23,0.0387,ASK
1443657750,1527.49,0.0021,BID
1443657752,1527.49,0.0979,BID
1443657770,1527.56,0.0998,ASK
1443657794,1527.52,0.098,ASK
1443657799,1527.5,0.0979,ASK
1443657805,1527.49,0.0013,BID
1443657805,1527.49,0.0008,BID
1443657805,1527.49,0.0979,BID
1443657805,1527.5,0.0013,BID
1443657806,1527.5,0.0008,BID
1443657822,1527.5,0.0992,ASK
1443657824,1527.41,0.305,ASK
1443657825,1527.41,0.65,ASK
1443657825,1527.49,0.0992,BID
1443657825,1527.5,0.0006,BID
1443657825,1527.52,0.0002,BID
1443657826,1527.41,0.2648,ASK
1443657828,1527.4,0.185,BID
1443657829,1527.4,0.2002,BID
1443657829,1527.4,0.185,BID
1443657830,1527.4,0.465,BID
1443657832,1527.41,0.1897,ASK
1443657832,1527.41,0.5553,ASK
1443657833,1527.41,0.0994,ASK
1443657846,1527.23,0.0998,ASK
1443657846,1527.23,0.08,ASK
1443657846,1527.22,0.021,ASK
1443657846,1527.18,4.15,ASK
1443657846,1527.18,0.001,ASK
1443657846,1527.17,0.213,ASK
1443657846,1527.17,0.6548,ASK
1443657846,1527.16,0.1,ASK
1443657846,1527.16,0.1,ASK
1443657846,1527.16,0.1,ASK
1443657846,1527.16,0.1,ASK
1443657846,1527.11,0.02,ASK
1443657846,1527.09,0.001,ASK
1443657846,1527.07,0.001,ASK
1443657846,1527.06,0.0093,ASK
1443657846,1527.05,0.001,ASK
1443657846,1527.05,0.001,ASK
1443657846,1527.03,0.001,ASK
1443657846,1527.03,0.001,ASK
1443657846,1527.02,0.007,ASK
1443657846,1527.01,0.001,ASK
1443657846,1527.0,0.3,ASK
1443657846,1527.0,2.2957,ASK
1443657849,1527.22,0.1798,BID
1443657849,1527.23,0.0002,BID
1443657851,1527.23,0.0711,BID
1443657851,1527.39,0.01,BID
1443657861,1527.39,0.004,BID
1443657861,1527.39,0.01,BID
1443657861,1527.4,0.0903,BID
1443657861,1527.4,0.1857,BID
1443657862,1527.23,0.08,ASK
1443657863,1527.23,0.0287,ASK
1443657867,1527.22,0.002,BID
1443657867,1527.22,0.078,BID
1443657867,1527.22,0.1087,BID
1443657874,1527.23,0.0998,ASK
1443657875,1527.24,0.1887,ASK
1443657882,1527.25,0.01,ASK
1443657882,1527.24,0.01,ASK
1443657896,1527.24,0.3013,ASK
1443657896,1527.24,0.198,ASK
1443657897,1527.23,0.0889,ASK
1443657898,1527.23,0.4104,BID
1443657898,1527.24,0.1896,BID
1443657899,1527.24,0.6548,BID
1443657906,1527.24,0.41,BID
1443657906,1527.24,0.542,BID
1443657906,1527.24,0.0998,BID
1443657906,1527.4,0.004,BID
1443657906,1527.48,0.0042,BID
1443657907,1527.26,0.1007,ASK
1443657907,1527.24,0.01,ASK
1443657907,1527.22,0.0013,ASK
1443657907,1527.15,0.5,ASK
1443657907,1527.14,0.13,ASK
1443657907,1527.04,0.4645,ASK
1443657917,1527.25,0.13,ASK
1443657918,1527.25,0.5248,ASK
1443657921,1527.24,0.001,BID
1443657924,1527.23,0.0387,BID
1443657924,1527.24,0.1242,BID
1443657924,1527.24,0.6121,BID
1443657925,1527.24,0.0379,BID
1443657927,1527.4,0.0998,ASK
1443657928,1527.4,0.294,ASK
1443657928,1527.4,0.65,ASK
1443657929,1527.4,0.1,ASK
1443657929,1527.4,0.1876,ASK
1443657930,1527.25,0.311,ASK
1443657949,1527.38,0.0375,BID
1443657949,1527.39,0.4624,BID
1443657949,1527.39,0.2876,BID
1443657949,1527.48,0.0058,BID
1443657949,1527.49,0.1,BID
1443657949,1527.49,0.1,BID
1443657949,1527.49,0.1,BID
1443657949,1527.52,0.0016,BID
1443657949,1527.53,0.003,BID
1443657949,1527.84,0.002,BID
1443657949,1527.99,0.015,BID
1443657949,1528.0,0.0651,BID
1443657955,1527.39,0.0375,ASK
1443657955,1527.27,0.025,ASK
1443657955,1527.26,0.0107,ASK
1443657955,1527.26,0.0266,ASK
1443657958,1527.99,0.01,BID
1443657969,1527.98,0.0998,BID
1443657969,1527.99,0.0017,BID
1443657969,1527.99,0.01,BID
1443657969,1528.0,0.1445,BID
1443657984,1527.29,0.026,ASK
1443657984,1527.26,0.0172,ASK
1443657986,1527.26,0.0566,BID
1443657989,1527.28,0.026,BID
1443657989,1527.49,0.03,BID
1443657991,1527.49,0.056,BID
1443657992,1527.49,0.014,BID
1443657992,1527.51,1.0,BID
1443657992,1527.51,14.792,BID
1443658007,1527.99,0.0294,BID
1443658007,1527.99,0.0161,BID
1443658007,1528.0,0.0545,BID
1443658011,1527.53,0.0998,ASK
1443658012,1527.54,0.0252,ASK
1443658012,1527.53,0.0249,ASK
1443658012,1527.5,0.056,ASK
1443658012,1527.29,0.026,ASK
1443658012,1527.27,0.0566,ASK
1443658012,1527.25,0.3438,ASK
1443658012,1527.24,0.0011,ASK
1443658013,1527.19,0.0172,BID
1443658014,1527.19,1.0,BID
1443658015,1527.19,0.4813,BID
1443658019,1527.98,0.0998,BID
1443658019,1527.98,0.04,BID
1443658019,1527.99,0.0266,BID
1443658019,1527.99,0.0161,BID
1443658019,1528.0,0.0359,BID
1443658019,1528.0,0.8187,BID
1443658019,1528.18,0.0473,BID
1443658019,1528.18,0.02,BID
1443658019,1528.19,1.2198,BID
1443658019,1528.2,0.5758,BID
1443658039,1527.59,0.0241,ASK
1443658039,1527.58,0.0757,ASK
1443658045,1527.54,0.0011,ASK
1443658067,1527.55,0.025,ASK
1443658067,1527.54,0.0209,ASK
1443658071,1527.53,0.4,ASK
1443658072,1527.53,0.04,ASK
1443658074,1527.49,0.001,ASK
1443658074,1527.31,0.0538,ASK
1443658074,1527.3,1.1252,ASK
1443658075,1527.3,0.122,ASK
1443658084,1527.3,0.181,ASK
1443658084,1527.3,0.181,ASK
1443658084,1527.3,0.181,ASK
1443658084,1527.3,0.0259,ASK
1443658090,1527.2,0.155,ASK
1443658090,1527.2,0.4998,ASK
1443658090,1527.2,0.4552,ASK
1443658092,1527.2,0.087,ASK
1443658093,1527.2,0.1126,ASK
1443658093,1527.16,0.1,ASK
1443658093,1527.15,0.4224,ASK
1443658093,1527.15,0.0176,ASK
1443658093,1527.14,0.0274,ASK
1443658094,1527.14,0.4,ASK
1443658094,1527.18,8.0,ASK
1443658094,1527.18,1.0,ASK
1443658094,1527.18,4.385,ASK
1443658095,1527.14,0.112,ASK
1443658096,1527.14,0.65,ASK
1443658098,1527.14,0.0312,ASK
1443658098,1527.13,0.001,ASK
1443658098,1527.13,0.3678,BID
1443658098,1527.13,0.115,BID
1443658098,1527.18,0.02,BID
1443658098,1527.19,0.0092,BID
1443658100,1527.07,0.031,ASK
1443658103,1527.07,0.112,ASK
1443658105,1527.07,0.02,ASK
1443658107,1527.07,0.8786,ASK
1443658108,1527.13,0.65,BID
1443658111,1527.14,0.04,ASK
1443658112,1527.18,0.0022,BID
1443658112,1527.14,0.4,ASK
1443658112,1527.14,0.21,ASK
1443658112,1527.07,5.8084,ASK
1443658113,1527.05,0.65,ASK
1443658114,1527.05,0.65,ASK
1443658117,1527.05,0.19,ASK
1443658117,1527.05,1.0,ASK
1443658118,1527.12,0.0263,BID
1443658118,1527.12,0.0317,BID
1443658119,1527.05,0.134,ASK
1443658119,1527.05,0.39,ASK
1443658119,1527.05,2.255,ASK
1443658119,1527.12,0.0008,BID
1443658119,1527.13,0.058,BID
1443658121,1527.05,0.9668,ASK
1443658121,1527.0,0.0332,ASK
1443658123,1527.0,0.19,ASK
1443658124,1527.11,0.01,BID
1443658124,1527.12,0.021,BID
1443658124,1527.0,0.0768,ASK
1443658124,1526.99,0.001,ASK
1443658124,1526.97,0.4542,ASK
1443658125,1526.99,0.0317,BID
1443658126,1526.99,0.207,BID
1443658128,1526.99,0.0281,BID
1443658128,1527.0,0.2387,ASK
1443658128,1527.0,0.2668,ASK
1443658128,1526.97,0.1635,ASK
1443658131,1527.0,0.2351,ASK
1443658131,1526.99,0.028,ASK
1443658131,1526.97,0.2019,ASK
1443658135,1526.97,0.015,ASK
1443658138,1526.97,0.01,ASK
1443658139,1526.97,0.01,ASK
1443658142,1526.97,0.1,ASK
1443658142,1526.97,0.1,ASK
1443658143,1526.97,0.65,ASK
1443658146,1526.97,0.176,ASK
1443658146,1526.97,0.514,ASK
1443658148,1526.97,0.079,ASK
1443658149,1526.97,0.229,ASK
1443658149,1526.97,0.01,ASK
1443658149,1526.97,0.553,ASK
1443658149,1526.97,0.438,ASK
1443658149,1526.97,0.0998,ASK
1443658150,1526.97,0.023,ASK
1443658150,1526.97,0.3,ASK
1443658152,1526.97,0.6,ASK
1443658152,1526.97,0.4,ASK
1443658154,1526.97,0.6,ASK
1443658155,1526.97,0.128,ASK
1443658157,1526.97,0.046,ASK
1443658157,1526.97,0.6,ASK
1443658159,1526.97,0.046,ASK
1443658160,1526.97,0.281,ASK
1443658161,1526.97,0.081,ASK
1443658171,1526.97,1.0,ASK
1443658174,1526.97,0.317,ASK
1443658177,1526.97,0.01,ASK
1443658178,1526.97,0.263,ASK
1443658178,1526.97,0.0998,ASK
1443658180,1526.97,0.686,ASK
1443658183,1526.97,0.307,ASK
1443658187,1526.97,0.369,ASK
1443658187,1526.97,1.8161,ASK
1443658191,1526.97,0.263,ASK
1443658193,1526.97,0.218,ASK
1443658194,1526.97,0.01,ASK
1443658197,1526.97,1.0,ASK
1443658198,1526.98,0.0118,BID
1443658198,1526.99,0.2351,BID
1443658198,1527.1,0.0033,BID
1443658198,1527.1,0.0499,BID
1443658198,1527.11,0.2501,BID
1443658201,1527.01,0.01,ASK
1443658203,1527.01,0.0017,ASK
1443658203,1527.01,0.013,ASK
1443658203,1527.0,0.0001,ASK
1443658203,1527.0,0.0552,ASK
1443658205,1527.01,0.01,ASK
1443658205,1527.01,0.013,ASK
1443658205,1526.98,0.001,ASK
1443658205,1526.98,0.0998,ASK
1443658207,1526.97,0.02,ASK
1443658207,1526.97,0.525,ASK
1443658212,1526.97,0.488,ASK
1443658214,1526.97,0.01,ASK
1443658216,1526.97,0.013,ASK
1443658216,1526.99,0.1335,BID
1443658217,1526.99,0.1135,BID
1443658218,1527.0,0.1335,ASK
1443658218,1527.0,0.0295,ASK
1443658218,1527.0,0.01,ASK
1443658222,1527.0,0.01,ASK
1443658225,1527.0,0.11,ASK
1443658227,1527.0,0.0875,ASK
1443658228,1526.99,0.11,BID
1443658228,1526.99,0.208,BID
1443658228,1527.09,0.01,BID
1443658228,1527.1,0.0296,BID
1443658228,1527.1,0.01,BID
1443658228,1527.11,0.8124,BID
1443658228,1526.98,0.0185,ASK
1443658228,1526.97,0.0685,ASK
1443658230,1526.98,0.01,ASK
1443658230,1526.97,0.212,ASK
1443658231,1526.98,0.0296,ASK
1443658231,1526.97,0.0834,ASK
1443658232,1526.99,0.02,BID
1443658234,1526.97,0.029,ASK
1443658237,1526.97,0.144,ASK
1443658238,1526.97,0.43,ASK
1443658244,1526.97,0.257,ASK
1443658245,1526.97,0.01,ASK
1443658245,1526.97,0.65,ASK
1443658246,1526.97,0.65,ASK
1443658247,1526.97,0.65,ASK
1443658249,1526.97,0.01,ASK
1443658249,1526.97,0.65,ASK
1443658251,1526.97,0.01,ASK
1443658254,1526.97,0.01,ASK
1443658254,1527.0,0.0998,BID
1443658254,1527.11,0.1581,BID
1443658254,1527.11,0.0624,BID
1443658254,1527.12,0.0797,BID
1443658254,1527.12,0.6,BID
1443658255,1527.12,0.5674,BID
1443658256,1527.13,0.02,ASK
1443658257,1527.13,0.0126,ASK
1443658257,1527.01,0.0872,ASK
1443658264,1527.14,0.035,BID
1443658264,1527.14,0.0998,BID
1443658266,1527.15,0.0002,ASK
1443658266,1527.15,0.1348,ASK
1443658268,1527.12,0.4,BID
1443658268,1527.12,0.6,BID
1443658270,1527.12,0.226,BID
1443658270,1527.12,0.1356,BID
1443658271,1527.15,0.01,BID
1443658277,1527.3,0.09,BID
1443658277,1527.3,0.0098,BID
1443658279,1527.31,0.015,ASK
1443658280,1527.31,0.0752,ASK
1443658280,1527.14,0.0327,ASK
1443658280,1527.13,0.6548,ASK
1443658283,1527.12,0.261,BID
1443658283,1527.09,0.0532,ASK
1443658283,1527.01,0.0126,ASK
1443658283,1526.98,0.0092,ASK
1443658284,1527.12,0.3731,BID
1443658284,1527.13,0.0998,BID
1443658287,1527.13,0.1612,ASK
1443658287,1527.13,0.6338,ASK
1443658288,1527.13,0.0003,ASK
1443658307,1526.98,0.0205,ASK
1443658307,1526.98,0.0195,ASK
1443658308,1526.98,0.0005,ASK
1443658308,1526.98,0.04,ASK
1443658309,1526.98,0.0405,ASK
1443658310,1526.98,0.0405,ASK
1443658311,1526.98,0.293,ASK
1443658311,1526.97,0.081,ASK
1443658312,1526.97,0.0998,ASK
1443658312,1526.97,0.3335,ASK
1443658313,1527.11,0.0604,BID
1443658313,1527.12,0.1609,BID
1443658313,1527.12,0.9587,BID
1443658314,1527.11,11.165,BID
1443658314,1527.12,0.001,BID
1443658315,1527.12,0.0604,BID
1443658315,1527.12,0.0275,BID
1443658323,1527.3,0.09,BID
1443658324,1527.3,0.0002,BID
1443658328,1527.31,0.09,ASK
1443658336,1527.12,0.0329,ASK
1443658338,1527.01,0.227,BID
1443658338,1527.01,0.0001,BID
1443658339,1527.53,6.0,BID
1443658339,1527.53,0.557,BID
1443658343,1527.03,0.0341,ASK
1443658345,1527.03,0.0657,BID
1443658372,1527.11,0.001,ASK
1443658372,1527.03,0.0114,ASK
1443658372,1527.02,0.0874,ASK
1443658401,1527.02,0.139,ASK
1443658403,1527.02,0.0007,ASK
1443658405,1527.02,0.0991,BID
1443658410,1527.07,0.01,BID
1443658410,1527.54,0.0539,BID
1443658410,1527.8,0.001,BID
1443658410,1527.96,0.025,BID
1443658410,1527.97,0.5,BID
1443658410,1527.98,0.04,BID
1443658410,1527.98,0.0998,BID
1443658410,1527.99,0.015,BID
1443658410,1528.0,0.3,BID
1443658410,1528.04,0.001,BID
1443658410,1528.2,0.1817,BID
1443658410,1528.21,0.003,BID
1443658410,1528.36,0.001,BID
1443658410,1528.37,0.001,BID
1443658410,1528.39,0.001,BID
1443658410,1528.42,0.109,BID
1443658410,1528.42,0.0659,BID
1443658410,1528.43,0.4368,BID
1443658411,1527.01,0.0149,ASK
1443658411,1527.0,0.1524,ASK
1443658427,1527.03,0.0665,ASK
1443658427,1527.03,0.0249,ASK
1443658427,1527.03,0.0084,ASK
1443658429,1527.95,0.0757,BID
1443658434,1527.95,0.1428,BID
1443658435,1527.94,0.025,BID
1443658435,1527.95,0.3572,BID
1443658435,1527.95,0.1178,BID
1443658437,1527.9,0.01,ASK
1443658437,1527.95,0.5,BID
1443658438,1527.95,0.6545,BID
1443658439,1527.95,0.3418,BID
1443658439,1527.95,0.142,BID
1443658439,1527.96,0.0242,ASK
1443658440,1527.96,0.1465,ASK
1443658440,1527.06,0.01,ASK
1443658442,1527.06,0.146,ASK
1443658443,1527.1,0.0097,BID
1443658447,1527.05,0.146,ASK
1443658449,1527.06,0.0219,ASK
1443658449,1527.05,0.1241,ASK
1443658449,1527.05,0.146,ASK
1443658449,1527.05,0.0228,ASK
1443658449,1527.04,0.1232,BID
1443658449,1527.09,0.0858,BID
1443658450,1527.06,0.0146,ASK
1443658461,1527.04,0.2783,BID
1443658462,1527.05,0.0998,BID
1443658466,1527.09,0.0635,BID
1443658467,1527.09,0.0067,BID
1443658467,1527.1,0.0435,BID
1443658467,1527.1,0.01,BID
1443658467,1527.1,0.01,BID
1443658469,1527.1,0.01,ASK
1443658481,1527.07,0.5042,ASK
1443658481,1527.06,0.0188,ASK
1443658481,1527.05,0.1785,ASK
1443658481,1527.05,0.2985,ASK
1443658491,1527.1,0.005,BID
1443658493,1527.09,0.11,BID
1443658498,1527.06,0.4,ASK
1443658499,1527.06,0.65,ASK
1443658500,1527.06,0.65,ASK
1443658501,1527.06,0.678,ASK
1443658501,1527.06,0.65,ASK
1443658503,1527.06,0.65,ASK
1443658504,1527.06,0.65,ASK
1443658505,1527.06,0.65,ASK
1443658506,1527.06,0.01,ASK
1443658509,1527.06,0.01,ASK
1443658510,1527.06,0.147,ASK
1443658511,1527.05,0.01,ASK
1443658516,1527.01,0.01,ASK
1443658516,1527.05,0.1208,BID
1443658516,1527.1,0.005,BID
1443658516,1527.1,0.01,BID
1443658516,1527.11,0.0998,BID
1443658516,1527.15,0.01,BID
1443658518,1527.54,0.4,ASK
1443658518,1527.54,0.6,ASK
1443658518,1527.54,0.368,ASK
1443658519,1527.54,0.1415,ASK
1443658519,1527.06,0.0998,ASK
1443658523,1527.08,0.001,ASK
1443658523,1527.06,0.021,ASK
1443658523,1527.01,1.2107,ASK
1443658523,1527.0,0.3,ASK
1443658523,1527.0,0.01,ASK
1443658523,1527.0,0.01,ASK
1443658523,1527.0,0.01,ASK
1443658523,1527.0,0.01,ASK
1443658523,1527.0,0.01,ASK
1443658523,1526.97,1.2985,ASK
1443658523,1526.97,0.01,ASK
1443658523,1526.96,0.001,ASK
1443658523,1526.96,0.001,ASK
1443658523,1526.96,0.001,ASK
1443658523,1526.96,0.001,ASK
1443658523,1526.95,0.2908,ASK
1443658529,1527.09,0.394,BID
1443658537,1527.09,0.258,BID
1443658538,1527.08,0.0502,BID
1443658538,1527.08,0.1325,BID
1443658538,1527.09,0.4721,BID
1443658540,1527.09,0.0502,BID
1443658550,1527.07,0.0139,BID
1443658550,1527.08,0.3861,BID
1443658552,1527.08,0.6,BID
1443658553,1527.04,0.01,ASK
1443658553,1527.0,0.01,ASK
1443658553,1526.97,0.001,ASK
1443658554,1526.97,0.01,BID
1443658557,1526.97,0.0688,BID
1443658557,1527.03,0.01,BID
1443658557,1527.08,0.0212,BID
1443658558,1527.08,0.2134,BID
1443658558,1527.09,0.0212,BID
1443658563,1527.04,0.01,ASK
1443658563,1526.95,0.1985,ASK
1443658564,1526.95,0.0107,ASK
1443658564,1526.94,0.001,ASK
1443658564,1526.94,0.1975,ASK
1443658575,1526.94,0.1975,ASK
1443658576,1526.94,0.65,ASK
1443658578,1527.09,0.001,BID
1443658584,1527.04,0.01,ASK
1443658584,1526.94,0.0898,ASK
1443658585,1527.09,0.4,BID
1443658585,1526.94,0.2012,ASK
1443658586,1526.94,0.2505,ASK
1443658586,1527.09,0.6548,BID
1443658587,1526.95,0.0279,ASK
1443658587,1526.94,0.1733,ASK
1443658592,1526.94,0.0278,ASK
1443658593,1526.94,0.0849,ASK
1443658593,1526.94,0.0212,ASK
1443658593,1526.93,0.0278,ASK
1443658594,1526.93,0.1339,ASK
1443658604,1526.93,0.0083,ASK
1443658604,1526.89,0.001,ASK
1443658604,1526.89,0.01,ASK
1443658604,1526.87,0.19,ASK
1443658604,1526.87,0.001,ASK
1443658604,1526.86,0.001,ASK
1443658604,1526.86,0.2887,ASK
1443658617,1526.88,0.0998,BID
1443658629,1526.89,0.0998,ASK
1443658630,1526.88,0.0998,ASK
1443658631,1526.9,0.01,BID
1443658631,1526.93,0.01,BID
1443658631,1526.99,0.01,BID
1443658631,1527.08,0.0279,BID
1443658631,1527.09,1.1221,BID
1443658634,1527.08,0.0028,ASK
1443658654,1526.87,0.0482,ASK
1443658655,1526.86,0.0998,ASK
1443658655,1526.86,0.0482,ASK
1443658655,1526.86,0.8168,ASK
1443658655,1526.83,0.01,ASK
1443658655,1526.83,0.01,ASK
1443658655,1526.83,0.061,ASK
1443658655,1526.82,0.8577,ASK
1443658656,1526.83,2.0,ASK
1443658656,1526.83,6.685,ASK
1443658657,1526.93,0.0072,BID
1443658657,1526.98,0.0028,BID
1443658663,1526.98,0.0272,BID
1443658666,1527.08,0.061,BID
1443658666,1527.08,0.0482,BID
1443658666,1527.09,0.5915,BID
1443658667,1527.09,0.1092,BID
1443658683,1526.99,0.0272,ASK
1443658683,1526.93,0.01,ASK
1443658689,1526.91,0.0092,BID
1443658711,1526.88,0.01,ASK
1443658711,1526.87,0.0561,ASK
1443658711,1526.87,0.0337,ASK
1443658719,1526.87,0.0014,ASK
1443658719,1526.87,0.0561,ASK
1443658719,1526.87,0.0337,ASK
1443658719,1526.86,1.0888,ASK
1443658720,1526.86,0.0334,ASK
1443658720,1526.86,0.3666,ASK
1443658720,1526.86,0.0575,ASK
1443658735,1526.86,0.0998,ASK
1443658743,1526.9,0.01,BID
1443658743,1526.9,0.0002,BID
1443658769,1526.82,0.3632,ASK
1443658769,1526.82,0.0098,ASK
1443658769,1526.82,0.0002,ASK
1443658770,1526.82,0.0996,BID
1443658772,1526.82,0.0542,ASK
1443658772,1526.82,0.0231,ASK
1443658772,1526.81,0.0539,ASK
1443658773,1526.81,0.0561,ASK
1443658773,1526.81,0.0212,ASK
1443658774,1526.81,0.0878,ASK
1443658774,1526.81,0.3272,ASK
1443658774,1526.81,0.4,ASK
1443658774,1526.81,0.415,ASK
1443658775,1526.81,0.01,ASK
1443658776,1526.81,0.01,ASK
1443658777,1526.81,0.01,ASK
1443658779,1526.81,0.01,ASK
1443658781,1526.81,0.01,ASK
1443658784,1526.8,0.01,ASK
1443658784,1526.8,0.08,ASK
1443658785,1526.8,0.6,ASK
1443658785,1526.8,0.5,ASK
1443658786,1526.8,0.01,ASK
1443658787,1526.86,0.01,BID
1443658789,1526.8,0.11,ASK
1443658790,1526.86,0.01,BID
1443658790,1526.81,0.0156,ASK
1443658790,1526.8,0.1404,ASK
1443658791,1526.8,1.0,ASK
1443658792,1526.8,0.01,ASK
1443658793,1526.8,1.0,ASK
1443658793,1526.8,0.02,ASK
1443658794,1526.8,0.01,ASK
1443658794,1526.85,0.001,BID
1443658796,1526.8,0.01,ASK
1443658796,1526.8,1.0,ASK
1443658799,1526.8,0.02,ASK
1443658799,1526.8,0.01,ASK
1443658803,1526.8,0.01,ASK
1443658804,1526.8,1.18,ASK
1443658804,1526.8,2.0,ASK
1443658804,1526.81,0.0998,BID
1443658804,1526.85,0.01,BID
1443658804,1526.85,0.0696,BID
1443658804,1526.86,0.4206,BID
1443658807,1526.83,0.01,ASK
1443658807,1526.86,0.4,BID
1443658808,1526.83,0.49,ASK
1443658808,1526.8,0.69,ASK
1443658808,1526.8,0.01,ASK
1443658808,1526.86,0.5712,BID
1443658808,1526.87,0.0837,ASK
1443658808,1526.8,2.4963,ASK
1443658808,1526.81,8.0,ASK
1443658808,1526.81,3.182,ASK
1443658809,1526.8,2.0,ASK
1443658810,1526.82,0.132,BID
1443658810,1526.81,0.0396,ASK
1443658810,1526.8,0.4604,ASK
1443658810,1526.8,0.1392,ASK
1443658811,1526.8,0.6,ASK
1443658813,1526.8,0.529,ASK
1443658814,1526.82,0.0072,BID
1443658815,1526.82,0.0174,ASK
1443658815,1526.82,0.01,ASK
1443658816,1526.8,0.01,ASK
1443658817,1526.81,8.901,ASK
1443658817,1526.8,0.015,ASK
1443658821,1526.8,1.0694,ASK
1443658821,1526.8,0.01,ASK
1443658821,1526.8,0.01,ASK
1443658821,1526.8,0.01,ASK
1443658821,1526.79,0.02,ASK
1443658821,1526.79,0.009,ASK
1443658821,1526.76,0.02,ASK
1443658821,1526.76,0.001,ASK
1443658821,1526.76,0.01,ASK
1443658821,1526.76,0.01,ASK
1443658821,1526.75,0.01,ASK
1443658821,1526.75,0.01,ASK
1443658821,1526.48,0.002,ASK
1443658821,1526.31,0.005,ASK
1443658823,1526.3,0.4,BID
1443658824,1526.3,0.093,BID
1443658828,1526.31,0.08,ASK
1443658831,1526.36,0.01,BID
1443658831,1526.79,0.0674,BID
1443658831,1526.8,0.0998,BID
1443658831,1526.8,0.4608,BID
1443658850,1526.79,0.0022,BID
1443658850,1526.26,0.01,ASK
1443658850,1526.23,0.001,ASK
1443658850,1526.21,0.001,ASK
1443658850,1526.17,0.008,BID
1443658850,1526.79,0.0186,BID
1443658850,1526.79,0.0141,BID
1443658850,1526.8,0.3773,BID
1443658852,1526.32,0.01,BID
1443658854,1526.32,0.0898,BID
1443658862,1526.37,0.01,BID
1443658862,1526.37,0.01,ASK
1443658865,1526.38,0.02,ASK
1443658866,1526.38,0.01,ASK
1443658866,1526.77,0.0264,BID
1443658866,1526.78,0.5736,BID
1443658869,1526.39,0.01,ASK
1443658872,1526.42,0.01,BID
1443658873,1526.42,0.01,BID
1443658874,1526.33,0.01,ASK
1443658874,1526.43,0.01,BID
1443658876,1526.33,0.01,ASK
1443658877,1526.43,0.0302,ASK
1443658878,1526.34,5.104,ASK
1443658879,1526.33,0.01,ASK
1443658880,1526.38,0.01,BID
1443658881,1526.33,0.01,ASK
1443658883,1526.33,0.01,ASK
1443658889,1526.33,0.01,ASK
1443658893,1526.33,0.01,ASK
1443658903,1526.33,0.0298,ASK
1443658903,1526.33,0.01,ASK
1443658903,1526.32,0.06,ASK
1443658904,1526.38,0.001,BID
1443658904,1526.32,0.0398,ASK
1443658907,1526.32,0.01,ASK
1443658914,1526.37,0.01,BID
1443658914,1526.37,0.01,BID
1443658914,1526.38,0.0586,BID
1443658914,1526.38,0.01,BID
1443658914,1526.76,0.0114,BID
1443658933,1526.34,0.0424,ASK
1443658933,1526.33,0.0574,ASK
1443658937,1526.71,0.01,ASK
1443658962,1526.36,0.001,ASK
1443658962,1526.34,0.0114,ASK
1443658962,1526.34,0.0276,ASK
1443658962,1526.33,0.0598,ASK
1443658972,1526.38,0.01,BID
1443658972,1526.75,0.013,BID
1443658979,1526.7,0.01,ASK
1443659009,1526.37,0.01,BID
1443659011,1526.37,0.0898,BID
1443659014,1526.38,0.0998,ASK
1443659017,1526.41,0.0102,BID
1443659017,1526.42,0.01,BID
1443659023,1526.43,0.01,ASK
1443659025,1526.44,0.01,ASK
1443659029,1526.46,0.01,BID
1443659029,1526.47,0.01,BID
1443659031,1526.47,0.01,ASK
1443659034,1526.48,0.012,ASK
1443659038,1526.37,0.01,ASK
1443659038,1526.33,0.0898,ASK
1443659044,1526.38,0.01,BID
1443659044,1526.75,0.0514,BID
1443659044,1526.76,0.0091,BID
1443659044,1526.76,0.01,BID
1443659044,1526.76,0.0419,BID
1443659044,1526.77,1.2209,BID
1443659044,1526.8,0.01,BID
1443659044,1526.8,0.01,BID
1443659044,1526.83,0.001,BID
1443659044,1526.85,0.01,BID
1443659044,1526.85,0.01,BID
1443659044,1526.85,0.1757,BID
1443659048,1526.34,0.012,ASK
1443659061,1526.38,0.001,BID
1443659062,1526.39,0.01,BID
1443659064,1526.39,0.09,ASK
1443659064,1526.35,0.0098,ASK
1443659073,1526.44,0.01,BID
1443659074,1526.44,0.01,ASK
1443659087,1526.34,0.02,ASK
1443659091,1526.39,0.01,BID
1443659092,1526.39,0.09,ASK
1443659092,1526.34,0.0046,ASK
1443659092,1526.34,0.0052,ASK
1443659097,1526.39,0.01,ASK
1443659097,1526.83,0.01,BID
1443659097,1526.34,0.01,ASK
1443659097,1526.34,0.03,ASK
1443659099,1526.84,0.0495,BID
1443659099,1526.84,0.012,BID
1443659099,1526.84,0.02,BID
1443659099,1526.85,0.0185,BID
1443659112,1526.35,0.0703,ASK
1443659112,1526.35,0.035,ASK
1443659112,1526.35,0.0495,ASK
1443659112,1526.34,0.266,ASK
1443659114,1526.36,0.01,BID
1443659116,1526.35,0.032,ASK
1443659116,1526.34,0.018,ASK
1443659117,1526.34,0.032,ASK
1443659120,1526.36,0.01,BID
1443659120,1526.36,0.0019,BID
1443659123,1526.35,0.0998,ASK
1443659127,1526.35,0.02,ASK
1443659133,1526.36,0.0199,BID
1443659145,1526.39,0.01,BID
1443659145,1526.4,0.01,BID
1443659148,1526.44,0.01,ASK
1443659151,1526.44,0.0998,ASK
1443659156,1526.84,0.002,BID
1443659176,1526.44,0.0998,ASK
1443659177,1526.44,0.65,ASK
1443659179,1526.44,0.01,ASK
1443659183,1526.44,0.01,ASK
1443659186,1526.44,0.01,ASK
1443659188,1526.44,0.01,ASK
1443659202,1526.48,0.002,ASK
1443659203,1526.48,0.0998,ASK
1443659204,1526.48,0.1665,ASK
1443659206,1526.48,0.01,ASK
1443659209,1526.48,0.01,ASK
1443659216,1526.48,0.01,ASK
1443659231,1526.44,0.001,BID
1443659231,1526.48,0.009,ASK
1443659237,1526.43,0.01,ASK
1443659242,1526.43,0.01,ASK
1443659243,1526.48,0.008,BID
1443659244,1526.43,0.01,ASK
1443659246,1526.48,0.0828,BID
1443659246,1526.48,0.2982,BID
1443659247,1526.48,0.0001,BID
1443659247,1526.49,0.0099,BID
1443659247,1526.49,0.0001,BID
1443659247,1526.49,0.01,BID
1443659247,1526.49,0.01,BID
1443659261,1526.49,0.0998,ASK
1443659262,1526.49,0.0201,ASK
1443659263,1526.49,0.0201,ASK
1443659263,1526.53,0.01,BID
1443659265,1526.49,0.0201,ASK
1443659266,1526.49,0.0998,ASK
1443659266,1526.53,0.01,BID
1443659267,1526.49,0.0998,ASK
1443659267,1526.5,13.657,ASK
1443659268,1526.52,0.0797,ASK
1443659270,1526.53,0.01,BID
1443659277,1526.58,0.01,BID
1443659310,1526.59,0.0998,BID
1443659313,1526.6,0.12,ASK
1443659319,1526.63,0.001,BID
1443659320,1526.6,0.0998,ASK
1443659321,1526.6,0.0402,ASK
1443659322,1526.6,0.01,ASK
1443659325,1526.63,0.009,BID
1443659325,1526.64,0.001,BID
1443659347,1526.63,0.0998,ASK
1443659350,1526.64,0.009,BID
1443659350,1526.89,0.05,BID
1443659350,1526.9,0.0098,BID
1443659350,1526.9,0.01,BID
1443659350,1526.9,0.01,BID
1443659350,1526.91,0.0534,BID
1443659350,1526.92,0.0098,BID
1443659351,1526.92,0.0002,BID
1443659353,1526.93,0.01,ASK
1443659362,1526.65,0.01,ASK
1443659375,1526.65,0.0998,ASK
1443659377,1526.8,0.0199,ASK
1443659379,1526.93,0.01,ASK
1443659383,1526.93,0.01,BID
1443659406,1526.8,0.0998,ASK
1443659406,1526.94,0.001,BID
1443659406,1526.98,0.01,BID
1443659406,1526.99,0.001,BID
1443659407,1527.02,11.0,ASK
1443659407,1527.02,10.318,ASK
1443659430,1526.97,0.01,ASK
1443659430,1526.94,0.001,ASK
1443659430,1526.88,0.01,ASK
1443659430,1526.81,0.9397,ASK
1443659439,1526.81,0.023,ASK
1443659441,1526.83,0.0998,BID
1443659441,1526.86,0.01,BID
1443659441,1526.98,0.01,BID
1443659441,1527.03,0.01,BID
1443659441,1527.07,0.01,BID
1443659441,1527.09,0.001,BID
1443659441,1527.1,0.01,BID
1443659441,1527.13,0.01,BID
1443659441,1527.13,0.01,BID
1443659441,1527.14,0.01,BID
1443659441,1527.14,0.01,BID
1443659441,1527.14,0.01,BID
1443659441,1527.3,0.001,BID
1443659441,1527.34,0.001,BID
1443659441,1527.34,0.001,BID
1443659441,1527.4,0.001,BID
1443659441,1527.55,0.004,BID
1443659441,1527.57,0.001,BID
1443659441,1527.66,0.001,BID
1443659441,1527.71,0.001,BID
1443659441,1527.73,0.001,BID
1443659441,1527.77,0.1,BID
1443659441,1527.82,0.0149,BID
1443659441,1527.83,0.2531,BID
1443659442,1526.87,0.01,ASK
1443659443,1527.83,0.045,BID
1443659444,1527.84,0.001,BID
1443659444,1527.85,0.1,BID
1443659444,1527.87,0.109,BID
1443659444,1527.87,0.0945,BID
1443659444,1527.87,0.0852,BID
1443659444,1527.88,0.1103,BID
1443659445,1527.88,0.2,BID
1443659445,1527.88,0.5,BID
1443659445,1527.88,0.2,BID
1443659446,1527.88,0.5,BID
1443659446,1527.88,0.5,BID
1443659446,1527.88,0.5,BID
1443659447,1527.88,1.5,BID
1443659447,1527.87,20.518,BID
1443659448,1527.88,0.5,BID
1443659448,1527.88,0.2,BID
1443659448,1527.88,0.01,BID
1443659448,1527.88,1.0,BID
1443659448,1527.88,0.771,BID
1443659449,1527.88,0.5,BID
1443659449,1527.88,5.7363,BID
1443659449,1527.98,0.001,BID
1443659449,1528.0,0.01,BID
1443659449,1528.0,0.3,BID
1443659449,1528.01,0.001,BID
1443659449,1528.08,0.1,BID
1443659449,1528.1,0.001,BID
1443659449,1528.26,0.001,BID
1443659449,1528.41,12.0,BID
1443659449,1528.41,7.479,BID
1443659450,1528.44,0.001,BID
1443659450,1528.46,0.199,BID
1443659450,1528.4,0.5,ASK
1443659450,1528.46,1.18,BID
1443659450,1528.4,0.1,ASK
1443659450,1528.46,0.5,BID
1443659451,1527.89,0.01,ASK
1443659451,1527.89,2.433,ASK
1443659451,1527.89,3.0,ASK
1443659451,1527.89,0.5,ASK
1443659451,1527.89,3.411,ASK
1443659451,1527.89,2.737,ASK
1443659451,1527.89,1.149,ASK
1443659451,1528.46,0.2,BID
1443659451,1528.46,2.944,BID
1443659451,1528.46,0.001,BID
1443659451,1528.46,0.001,BID
1443659451,1528.46,0.001,BID
1443659451,1528.46,0.001,BID
1443659451,1528.47,0.001,BID
1443659451,1528.47,0.001,BID
1443659452,1528.49,0.001,BID
1443659452,1528.51,0.001,BID
1443659452,1528.53,0.001,BID
1443659452,1528.53,0.001,BID
1443659452,1528.55,0.001,BID
1443659452,1528.55,0.001,BID
1443659452,1528.57,0.001,BID
1443659452,1528.59,0.001,BID
1443659452,1528.6,0.2,BID
1443659452,1528.7,0.0998,BID
1443659452,1528.77,0.008,BID
1443659452,1528.8,0.8642,BID
1443659452,1528.47,0.01,ASK
1443659453,1528.47,1.0,ASK
1443659453,1528.8,1.0,BID
1443659454,1528.47,0.875,ASK
1443659454,1528.47,1.125,ASK
1443659454,1528.8,0.5,BID
1443659455,1528.48,0.01,ASK
1443659455,1528.8,2.0,BID
1443659456,1528.48,0.3284,ASK
1443659456,1528.48,0.2716,ASK
1443659457,1528.48,0.2322,ASK
1443659457,1528.47,0.5398,ASK
1443659457,1528.47,3.3352,ASK
1443659457,1528.47,0.0758,ASK
1443659457,1528.49,0.0252,ASK
1443659457,1528.47,0.5,ASK
1443659457,1528.47,0.5,ASK
1443659457,1528.47,0.5,ASK
1443659461,1528.36,0.01,ASK
1443659462,1527.9,0.075,ASK
1443659462,1527.89,0.5,ASK
1443659462,1527.89,0.5,ASK
1443659462,1527.89,0.074,ASK
1443659464,1527.89,0.426,ASK
1443659464,1527.89,0.2074,ASK
1443659464,1527.88,0.5236,ASK
1443659465,1527.98,0.01,BID
1443659465,1527.98,0.212,BID
1443659465,1528.44,0.053,BID
1443659465,1528.45,0.5284,BID
1443659466,1527.88,2.343,ASK
1443659468,1527.99,0.222,ASK
1443659468,1527.88,0.143,ASK
1443659469,1527.88,1.923,ASK
1443659470,1527.87,0.5,ASK
1443659472,1527.87,2.501,BID
1443659472,1527.95,0.0998,BID
1443659472,1528.43,0.0481,BID
1443659472,1528.44,0.1311,BID
1443659472,1528.44,0.9627,BID
1443659472,1528.45,2.6216,BID
1443659472,1528.51,0.2,BID
1443659472,1528.52,0.01,BID
1443659472,1528.79,0.4568,BID
1443659472,1528.8,0.2823,BID
1443659472,1529.0,0.3,BID
1443659472,1529.0,0.1,BID
1443659473,1529.0,0.01,ASK
1443659473,1529.0,0.5,ASK
1443659474,1529.03,4.0,ASK
1443659474,1529.03,1.0,ASK
1443659474,1529.03,4.412,ASK
1443659474,1529.0,0.622,ASK
1443659474,1529.0,0.369,ASK
1443659474,1529.0,5.075,ASK
1443659474,1529.0,2.0,ASK
1443659474,1529.0,0.7106,ASK
1443659475,1527.96,0.0998,ASK
1443659475,1527.4,0.118,ASK
1443659475,1527.32,0.2822,ASK
1443659477,1528.5,0.01,BID
1443659481,1528.01,0.015,ASK
1443659481,1528.0,0.285,ASK
1443659481,1528.0,0.01,ASK
1443659484,1528.01,0.015,ASK
1443659484,1528.0,0.005,ASK
1443659485,1527.99,0.28,BID
1443659485,1527.99,0.3,BID
1443659485,1527.99,0.161,BID
1443659485,1528.49,0.5038,BID
1443659485,1528.5,0.018,BID
1443659485,1528.94,1.0,BID
1443659485,1528.99,0.015,ASK
1443659486,1528.99,0.01,ASK
1443659486,1528.99,0.01,ASK
1443659486,1528.99,0.0102,ASK
1443659487,1528.99,0.867,ASK
1443659487,1528.99,0.867,ASK
1443659487,1528.99,0.5024,ASK
1443659494,1528.49,0.01,BID
1443659501,1528.23,0.01,ASK
1443659503,1528.24,0.01,ASK
1443659503,1528.93,0.001,BID
1443659503,1528.94,0.009,BID
1443659504,1528.24,0.11,ASK
1443659504,1528.24,0.01,ASK
1443659505,1528.24,0.05,ASK
1443659507,1528.25,0.0167,ASK
1443659507,1528.23,0.0023,ASK
1443659511,1528.23,0.097,ASK
1443659511,1528.23,0.0007,ASK
1443659512,1527.65,3.512,ASK
1443659515,1528.18,0.01,ASK
1443659518,1527.73,0.055,BID
1443659519,1527.73,0.032,BID
1443659521,1528.23,0.01,BID
1443659523,1528.13,0.01,ASK
1443659523,1527.74,0.055,ASK
1443659523,1527.74,0.0448,ASK
1443659526,1527.74,0.01,ASK
1443659540,1527.74,0.032,ASK
1443659546,1527.79,0.01,BID
1443659546,1528.28,0.01,BID
1443659548,1528.28,0.025,ASK
1443659549,1528.28,0.125,ASK
1443659549,1527.74,0.0002,ASK
1443659549,1527.69,0.0008,ASK
1443659550,1528.27,0.0032,BID
1443659554,1527.69,0.0092,ASK
1443659554,1527.63,0.0611,ASK
1443659554,1527.62,0.0295,ASK
1443659554,1527.63,3.0,ASK
1443659554,1527.63,1.0,ASK
1443659554,1527.63,3.887,ASK
1443659556,1527.62,0.01,ASK
1443659558,1527.62,0.01,ASK
1443659559,1527.78,0.0215,BID
1443659560,1527.78,0.0035,BID
1443659561,1527.79,0.01,ASK
1443659562,1527.79,0.0115,ASK
1443659562,1527.62,0.3726,ASK
1443659563,1527.64,0.006,ASK
1443659563,1527.62,0.005,ASK
1443659565,1527.79,0.01,BID
1443659566,1527.62,0.7942,ASK
1443659566,1527.57,0.0048,ASK
1443659566,1527.64,15.0,ASK
1443659566,1527.64,2.123,ASK
1443659570,1527.57,0.0052,ASK
1443659570,1527.57,0.01,ASK
1443659570,1527.43,0.001,ASK
1443659570,1527.33,0.002,ASK
1443659570,1527.29,0.001,ASK
1443659570,1527.16,0.0198,ASK
1443659580,1527.16,0.0802,ASK
1443659602,1527.11,0.01,ASK
1443659604,1527.03,0.0898,BID
1443659604,1527.13,0.0192,BID
1443659604,1527.13,0.0004,BID
1443659609,1527.21,0.01,BID
1443659609,1527.61,0.0022,BID
1443659609,1527.67,0.0077,BID
1443659617,1527.08,0.01,ASK
1443659617,1527.0,0.16,ASK
1443659618,1527.18,0.01,BID
1443659618,1527.16,4.708,ASK
1443659621,1527.16,0.5,ASK
1443659622,1527.17,0.01,ASK
1443659624,1527.17,0.01,ASK
1443659627,1527.17,0.01,ASK
1443659628,1527.17,0.0841,ASK
1443659628,1527.16,0.4159,ASK
1443659629,1527.16,0.0998,ASK
1443659629,1527.16,0.0941,ASK
1443659632,1527.16,0.5,ASK
1443659633,1527.16,0.01,ASK
1443659641,1527.16,0.226,ASK
1443659643,1527.16,0.02,ASK
1443659644,1527.16,0.229,ASK
1443659645,1527.16,0.01,ASK
1443659647,1527.16,0.026,ASK
1443659647,1527.16,0.01,ASK
1443659647,1527.16,0.2112,ASK
1443659647,1527.11,0.01,ASK
1443659647,1527.11,0.01,ASK
1443659647,1527.0,0.14,ASK
1443659647,1527.0,0.1288,ASK
1443659647,1527.0,0.3984,ASK
1443659647,1526.93,0.001,ASK
1443659647,1526.92,0.1006,ASK
1443659648,1527.21,0.01,BID
1443659651,1526.76,0.01,ASK
1443659652,1526.89,3.0,ASK
1443659652,1526.89,1.636,ASK
1443659653,1526.76,0.01,ASK
1443659657,1526.8,0.01,BID
1443659657,1526.9,0.099,BID
1443659658,1526.9,0.401,BID
1443659659,1526.91,0.09,ASK
1443659665,1526.91,0.009,ASK
1443659667,1526.91,0.001,BID
1443659668,1526.72,0.001,ASK
1443659674,1526.77,0.001,BID
1443659682,1526.72,0.003,ASK
1443659682,1526.71,0.0968,ASK
1443659687,1526.71,0.01,ASK
1443659694,1526.71,0.1932,ASK
1443659694,1526.71,0.0083,ASK
1443659695,1526.71,0.0017,ASK
1443659697,1526.7,0.2015,BID
1443659698,1526.72,0.0095,ASK
1443659698,1526.72,0.211,ASK
1443659698,1526.72,0.211,ASK
1443659698,1526.71,0.2015,ASK
1443659698,1526.67,0.01,ASK
1443659698,1526.66,0.01,ASK
1443659698,1526.66,0.01,ASK
1443659698,1526.65,1.2672,ASK
1443659708,1526.65,0.5,ASK
1443659710,1526.65,0.1,ASK
1443659712,1526.65,0.033,ASK
1443659713,1526.6,0.133,ASK
1443659716,1526.64,0.133,BID
1443659716,1526.65,0.0668,BID
1443659719,1526.66,0.0002,ASK
1443659719,1526.66,0.0098,ASK
1443659723,1526.7,0.01,BID
1443659723,1526.7,0.01,BID
1443659726,1526.76,0.01,BID
1443659726,1526.76,0.01,BID
1443659728,1526.77,0.009,BID
1443659736,1527.06,0.001,ASK
1443659736,1526.82,0.009,BID
1443659737,1527.0,0.0998,ASK
1443659738,1527.0,0.13,ASK
1443659748,1527.05,0.01,BID
1443659748,1527.16,0.0998,BID
1443659752,1527.17,0.0002,ASK
1443659752,1527.0,0.2674,ASK
1443659752,1526.95,0.01,ASK
1443659752,1526.75,0.001,ASK
1443659752,1526.72,0.01,ASK
1443659752,1526.65,0.133,ASK
1443659752,1526.61,0.0784,ASK
1443659758,1527.11,0.01,ASK
1443659768,1526.61,0.0998,ASK
1443659773,1527.06,0.01,ASK
1443659787,1527.0,0.001,BID
1443659798,1526.95,0.01,ASK
1443659798,1526.71,0.001,ASK
1443659798,1526.7,0.0888,ASK
1443659810,1526.7,0.01,ASK
1443659816,1526.75,0.01,BID
1443659818,1527.0,0.0009,BID
1443659818,1527.05,0.01,BID
1443659818,1527.16,0.01,BID
1443659818,1527.21,0.01,BID
1443659818,1527.21,0.01,BID
1443659820,1527.21,0.01,ASK
1443659822,1527.21,0.049,ASK
1443659823,1527.21,0.0001,ASK
1443659825,1526.71,0.5,ASK
1443659825,1526.71,0.5,ASK
1443659826,1526.71,0.049,ASK
1443659826,1526.71,0.0039,ASK
1443659827,1526.71,0.5,ASK
1443659827,1526.72,9.186,ASK
1443659828,1526.76,0.01,BID
1443659831,1526.74,0.006,ASK
1443659831,1526.74,0.01,ASK
1443659833,1526.72,0.0998,ASK
1443659843,1526.73,0.5028,ASK
1443659856,1526.78,0.006,BID
1443659860,1526.78,0.004,BID
1443659863,1526.78,0.096,ASK
1443659863,1526.76,0.001,ASK
1443659863,1526.71,0.0028,ASK
1443659869,1526.76,0.01,BID
1443659881,1526.79,0.01,BID
1443659884,1526.95,0.001,BID
1443659884,1527.67,0.0023,BID
1443659884,1527.99,0.015,BID
1443659884,1527.99,0.1002,BID
1443659884,1528.0,0.3,BID
1443659884,1528.21,0.001,BID
1443659884,1528.21,0.1,BID
1443659884,1528.25,0.001,BID
1443659884,1528.25,0.0966,BID
1443659894,1526.74,0.01,ASK
1443659894,1526.73,0.0149,ASK
1443659894,1526.73,0.0749,ASK
1443659895,1526.84,0.01,BID
1443659899,1527.0,0.01,ASK
1443659902,1527.01,0.0145,ASK
1443659902,1527.0,0.2755,ASK
1443659919,1527.0,0.0045,ASK
1443659919,1526.95,0.01,ASK
1443659919,1526.79,0.01,ASK
1443659923,1526.76,0.0015,BID
1443659942,1526.76,0.0738,BID
1443659944,1526.77,0.0738,ASK
1443659944,1526.76,0.026,ASK
1443659945,1526.84,0.01,BID
1443659945,1527.05,0.01,BID
1443659945,1527.99,0.015,BID
1443659945,1528.0,0.3,BID
1443659945,1528.24,0.001,BID
1443659945,1528.24,0.0611,BID
1443659945,1528.25,1.2213,BID
1443659945,1528.25,0.0744,BID
1443659945,1528.26,0.7918,BID
1443659945,1526.76,0.2902,ASK
1443659946,1526.75,0.01,BID
1443659947,1526.75,0.01,BID
1443659949,1526.74,0.001,ASK
1443659949,1526.74,0.009,ASK
1443659949,1526.74,0.001,ASK
1443659949,1526.74,0.009,ASK
1443659949,1526.75,0.006,BID
1443659949,1526.8,0.01,BID
1443659950,1526.8,0.01,ASK
1443659950,1526.74,1.991,ASK
1443659950,1526.74,0.0816,ASK
1443659950,1526.74,0.0611,ASK
1443659950,1526.74,0.015,ASK
1443659952,1526.74,0.0038,BID
1443659952,1526.74,0.016,BID
1443659952,1526.74,0.3,BID
1443659952,1526.74,1.2225,BID
1443659952,1526.74,0.4,BID
1443659953,1526.74,1.998,BID
1443659953,1526.74,1.998,BID
1443659954,1526.74,0.655,BID
1443659955,1526.74,0.0062,BID
1443659955,1526.74,0.655,BID
1443659956,1526.73,0.5,ASK
1443659956,1526.73,0.5,ASK
1443659956,1526.74,0.655,BID
1443659958,1526.73,0.65,ASK
1443659959,1526.73,0.65,ASK
1443659960,1526.73,0.01,ASK
1443659961,1526.73,0.65,ASK
1443659962,1526.74,0.009,BID
1443659969,1526.73,0.0998,ASK
1443659970,1526.74,0.133,BID
1443659971,1526.74,0.655,BID
1443659972,1526.74,0.5053,BID
1443659972,1526.74,0.0611,BID
1443659972,1526.75,0.0886,BID
1443659973,1526.75,0.221,BID
1443659973,1526.75,0.655,BID
1443659975,1526.74,0.0567,BID
1443659975,1526.75,0.1693,BID
1443659976,1526.75,0.0886,BID
1443659976,1526.77,5.282,BID
1443659978,1526.76,0.1693,ASK
1443659978,1526.74,0.0307,ASK
1443659999,1526.75,0.0998,ASK
1443660000,1526.75,0.65,ASK
1443660001,1526.75,0.4727,ASK
1443660001,1526.75,0.001,ASK
1443660001,1526.75,0.026,ASK
1443660001,1526.75,0.0456,ASK
1443660001,1526.74,0.1047,ASK
1443660002,1526.79,0.01,BID
1443660002,1526.79,0.01,BID
1443660002,1527.49,0.001,BID
1443660002,1527.99,0.015,BID
1443660002,1528.0,0.064,BID
1443660002,1526.74,0.65,ASK
1443660010,1526.74,0.01,ASK
1443660029,1526.79,0.0998,ASK
1443660067,1526.79,0.0998,BID
1443660067,1526.8,0.01,BID
1443660081,1526.8,0.0998,ASK
1443660082,1526.8,0.65,ASK
1443660095,1526.84,0.01,BID
1443660095,1526.84,0.01,BID
1443660100,1526.84,0.01,ASK
1443660100,1526.89,0.01,BID
1443660103,1526.89,0.01,ASK
1443660105,1526.89,0.01,ASK
1443660108,1526.82,0.01,ASK
1443660114,1526.89,0.0998,BID
1443660117,1527.0,0.001,ASK
1443660120,1526.94,0.01,BID
1443660125,1526.94,0.02,ASK
1443660126,1527.99,0.001,BID
1443660129,1526.99,0.01,BID
1443660130,1526.94,0.01,BID
1443660136,1527.99,0.0108,BID
1443660136,1528.0,0.236,BID
1443660138,1528.0,0.01,ASK
1443660144,1526.94,0.0998,BID
1443660148,1527.95,0.01,ASK
1443660152,1527.45,0.01,BID
1443660152,1528.05,0.01,BID
1443660155,1528.05,0.08,ASK
1443660158,1528.04,0.08,BID
1443660159,1528.04,0.02,ASK
1443660159,1528.0,0.01,ASK
1443660162,1527.55,0.023,BID
1443660175,1527.43,0.0998,BID
1443660177,1527.43,0.0002,ASK
1443660177,1527.01,0.0013,ASK
1443660179,1528.1,0.01,BID
1443660179,1528.26,0.001,BID
1443660179,1528.27,0.089,BID
1443660181,1527.98,0.001,ASK
1443660184,1527.06,0.009,BID
1443660207,1527.04,0.0322,ASK
1443660207,1527.03,0.0676,ASK
1443660211,1527.1,0.01,BID
1443660221,1527.1,0.01,BID
1443660223,1527.1,0.016,ASK
1443660225,1527.1,0.01,ASK
1443660227,1527.06,0.015,ASK
1443660227,1527.15,0.01,BID
1443660231,1527.15,0.0102,ASK
1443660235,1527.1,0.01,ASK
1443660238,1527.1,0.0898,BID
1443660238,1527.2,0.01,BID
1443660263,1527.06,0.0998,ASK
1443660264,1528.24,0.01,BID
1443660265,1527.15,0.01,ASK
1443660266,1527.25,0.01,BID
1443660268,1527.25,0.01,ASK
1443660269,1528.24,0.01,BID
1443660289,1528.24,0.04,BID
1443660289,1528.26,0.063,BID
1443660291,1528.26,0.0002,BID
1443660291,1528.27,0.4578,BID
1443660293,1528.19,0.0092,ASK
1443660294,1528.19,0.0008,ASK
1443660294,1527.51,0.0632,ASK
1443660294,1527.5,0.0358,ASK
1443660297,1527.5,0.01,ASK
1443660325,1527.14,0.0998,ASK
1443660334,1527.14,0.01,ASK
1443660335,1527.19,0.01,BID
1443660353,1527.14,0.0998,ASK
1443660356,1527.3,0.001,BID
1443660358,1527.19,0.001,BID
1443660360,1527.19,0.009,BID
1443660360,1528.28,0.001,BID
1443660360,1528.28,0.001,BID
1443660360,1528.28,0.0255,BID
1443660360,1528.28,0.0362,BID
1443660360,1528.29,0.001,BID
1443660360,1528.29,0.0263,BID
1443660361,1527.19,0.0837,ASK
1443660368,1527.19,3.3398,BID
1443660370,1527.2,0.01,ASK
1443660373,1527.21,0.01,ASK
1443660374,1527.24,0.01,BID
1443660375,1527.21,0.01,ASK
1443660378,1527.21,0.0162,ASK
1443660378,1527.21,0.0256,ASK
1443660378,1527.2,0.058,ASK
1443660384,1527.26,0.01,BID
1443660387,1527.3,0.01,ASK
1443660388,1527.27,0.01,ASK
1443660397,1527.31,0.01,ASK
1443660399,1527.31,0.01,ASK
1443660400,1527.31,0.02,ASK
1443660400,1527.31,0.01,ASK
1443660405,1527.36,0.01,BID
1443660406,1528.23,4.0,BID
1443660406,1528.23,4.049,BID
1443660407,1527.37,0.0078,ASK
1443660407,1527.36,0.0022,ASK
1443660407,1527.36,0.0423,ASK
1443660409,1527.36,0.01,ASK
1443660409,1527.31,0.0898,ASK
1443660412,1527.31,0.061,ASK
1443660414,1527.31,0.078,ASK
1443660414,1527.31,0.006,ASK
1443660415,1527.31,0.01,ASK
1443660417,1528.23,0.01,BID
1443660417,1528.24,0.0232,BID
1443660421,1527.36,0.01,BID
1443660442,1527.32,0.0998,BID
1443660447,1527.34,0.01,ASK
1443660449,1527.33,0.018,ASK
1443660454,1527.39,0.01,BID
1443660455,1527.3,0.01,ASK
1443660456,1527.4,0.01,BID
1443660460,1527.41,0.01,ASK
1443660462,1527.45,0.01,BID
1443660467,1527.35,0.01,ASK
1443660467,1527.29,0.01,ASK
1443660467,1527.26,0.01,ASK
1443660467,1527.26,0.01,ASK
1443660467,1527.26,0.01,ASK
1443660468,1527.21,0.01,ASK
1443660471,1527.23,0.0498,BID
1443660478,1527.28,0.01,BID
1443660480,1527.3,0.001,BID
1443660487,1527.35,0.0001,ASK
1443660492,1527.24,0.01,ASK
1443660495,1527.24,0.0398,ASK
1443660495,1527.23,0.01,ASK
1443660499,1527.2,0.01,ASK
1443660506,1527.23,0.05,BID
1443660506,1527.23,0.0398,BID
1443660506,1527.28,0.01,BID
1443660506,1527.33,0.0099,BID
1443660510,1527.34,0.0003,ASK
1443660510,1527.34,0.0097,ASK
1443660517,1527.39,0.01,BID
1443660518,1527.29,0.01,ASK
1443660520,1527.24,0.05,ASK
1443660520,1527.2,0.0498,ASK
1443660521,1527.29,0.01,BID
1443660521,1527.97,3.0,ASK
1443660521,1527.97,2.0,ASK
1443660521,1527.97,2.548,ASK
1443660527,1527.92,0.01,ASK
1443660527,1527.98,0.01,BID
1443660541,1527.33,0.375,BID
1443660541,1527.33,0.6,BID
1443660541,1527.33,0.1,BID
1443660541,1527.33,0.001,BID
1443660543,1527.33,0.6547,BID
1443660544,1527.33,2.0867,BID
1443660544,1527.33,0.6547,BID
1443660545,1527.33,0.6547,BID
1443660546,1527.33,0.001,BID
1443660546,1527.33,0.6547,BID
1443660547,1527.33,0.6547,BID
1443660548,1527.32,0.6547,BID
1443660549,1527.32,0.5415,BID
1443660549,1527.33,0.1132,BID
1443660551,1527.33,0.6547,BID
1443660554,1527.28,0.01,ASK
1443660554,1527.27,0.01,ASK
1443660554,1527.2,0.0798,ASK
1443660557,1527.32,0.0358,BID
1443660557,1527.32,0.1362,BID
1443660557,1527.33,0.428,BID
1443660558,1527.32,0.0146,BID
1443660558,1527.33,0.0212,BID
1443660566,1527.2,0.4472,ASK
1443660566,1527.18,0.01,ASK
1443660566,1527.18,0.01,ASK
1443660566,1527.16,0.01,ASK
1443660566,1527.15,0.7028,ASK
1443660567,1527.24,0.001,BID
1443660567,1527.33,2.579,BID
1443660567,1527.19,0.4472,BID
1443660567,1527.33,0.7328,BID
1443660568,1527.33,2.0,BID
1443660580,1527.28,0.01,ASK
1443660580,1527.15,0.0898,ASK
1443660585,1527.2,0.01,BID
1443660585,1527.32,0.109,BID
1443660585,1527.33,0.732,BID
1443660586,1527.33,0.109,BID
1443660603,1527.16,0.0215,ASK
1443660603,1527.15,0.43,ASK
1443660603,1527.14,0.01,ASK
1443660603,1527.14,0.01,ASK
1443660603,1527.14,0.1752,ASK
1443660603,1527.13,1.9333,ASK
1443660607,1527.13,1.18,ASK
1443660607,1527.14,0.01,BID
1443660608,1527.14,0.109,BID
1443660608,1527.13,0.65,ASK
1443660609,1527.14,0.0046,BID
1443660609,1527.14,0.3064,BID
1443660610,1527.15,0.015,ASK
1443660610,1527.15,0.0998,ASK
1443660614,1527.27,0.001,BID
1443660631,1527.31,0.0611,BID
1443660631,1527.32,1.2226,BID
1443660631,1527.32,0.1356,BID
1443660631,1527.32,0.01,BID
1443660631,1527.33,8.9649,BID
1443660631,1527.37,0.01,BID
1443660631,1527.38,0.01,BID
1443660631,1527.38,0.01,BID
1443660631,1527.38,0.01,BID
1443660631,1527.48,0.004,BID
1443660631,1527.79,0.002,BID
1443660631,1527.99,0.001,BID
1443660631,1528.0,9.9443,BID
1443660633,1528.0,0.4,ASK
1443660633,1528.0,0.6,ASK
1443660633,1528.0,0.6,ASK
1443660634,1528.0,0.0998,ASK
1443660634,1528.0,0.1,ASK
1443660634,1528.0,0.152,ASK
1443660639,1528.0,0.083,ASK
1443660640,1528.0,0.109,ASK
1443660640,1528.0,0.001,ASK
1443660640,1528.0,0.01,ASK
1443660640,1528.0,0.65,ASK
1443660641,1528.0,0.65,ASK
1443660643,1528.0,0.65,ASK
1443660643,1528.0,0.013,ASK
1443660644,1528.0,0.65,ASK
1443660645,1528.0,0.1,ASK
1443660645,1528.0,0.65,ASK
1443660646,1528.0,0.65,ASK
1443660647,1528.0,0.02,ASK
1443660647,1528.0,0.65,ASK
1443660647,1528.0,1.0,ASK
1443660648,1528.0,0.107,ASK
1443660649,1528.0,0.65,ASK
1443660649,1528.0,0.0317,ASK
1443660650,1528.0,0.142,ASK
1443660650,1528.0,0.142,ASK
1443660653,1528.0,0.025,ASK
1443660656,1528.0,1.0,ASK
1443660656,1528.0,0.1,ASK
1443660660,1528.0,0.383,ASK
1443660661,1528.0,1.0621,ASK
1443660663,1527.95,0.01,ASK
1443660666,1527.99,0.509,BID
1443660667,1527.95,0.0028,ASK
1443660667,1527.99,0.6545,BID
1443660668,1527.99,0.6545,BID
1443660669,1527.95,0.0072,ASK
1443660669,1527.95,0.0028,ASK
1443660669,1527.99,0.371,BID
1443660669,1527.99,0.321,BID
1443660669,1527.99,0.6545,BID
1443660670,1527.99,0.0319,BID
1443660673,1528.02,0.01,BID
1443660673,1528.02,0.04,BID
1443660673,1528.05,0.01,BID
1443660673,1528.05,0.01,BID
1443660673,1528.05,0.01,BID
1443660674,1528.04,0.01,BID
1443660675,1528.05,0.01,ASK
1443660676,1528.05,0.018,ASK
1443660676,1528.05,0.01,ASK
1443660678,1528.05,0.01,ASK
1443660679,1528.28,0.1,BID
1443660679,1528.28,0.07,BID
1443660679,1528.29,0.001,BID
1443660679,1528.29,0.01,BID
1443660679,1528.31,0.001,BID
1443660679,1528.33,0.03,BID
1443660681,1528.05,0.01,BID
1443660689,1528.28,0.01,ASK
1443660692,1528.03,0.05,ASK
1443660693,1528.02,0.0498,BID
1443660694,1528.04,0.01,ASK
1443660695,1528.04,0.01,ASK
1443660705,1528.03,0.0498,ASK
1443660705,1528.01,0.0502,ASK
1443660716,1528.01,0.0144,ASK
1443660716,1528.01,0.0502,ASK
1443660716,1528.0,0.0354,ASK
1443660717,1528.0,0.0144,ASK
1443660717,1528.02,0.0498,BID
1443660717,1528.06,0.01,BID
1443660718,1528.01,0.0207,ASK
1443660718,1528.0,0.3143,ASK
1443660719,1528.03,0.0498,ASK
1443660719,1528.0,0.0148,ASK
1443660720,1528.01,0.0257,BID
1443660720,1528.01,0.0741,BID
1443660720,1528.1,0.01,BID
1443660720,1528.32,0.0159,BID
1443660721,1528.0,0.04,ASK
1443660727,1528.27,0.01,ASK
1443660727,1528.01,0.0354,ASK
1443660727,1528.0,0.2356,ASK
1443660727,1528.0,0.638,ASK
1443660727,1528.0,0.004,ASK
1443660727,1528.0,0.006,ASK
1443660730,1527.96,0.01,ASK
1443660733,1528.0,0.001,BID
1443660734,1527.95,0.0072,ASK
1443660734,1527.94,0.0098,ASK
1443660739,1527.99,0.01,BID
1443660739,1528.0,0.093,BID
1443660739,1528.0,0.001,BID
1443660739,1528.23,0.07,BID
1443660739,1528.33,0.07,BID
1443660739,1528.37,0.01,BID
1443660739,1528.38,0.01,BID
1443660739,1528.4,0.001,BID
1443660739,1528.4,0.004,BID
1443660739,1528.42,0.001,BID
1443660739,1528.46,0.001,BID
1443660739,1528.47,0.001,BID
1443660739,1528.5,0.001,BID
1443660739,1528.93,0.0246,BID
1443660739,1528.94,0.491,BID
1443660739,1528.97,0.0256,BID
1443660739,1528.97,0.0443,BID
1443660739,1528.98,1.399,BID
1443660739,1528.99,0.0998,BID
1443660739,1529.0,0.3,BID
1443660739,1529.0,10.095,BID
1443660742,1528.01,0.01,ASK
1443660742,1528.99,0.006,BID
1443660743,1528.01,0.01,ASK
1443660744,1528.01,0.032,ASK
1443660745,1528.01,0.042,ASK
1443660745,1527.94,0.0002,ASK
1443660745,1527.89,0.01,ASK
1443660745,1527.72,0.001,ASK
1443660745,1527.63,0.0466,BID
1443660746,1528.98,0.004,BID
1443660747,1528.0,0.074,ASK
1443660748,1528.0,0.01,ASK
1443660748,1528.99,0.006,BID
1443660749,1528.0,0.01,ASK
1443660750,1528.01,8.0,ASK
1443660750,1528.01,1.074,ASK
1443660750,1528.0,0.1,ASK
1443660750,1528.0,0.0594,ASK
1443660750,1528.0,0.5746,ASK
1443660751,1528.01,0.01,ASK
1443660752,1528.01,0.0144,ASK
1443660752,1528.01,0.0395,ASK
1443660752,1528.01,0.0365,ASK
1443660752,1528.0,0.4426,ASK
1443660753,1528.05,0.01,BID
1443660753,1528.0,0.178,ASK
1443660753,1528.0,0.65,ASK
1443660754,1528.0,0.65,ASK
1443660755,1528.0,0.65,ASK
1443660755,1528.0,0.014,ASK
1443660756,1528.0,0.65,ASK
1443660757,1528.0,0.01,ASK
1443660757,1528.0,0.0078,ASK
1443660758,1528.01,0.129,ASK
1443660760,1528.01,0.01,ASK
1443660761,1528.98,0.01,BID
1443660762,1528.01,0.05,ASK
1443660762,1528.97,5.0,ASK
1443660762,1528.97,2.842,ASK
1443660766,1528.02,0.1,ASK
1443660768,1528.92,0.01,ASK
1443660768,1528.02,0.101,ASK
1443660769,1528.98,0.0399,BID
1443660770,1528.02,0.0998,ASK
1443660771,1528.02,0.026,ASK
1443660773,1528.02,0.0248,ASK
1443660773,1528.97,0.1061,BID
1443660776,1528.03,0.076,ASK
1443660778,1528.96,0.0721,BID
1443660781,1528.92,0.01,ASK
1443660784,1528.03,0.109,ASK
1443660784,1528.02,0.891,ASK
1443660785,1528.41,21.694,ASK
1443660789,1528.02,0.001,ASK
1443660791,1528.02,0.01,ASK
1443660797,1528.36,0.01,ASK
1443660799,1528.0,0.51,ASK
1443660807,1528.0,1.0,ASK
1443660808,1528.0,0.65,ASK
1443660811,1528.02,0.01,BID
1443660811,1528.02,0.0798,BID
1443660811,1528.07,0.01,BID
1443660811,1528.46,0.01,BID
1443660811,1528.94,0.0354,BID
1443660811,1528.95,0.8648,BID
1443660814,1528.42,0.4,ASK
1443660814,1528.42,0.437,ASK
1443660814,1528.42,0.367,ASK
1443660814,1528.42,1.722,ASK
1443660814,1528.42,0.437,ASK
1443660814,1528.42,0.4,ASK
1443660814,1528.42,0.437,ASK
1443660814,1528.42,0.01,ASK
1443660815,1528.03,0.0898,ASK
1443660815,1528.01,0.0022,ASK
1443660820,1528.37,0.01,ASK
1443660821,1528.01,0.0333,ASK
1443660821,1528.0,0.9667,ASK
1443660827,1528.01,0.1,ASK
1443660827,1528.01,0.7655,ASK
1443660827,1528.01,0.2345,ASK
1443660828,1528.01,0.2106,ASK
1443660829,1528.01,0.01,ASK
1443660835,1528.03,0.0998,BID
1443660837,1528.04,0.0002,ASK
1443660837,1528.04,0.0998,ASK
1443660837,1528.01,0.006,ASK
1443660839,1528.01,0.012,ASK
1443660842,1528.01,0.144,ASK
1443660843,1528.01,1.0,ASK
1443660843,1528.01,0.0998,ASK
1443660854,1528.01,0.0998,ASK
1443660858,1528.06,0.001,BID
1443660861,1528.06,0.009,BID
1443660861,1528.06,0.001,BID
1443660866,1528.01,1.0,ASK
1443660869,1528.01,1.0,ASK
1443660870,1528.01,0.01,ASK
1443660873,1528.01,0.0155,ASK
1443660874,1528.01,0.1578,ASK
1443660874,1528.0,0.8422,ASK
1443660875,1528.01,0.01,BID
1443660875,1528.06,0.009,BID
1443660875,1528.06,0.01,BID
1443660875,1528.06,0.01,BID
1443660880,1528.34,0.01,BID
1443660880,1528.34,0.0155,BID
1443660884,1528.01,0.0998,BID
1443660884,1528.35,0.0033,BID
1443660884,1528.47,0.01,BID
1443660884,1528.52,0.001,BID
1443660884,1528.96,0.1782,BID
1443660884,1528.97,0.0547,BID
1443660884,1528.98,1.0761,BID
1443660884,1528.98,0.0184,BID
1443660884,1528.99,0.189,BID
1443660884,1528.99,0.109,BID
1443660884,1528.99,0.0534,BID
1443660886,1528.99,0.012,ASK
1443660886,1528.99,0.01,ASK
1443660886,1528.99,0.01,ASK
1443660887,1528.99,0.6,ASK
1443660887,1528.99,0.947,ASK
1443660887,1528.99,1.579,ASK
1443660887,1528.99,0.419,ASK
1443660887,1528.99,0.2,ASK
1443660888,1528.99,0.0505,ASK
1443660888,1528.99,0.4,ASK
1443660888,1528.99,0.01,ASK
1443660888,1528.99,2.0,ASK
1443660888,1528.99,0.01,ASK
1443660889,1528.99,0.5,ASK
1443660890,1528.99,0.264,ASK
1443660890,1528.99,0.75,ASK
1443660890,1528.99,0.2,ASK
1443660892,1528.99,0.089,ASK
1443660892,1528.99,0.17,ASK
1443660893,1528.99,0.364,ASK
1443660893,1528.99,0.3647,ASK
1443660893,1528.99,0.07,ASK
1443660893,1528.99,0.01,ASK
1443660894,1529.0,0.01,BID
1443660894,1528.99,0.5,ASK
1443660894,1528.99,0.359,ASK
1443660894,1529.0,0.01,BID
1443660895,1528.99,0.03,ASK
1443660895,1528.99,0.01,ASK
1443660895,1528.99,0.443,ASK
1443660895,1528.99,0.17,ASK
1443660897,1528.99,0.01,ASK
1443660898,1528.99,0.2657,ASK
1443660898,1528.95,0.01,ASK
1443660898,1528.92,0.07,ASK
1443660898,1528.29,0.01,ASK
1443660899,1528.05,5.0,ASK
1443660899,1528.05,2.0,ASK
1443660899,1528.05,1.674,ASK
1443660899,1528.2,0.368,BID
1443660901,1528.04,0.01,ASK
1443660902,1528.2,0.276,BID
1443660903,1528.2,0.0003,BID
1443660906,1528.22,0.01,ASK
1443660908,1528.22,0.0038,ASK
1443660908,1528.21,0.0062,ASK
1443660908,1528.21,0.1,ASK
1443660911,1528.21,0.1698,ASK
1443660911,1528.21,0.1302,ASK
1443660915,1528.23,0.07,BID
1443660917,1528.16,0.01,ASK
1443660918,1528.07,9.0,ASK
1443660918,1528.07,6.113,ASK
1443660920,1528.19,0.01,ASK
1443660923,1528.19,0.001,ASK
1443660923,1528.26,0.01,BID
1443660924,1528.07,0.05,ASK
1443660933,1528.21,0.01,ASK
1443660938,1528.19,0.023,BID
1443660948,1528.14,0.01,ASK
1443660950,1528.06,0.1,ASK
1443660954,1528.19,0.0668,BID
1443660955,1528.22,0.01,ASK
1443660958,1528.22,0.0998,ASK
1443660959,1528.22,0.036,ASK
1443660959,1528.22,0.2763,ASK
1443660967,1528.23,0.01,ASK
1443660967,1528.22,0.029,ASK
1443660974,1528.23,0.07,BID
1443660974,1528.24,0.01,BID
1443660974,1528.27,0.01,BID
1443660974,1528.3,0.01,BID
1443660976,1528.31,0.028,ASK
1443660978,1528.32,0.01,ASK
1443660980,1528.32,0.4939,ASK
1443660980,1528.31,0.072,ASK
1443660980,1528.31,0.1,ASK
1443660980,1528.25,0.01,ASK
1443660980,1528.24,0.07,ASK
1443660980,1528.23,0.0527,ASK
1443660980,1528.22,0.2014,ASK
1443660980,1528.22,0.011,ASK
1443660981,1528.35,0.01,BID
1443660984,1528.36,0.01,ASK
1443660988,1528.36,0.01,ASK
1443660989,1528.24,0.01,ASK
1443660990,1528.31,0.066,BID
1443660991,1528.24,0.01,ASK
1443660991,1528.24,0.001,ASK
1443660991,1528.31,0.0238,BID
1443660993,1528.32,0.066,ASK
1443660993,1528.32,0.0238,ASK
1443660993,1528.29,0.0033,ASK
1443660993,1528.24,0.2239,ASK
1443660993,1528.24,0.01,ASK
1443660995,1528.26,0.01,ASK
1443660995,1528.24,0.062,ASK
1443660996,1528.24,0.01,ASK
1443660996,1528.24,0.0002,ASK
1443660996,1528.23,0.072,ASK
1443660998,1528.23,0.01,ASK
1443661000,1528.36,0.01,BID
1443661000,1528.89,0.0161,BID
1443661000,1528.23,0.027,ASK
1443661000,1528.22,0.01,ASK
1443661001,1528.22,0.037,ASK
1443661003,1528.35,0.4,BID
1443661003,1528.22,0.063,ASK
1443661003,1528.35,0.1039,BID
1443661004,1528.36,0.01,ASK
1443661004,1528.36,0.0252,ASK
1443661006,1528.36,0.035,ASK
1443661006,1528.89,0.01,BID
1443661011,1528.37,0.071,ASK
1443661014,1528.2,0.0668,ASK
1443661014,1528.17,0.01,ASK
1443661014,1528.17,0.0022,ASK
1443661014,1528.17,0.0078,ASK
1443661014,1528.05,0.0026,ASK
1443661016,1528.36,0.0998,BID
1443661021,1528.37,0.0002,ASK
1443661021,1528.37,0.0998,ASK
1443661024,1528.36,0.01,BID
1443661024,1528.36,0.01,BID
1443661024,1528.32,0.01,ASK
1443661024,1528.06,0.01,ASK
1443661024,1528.05,0.08,ASK
1443661024,1528.36,0.0802,BID
1443661024,1528.41,0.025,BID
1443661024,1528.41,0.01,BID
1443661026,1528.42,0.01,BID
1443661028,1528.43,0.01,ASK
1443661028,1528.42,0.051,ASK
1443661031,1528.42,0.01,ASK
1443661044,1528.06,0.025,ASK
1443661045,1528.1,0.0252,ASK
1443661047,1528.1,0.025,ASK
1443661047,1528.1,0.01,ASK
1443661050,1528.1,0.01,ASK
1443661054,1528.1,1.0,ASK
1443661055,1528.1,0.0868,ASK
1443661061,1528.1,1.0,ASK
1443661066,1528.1,0.01,ASK
1443661067,1528.1,0.0998,ASK
1443661076,1528.1,0.01,ASK
1443661082,1528.1,1.0,ASK
1443661087,1528.1,1.0,ASK
1443661090,1528.15,0.01,BID
1443661090,1528.15,0.01,BID
1443661090,1528.15,0.01,BID
1443661090,1528.23,0.07,BID
1443661090,1528.24,0.0046,BID
1443661091,1528.38,0.0998,BID
1443661091,1528.89,0.0002,BID
1443661091,1528.24,0.01,ASK
1443661092,1528.24,0.0854,ASK
1443661092,1528.24,0.0144,ASK
1443661115,1528.11,0.01,ASK
1443661120,1528.11,0.0998,ASK
1443661120,1528.16,0.01,BID
1443661124,1528.17,0.0011,ASK
1443661125,1528.21,0.0046,BID
1443661127,1528.21,0.0054,BID
1443661127,1528.88,0.01,BID
1443661127,1528.88,0.036,BID
1443661128,1528.88,0.1098,ASK
1443661130,1528.88,0.019,ASK
1443661133,1528.88,0.011,ASK
1443661134,1528.88,0.19,ASK
1443661134,1528.89,0.0737,BID
1443661134,1528.89,0.0283,BID
1443661134,1528.89,0.0378,BID
1443661134,1528.89,0.0642,BID
1443661136,1528.89,0.0411,BID
1443661136,1528.9,0.204,BID
1443661137,1528.9,0.2451,BID
1443661138,1528.88,0.11,ASK
1443661138,1528.89,0.0146,BID
1443661138,1528.9,0.6395,BID
1443661139,1528.88,0.1628,ASK
1443661144,1528.83,0.01,ASK
1443661152,1528.78,0.01,ASK
1443661166,1528.23,0.07,BID
1443661170,1528.73,0.01,ASK
1443661170,1528.15,0.015,ASK
1443661180,1528.18,0.097,BID
1443661181,1528.18,0.0028,BID
1443661189,1528.19,0.05,ASK
1443661190,1528.19,0.047,ASK
1443661193,1528.18,0.05,BID
1443661193,1528.18,0.097,BID
1443661194,1528.19,0.012,ASK
1443661195,1528.19,0.135,ASK
1443661195,1528.19,0.05,ASK
1443661195,1528.15,0.0611,ASK
1443661195,1528.14,0.7539,ASK
1443661199,1528.14,0.202,ASK
1443661204,1528.18,0.147,BID
1443661204,1528.19,0.0998,BID
1443661204,1528.19,0.0002,BID
1443661204,1528.19,0.0098,BID
1443661211,1528.23,0.01,BID
1443661214,1528.24,0.01,BID
1443661216,1528.16,20.168,BID
1443661225,1528.19,0.01,ASK
1443661225,1528.15,0.0138,ASK
1443661225,1528.14,0.076,ASK
1443661226,1528.29,0.01,BID
1443661228,1528.3,0.01,ASK
1443661234,1528.17,0.0252,ASK
1443661234,1528.15,0.01,ASK
1443661234,1528.14,0.1902,ASK
1443661234,1528.14,0.01,ASK
1443661236,1528.14,0.086,BID
1443661237,1528.14,0.0003,BID
1443661254,1528.16,0.0998,BID
1443661262,1528.18,0.0998,BID
1443661262,1528.19,0.0002,BID
1443661263,1528.19,0.0008,BID
1443661270,1528.21,0.01,BID
1443661279,1528.2,0.01,BID
1443661280,1528.2,0.01,BID
1443661280,1528.2,0.0798,BID
1443661280,1528.24,0.01,BID
1443661286,1528.26,0.01,ASK
1443661292,1528.68,0.01,BID
1443661294,1528.21,0.0898,ASK
1443661294,1528.2,0.0611,ASK
1443661294,1528.19,0.0998,ASK
1443661294,1528.19,0.7493,ASK
1443661295,1528.69,0.001,BID
1443661298,1528.69,0.009,ASK
1443661298,1528.28,0.001,ASK
1443661301,1528.83,0.01,BID
1443661303,1528.29,0.504,ASK
1443661303,1528.28,0.496,ASK
1443661306,1528.84,0.01,ASK
1443661306,1528.28,0.0898,ASK
1443661307,1528.28,1.0,ASK
1443661308,1528.33,0.01,BID
1443661308,1528.34,0.01,BID
1443661311,1528.33,0.001,BID
1443661312,1528.33,0.128,BID
1443661312,1528.33,0.071,BID
1443661314,1528.28,1.0,ASK
1443661315,1528.34,0.503,ASK
1443661315,1528.33,0.147,ASK
1443661315,1528.33,0.356,ASK
1443661315,1528.28,0.644,ASK
1443661321,1528.28,0.001,ASK
1443661331,1528.32,0.304,BID
1443661334,1528.28,0.0998,ASK
1443661334,1528.28,1.0,ASK
1443661335,1528.33,0.01,BID
1443661335,1528.45,0.3302,ASK
1443661338,1528.88,0.01,BID
1443661338,1528.88,0.0998,BID
1443661338,1528.88,0.064,BID
1443661338,1528.89,0.8262,BID
1443661347,1528.46,0.0388,ASK
1443661347,1528.46,0.0252,ASK
1443661347,1528.45,0.936,ASK
1443661355,1528.45,0.221,ASK
1443661359,1528.45,0.121,ASK
1443661363,1528.45,0.034,ASK
1443661366,1528.45,0.0998,ASK
1443661374,1528.45,0.09,ASK
1443661376,1528.45,0.048,ASK
1443661378,1528.45,0.013,ASK
1443661382,1528.45,0.026,ASK
1443661384,1528.45,0.0334,ASK
1443661384,1528.4,0.01,ASK
1443661384,1528.4,0.01,ASK
1443661384,1528.4,0.0056,ASK
1443661391,1528.49,0.022,BID
1443661391,1528.5,0.01,BID
1443661391,1528.5,0.01,BID
1443661391,1528.5,0.3997,BID
1443661391,1528.5,0.01,BID
1443661391,1528.5,0.01,BID
1443661391,1528.78,0.0198,BID
1443661391,1528.79,0.3959,BID
1443661391,1528.79,0.0524,BID
1443661391,1528.8,0.2502,BID
1443661391,1528.8,2.58,BID
1443661391,1528.45,0.01,BID
1443661391,1528.8,0.0812,BID
1443661391,1528.93,0.01,BID
1443661391,1528.99,0.0998,BID
1443661391,1528.99,0.109,BID
1443661391,1529.0,1.69,BID
1443661392,1528.4,0.002,ASK
1443661392,1528.45,0.022,BID
1443661393,1528.43,0.0998,BID
1443661393,1528.45,0.2462,BID
1443661393,1528.45,0.44,BID
1443661394,1528.45,0.6543,BID
1443661396,1528.45,0.2375,BID
1443661396,1528.99,0.1024,BID
1443661396,1529.0,0.8401,BID
1443661406,1528.47,0.025,ASK
1443661421,1528.52,0.01,BID
1443661421,1528.99,0.025,BID
1443661421,1529.0,2.0611,BID
1443661423,1528.51,0.0998,ASK
1443661424,1528.52,0.1155,ASK
1443661429,1528.51,0.0157,ASK
1443661429,1528.51,0.0617,ASK
1443661429,1528.5,0.0316,ASK
1443661430,1528.51,0.0157,ASK
1443661436,1528.56,0.01,BID
1443661436,1528.56,0.01,BID
1443661438,1528.55,0.089,BID
1443661451,1528.51,0.0037,ASK
1443661451,1528.5,0.0961,ASK
1443661451,1528.5,0.0097,ASK
1443661455,1528.56,0.01,ASK
1443661455,1528.56,0.014,ASK
1443661457,1528.59,0.0265,BID
1443661457,1528.6,0.01,BID
1443661457,1528.99,0.0157,BID
1443661457,1529.0,0.1,BID
1443661457,1529.0,0.3,BID
1443661457,1529.02,0.01,BID
1443661457,1529.02,0.01,BID
1443661457,1529.04,0.015,BID
1443661457,1529.04,0.01,BID
1443661457,1529.05,0.01,BID
1443661457,1529.05,0.01,BID
1443661457,1529.17,0.0774,BID
1443661457,1529.17,0.0998,BID
1443661457,1529.18,32.002,BID
1443661475,1528.57,0.071,ASK
1443661480,1528.59,0.0252,ASK
1443661480,1528.57,0.0003,ASK
1443661480,1528.56,0.2265,ASK
1443661480,1528.56,0.252,ASK
1443661483,1528.62,0.01,BID
1443661484,1528.57,0.0474,ASK
1443661487,1528.57,0.052,BID
1443661488,1528.57,0.0004,BID
1443661503,1528.59,0.001,ASK
1443661510,1528.58,0.001,ASK
1443661512,1528.59,0.01,ASK
1443661512,1528.58,0.051,ASK
1443661512,1528.58,0.0388,ASK
1443661513,1528.63,4.566,ASK
1443661514,1528.58,0.65,ASK
1443661514,1528.64,0.01,BID
1443661517,1528.65,0.001,ASK
1443661528,1528.7,0.01,BID
1443661528,1529.17,0.0747,BID
1443661528,1529.17,0.0474,BID
1443661528,1529.17,0.0255,BID
1443661528,1529.18,3.113,BID
1443661543,1528.69,0.0998,ASK
1443661550,1529.13,0.01,ASK
1443661550,1528.89,0.01,ASK
1443661552,1528.89,0.01,ASK
1443661553,1528.68,0.01,ASK
1443661565,1529.0,0.02,ASK
1443661567,1529.0,0.816,ASK
1443661568,1529.0,0.3875,ASK
1443661570,1529.0,0.0998,ASK
1443661575,1529.0,0.0199,ASK
1443661576,1529.0,0.011,ASK
1443661593,1529.0,0.8158,ASK
1443661593,1528.95,0.01,ASK
1443661593,1528.95,0.01,ASK
1443661593,1528.87,0.02,ASK
1443661593,1528.68,0.0511,ASK
1443661593,1528.67,0.0931,ASK
1443661596,1529.04,0.0998,BID
1443661596,1529.05,0.01,BID
1443661596,1529.05,0.01,BID
1443661596,1529.05,0.01,BID
1443661596,1529.16,0.01,BID
1443661596,1529.16,0.0244,BID
1443661596,1529.17,0.6888,BID
1443661596,1529.17,0.0267,BID
1443661596,1529.18,0.1203,BID
1443661621,1529.0,0.0998,BID
1443661621,1529.18,0.8002,BID
1443661621,1528.95,0.01,ASK
1443661628,1529.02,0.0998,ASK
1443661628,1529.02,0.357,ASK
1443661629,1529.02,0.047,ASK
1443661629,1529.01,0.052,ASK
1443661633,1529.17,0.1,BID
1443661634,1529.01,0.038,ASK
1443661634,1529.17,0.4038,BID
1443661634,1529.18,0.0575,BID
1443661634,1529.18,0.0425,BID
1443661635,1529.01,0.0098,ASK
1443661636,1529.0,0.038,BID
1443661637,1529.02,0.01,ASK
1443661641,1529.01,0.038,ASK
1443661641,1528.97,0.01,ASK
1443661641,1528.96,0.004,ASK
1443661656,1528.96,0.006,ASK
1443661663,1528.69,0.01,BID
1443661668,1528.68,0.0565,ASK
1443661668,1528.67,1.1292,ASK
1443661668,1528.64,0.01,ASK
1443661668,1528.6,0.01,ASK
1443661668,1528.59,0.1199,ASK
1443661668,1528.58,3.3112,ASK
1443661668,1528.58,0.001,ASK
1443661668,1528.54,0.01,ASK
1443661668,1528.52,0.01,ASK
1443661668,1528.5,0.01,ASK
1443661668,1528.47,0.0202,ASK
1443661668,1528.46,0.6392,ASK
1443661683,1528.67,0.0565,BID
1443661683,1528.69,0.0838,BID
1443661683,1528.74,0.01,BID
1443661683,1529.0,0.001,BID
1443661683,1529.0,0.01,BID
1443661683,1529.06,0.01,BID
1443661683,1529.07,0.01,BID
1443661683,1529.16,0.065,BID
1443661683,1529.17,1.2223,BID
1443661683,1529.17,0.0549,BID
1443661683,1529.17,0.0767,BID
1443661683,1529.18,4.939,BID
1443661686,1528.68,0.0565,ASK
1443661686,1528.64,0.01,ASK
1443661686,1528.46,0.0151,ASK
1443661686,1528.46,0.01,ASK
1443661686,1528.46,0.0082,ASK
1443661708,1529.18,0.4,ASK
1443661708,1529.18,0.12,ASK
1443661714,1528.46,0.0018,ASK
1443661714,1528.45,0.01,ASK
1443661714,1528.42,0.01,ASK
1443661714,1528.4,0.0024,ASK
1443661714,1528.4,0.01,ASK
1443661714,1528.36,0.001,ASK
1443661714,1528.35,0.01,ASK
1443661716,1528.32,0.01,BID
1443661717,1528.26,2.0,BID
1443661717,1528.26,9.601,BID
1443661719,1528.32,0.0446,BID
1443661722,1528.37,0.01,BID
1443661722,1528.96,0.001,BID
1443661724,1529.0,0.558,ASK
1443661726,1529.0,0.345,ASK
1443661727,1529.0,0.39,ASK
1443661727,1529.0,0.65,ASK
1443661727,1529.0,0.246,ASK
1443661730,1528.5,0.503,BID
1443661730,1528.5,0.497,BID
1443661736,1528.55,0.01,BID
1443661736,1528.73,0.02,BID
1443661737,1528.52,0.0327,ASK
1443661737,1528.51,0.4643,ASK
1443661738,1528.55,0.01,ASK
1443661738,1528.51,0.0227,ASK
1443661745,1528.51,0.0998,ASK
1443661769,1528.52,0.0998,ASK
1443661791,1528.56,0.01,BID
1443661800,1528.52,0.0998,ASK
1443661807,1528.6,0.01,BID
1443661813,1528.6,0.001,BID
1443661816,1528.6,0.009,BID
1443661816,1529.0,0.0061,BID
1443661816,1529.15,0.0124,BID
1443661816,1529.16,0.0725,BID
1443661820,1528.65,0.01,BID
1443661820,1529.15,0.048,BID
1443661820,1529.16,0.1754,BID
1443661820,1529.23,0.01,BID
1443661820,1529.23,0.01,BID
1443661820,1529.25,0.001,BID
1443661820,1529.27,0.0526,BID
1443661822,1529.26,3.0,BID
1443661822,1529.26,1.012,BID
1443661828,1529.21,0.01,ASK
1443661830,1528.56,0.01,ASK
1443661830,1528.55,0.01,ASK
1443661830,1528.54,0.0283,ASK
1443661830,1528.54,0.0515,ASK
1443661841,1528.6,0.001,ASK
1443661856,1528.57,0.0242,ASK
1443661856,1528.57,0.0369,ASK
1443661856,1528.56,0.0221,ASK
1443661857,1528.65,0.01,BID
1443661858,1528.57,0.0242,ASK
1443661859,1528.57,0.0102,ASK
1443661859,1528.57,0.0509,ASK
1443661868,1528.61,0.0509,BID
1443661868,1528.62,0.01,BID
1443661896,1528.63,0.02,BID
1443661904,1528.62,0.001,ASK
1443661910,1528.63,0.0632,BID
1443661910,1528.67,0.01,BID
1443661910,1528.67,0.0068,BID
1443661912,1528.64,0.0632,ASK
1443661912,1528.62,0.02,ASK
1443661933,1528.63,0.0713,ASK
1443661953,1528.67,0.0032,BID
1443661959,1528.63,0.0624,ASK
1443661959,1528.63,0.0022,ASK
1443661960,1528.68,0.01,BID
1443661960,1528.68,0.01,BID
1443661960,1528.63,0.65,ASK
1443661983,1528.63,0.0499,ASK
1443661984,1528.63,0.5011,ASK
1443662000,1528.68,0.01,BID
1443662000,1528.72,0.01,BID
1443662000,1529.26,0.04,BID
1443662000,1529.29,0.04,BID
1443662000,1529.29,0.02,BID
1443662009,1529.24,0.01,ASK
1443662011,1528.88,0.0333,ASK
1443662011,1528.88,0.01,ASK
1443662013,1528.89,0.5039,ASK
1443662013,1528.88,0.4961,ASK
1443662019,1528.92,0.4,BID
1443662020,1528.92,0.1039,BID
1443662020,1528.93,0.01,BID
1443662020,1528.93,0.2861,ASK
1443662020,1528.88,0.7139,ASK
1443662027,1528.93,0.5039,ASK
1443662027,1528.93,0.4961,ASK
1443662028,1528.93,0.001,ASK
1443662030,1529.29,0.04,BID
1443662030,1529.3,0.01,BID
1443662030,1529.34,0.01,BID
1443662030,1529.35,0.001,BID
1443662030,1529.38,0.001,BID
1443662030,1529.41,0.0998,BID
1443662030,1529.42,0.005,BID
1443662030,1529.46,0.1,BID
1443662030,1529.62,0.001,BID
1443662030,1529.67,0.001,BID
1443662030,1529.68,0.001,BID
1443662030,1529.73,0.002,BID
1443662030,1529.83,0.1,BID
1443662030,1529.86,0.001,BID
1443662030,1529.89,0.1,BID
1443662030,1529.98,0.0203,BID
1443662030,1529.98,0.0283,BID
1443662030,1529.98,0.148,BID
1443662030,1529.98,0.0221,BID
1443662030,1529.99,0.3085,BID
1443662034,1528.95,0.01,ASK
1443662042,1528.93,0.0068,ASK
1443662042,1528.91,0.0611,ASK
1443662042,1528.9,0.9321,ASK
1443662053,1528.91,0.0135,BID
1443662076,1528.95,0.01,BID
1443662076,1528.96,0.01,BID
1443662089,1528.95,0.0028,BID
1443662089,1528.96,0.01,BID
1443662089,1528.98,0.0072,BID
1443662103,1528.98,0.0028,BID
1443662103,1529.03,0.01,BID
1443662115,1529.05,10.0,ASK
1443662125,1529.06,0.01,ASK
1443662138,1529.0,0.004,ASK
1443662149,1529.05,0.01,BID
1443662149,1529.1,0.01,BID
1443662149,1529.1,0.01,BID
1443662183,1529.26,0.04,BID
1443662183,1529.72,0.001,BID
1443662183,1529.95,0.0466,BID
1443662183,1529.95,0.01,BID
1443662183,1529.96,0.0024,BID
1443662188,1529.27,0.04,ASK
1443662192,1529.95,0.0145,BID
1443662192,1529.95,0.01,BID
1443662192,1529.96,0.9297,BID
1443662192,1529.99,5.3258,BID
1443662192,1529.91,0.01,ASK
1443662195,1529.04,0.01,ASK
1443662199,1529.09,0.01,BID
1443662201,1529.26,0.001,ASK
1443662203,1529.27,0.0247,ASK
1443662203,1529.27,0.0153,ASK
1443662207,1529.98,0.01,BID
1443662207,1529.98,0.0247,BID
1443662207,1529.98,0.0153,BID
1443662207,1529.98,0.01,BID
1443662207,1529.99,13.2934,BID
1443662209,1529.27,0.0342,ASK
1443662209,1529.27,0.1224,ASK
1443662209,1529.27,0.067,ASK
1443662209,1529.27,0.7634,ASK
1443662216,1529.32,0.01,BID
1443662224,1529.97,0.1224,BID
1443662224,1529.97,0.0342,BID
1443662224,1529.97,0.067,BID
1443662224,1529.98,6.7764,BID
1443662224,1529.98,3.2235,BID
1443662224,1529.99,35.7765,BID
1443662228,1529.37,0.01,BID
1443662249,1529.99,2.28,BID
1443662254,1529.42,0.0011,ASK
1443662258,1529.94,0.01,ASK
1443662276,1529.45,0.1,ASK
1443662281,1529.5,0.01,BID
1443662281,1529.99,3.99,BID
1443662287,1529.4,0.0611,ASK
1443662287,1529.4,0.01,ASK
1443662287,1529.39,0.0289,ASK
1443662288,1529.5,0.0711,ASK
1443662289,1529.97,10.725,ASK
1443662291,1529.5,0.01,ASK
1443662304,1529.5,0.0071,ASK
1443662309,1529.6,0.01,ASK
1443662326,1529.64,0.1,BID
1443662326,1529.65,0.01,BID
1443662326,1529.98,0.0622,BID
1443662329,1529.98,0.416,ASK
1443662331,1529.98,0.65,ASK
1443662332,1529.98,11.2802,ASK
1443662334,1529.65,0.05,ASK
1443662335,1529.98,0.0298,BID
1443662335,1529.93,0.01,ASK
1443662335,1529.65,0.05,ASK
1443662335,1529.61,0.0245,ASK
1443662335,1529.6,0.0155,ASK
1443662336,1529.97,7.0,ASK
1443662336,1529.97,5.0,ASK
1443662336,1529.97,1.748,ASK
1443662353,1529.65,0.1,ASK
1443662354,1529.65,0.001,ASK
1443662365,1529.61,0.0237,ASK
1443662365,1529.6,0.0763,ASK
1443662369,1529.69,0.1,BID
1443662370,1529.7,0.01,BID
1443662373,1529.7,0.01,ASK
1443662394,1529.7,0.01,ASK
1443662409,1529.7,0.001,ASK
1443662424,1529.7,0.01,ASK
1443662441,1529.7,0.01,ASK
1443662484,1529.69,0.001,BID
1443662484,1529.7,0.001,BID
1443662497,1529.67,0.01,ASK
1443662501,1529.75,0.01,BID
1443662501,1529.75,0.01,BID
1443662501,1529.75,0.01,BID
1443662504,1529.75,0.01,ASK
1443662522,1529.67,0.001,ASK
1443662526,1529.8,0.01,BID
1443662526,1529.9,0.001,BID
1443662526,1529.96,0.0822,BID
1443662526,1529.97,0.0289,BID
1443662526,1529.98,0.0245,BID
1443662526,1529.98,0.0237,BID
1443662526,1529.98,0.01,BID
1443662526,1529.99,0.1727,BID
1443662527,1529.99,0.4,BID
1443662529,1529.99,0.5,BID
1443662530,1529.99,0.6536,BID
1443662531,1530.0,0.392,BID
1443662531,1530.0,0.0998,BID
1443662531,1530.0,0.1618,BID
1443662533,1530.0,0.1382,BID
1443662533,1530.0,0.3618,BID
1443662534,1529.99,0.01,ASK
1443662534,1529.97,0.6536,BID
1443662534,1529.97,0.527,BID
1443662534,1529.97,0.273,BID
1443662535,1529.97,0.028,BID
1443662536,1529.97,0.5882,BID
1443662537,1529.97,0.6536,BID
1443662538,1529.97,0.6536,BID
1443662539,1529.97,0.6536,BID
1443662540,1529.94,0.01,ASK
1443662541,1529.97,0.01,BID
1443662541,1529.97,0.6536,BID
1443662542,1529.97,0.6,BID
1443662542,1529.97,0.6536,BID
1443662543,1529.97,0.6536,BID
1443662545,1529.97,0.812,BID
1443662545,1529.97,0.5882,BID
1443662545,1529.97,0.812,BID
1443662545,1529.97,0.812,BID
1443662545,1529.97,0.32,BID
1443662545,1529.97,0.812,BID
1443662545,1529.97,0.5,BID
1443662545,1529.97,0.812,BID
1443662545,1529.97,0.812,BID
1443662545,1529.97,0.812,BID
1443662545,1529.97,0.812,BID
1443662545,1529.97,0.77,BID
1443662545,1529.97,0.01,BID
1443662545,1529.97,0.6536,BID
1443662546,1529.97,0.429,BID
1443662546,1529.97,0.6536,BID
1443662547,1529.97,0.012,BID
1443662547,1529.92,0.01,ASK
1443662547,1529.97,0.6536,BID
1443662548,1529.97,0.01,BID
1443662548,1529.97,0.6536,BID
1443662549,1529.97,0.6536,BID
1443662550,1529.97,0.351,BID
1443662550,1529.97,0.009,BID
1443662550,1529.97,0.007,BID
1443662550,1529.97,0.6536,BID
1443662551,1529.97,0.1,BID
1443662551,1529.97,0.6536,BID
1443662552,1529.97,0.6536,BID
1443662553,1529.97,0.315,BID
1443662553,1529.97,0.6536,BID
1443662554,1529.97,0.6536,BID
1443662555,1529.97,0.6536,BID
1443662555,1529.97,0.56,BID
1443662555,1529.81,0.0021,ASK
1443662555,1529.97,0.01,BID
1443662556,1529.97,0.35,BID
1443662556,1529.97,0.5882,BID
1443662556,1529.97,0.6536,BID
1443662557,1529.97,0.6536,BID
1443662558,1529.97,0.6536,BID
1443662559,1529.97,0.706,BID
1443662559,1529.81,0.01,BID
1443662559,1529.97,0.6436,BID
1443662560,1529.83,0.01,ASK
1443662560,1529.8,0.0021,ASK
1443662560,1529.7,0.0049,ASK
1443662560,1529.97,0.6536,BID
1443662562,1529.96,0.0021,BID
1443662562,1529.97,0.6515,BID
1443662563,1529.97,0.01,BID
1443662563,1529.97,0.6536,BID
1443662563,1529.97,1.5,BID
1443662564,1529.92,0.01,ASK
1443662566,1529.97,0.805,BID
1443662567,1529.97,0.6536,BID
1443662569,1529.97,4.5602,BID
1443662570,1529.97,0.208,BID
1443662573,1529.79,0.0016,BID
1443662573,1529.97,2.5161,BID
1443662575,1529.97,0.6,BID
1443662576,1529.93,4.0,BID
1443662576,1529.93,2.0,BID
1443662576,1529.93,5.629,BID
1443662598,1529.97,0.1018,ASK
1443662602,1529.98,0.01,BID
1443662602,1529.99,0.5782,BID
1443662603,1529.99,0.6536,BID
1443662604,1529.99,0.6536,BID
1443662605,1529.99,0.6536,BID
1443662606,1529.99,0.6536,BID
1443662607,1529.97,0.01,ASK
1443662607,1529.99,0.6536,BID
1443662608,1529.99,0.6536,BID
1443662609,1529.99,0.6536,BID
1443662609,1529.97,0.01,ASK
1443662610,1529.99,0.6536,BID
1443662611,1529.99,0.6536,BID
1443662612,1529.99,0.6536,BID
1443662613,1529.99,0.6536,BID
1443662614,1529.99,1.2223,BID
1443662614,1529.99,0.6536,BID
1443662622,1529.98,0.001,ASK
1443662625,1529.98,0.0397,ASK
1443662625,1529.98,0.1515,ASK
1443662625,1529.98,0.0191,ASK
1443662625,1529.98,0.109,ASK
1443662626,1529.97,0.2103,ASK
1443662628,1529.98,0.01,BID
1443662630,1529.97,0.01,ASK
1443662632,1529.97,0.2461,ASK
1443662632,1529.97,1.7539,ASK
1443662633,1529.97,0.65,ASK
1443662634,1529.97,0.65,ASK
1443662634,1529.97,1.18,ASK
1443662635,1529.97,0.65,ASK
1443662636,1529.97,2.58,ASK
1443662636,1529.97,0.65,ASK
1443662637,1529.97,0.65,ASK
1443662638,1529.97,0.001,ASK
1443662639,1529.97,0.65,ASK
1443662641,1529.97,0.65,ASK
1443662642,1529.97,0.65,ASK
1443662643,1529.97,0.65,ASK
1443662644,1529.97,0.65,ASK
1443662645,1529.97,0.65,ASK
1443662645,1529.98,0.01,BID
1443662646,1529.97,0.65,ASK
1443662647,1529.98,0.01,BID
1443662647,1529.97,0.65,ASK
1443662647,1529.97,0.0039,ASK
1443662648,1529.97,0.65,ASK
1443662649,1529.97,0.0061,ASK
1443662649,1529.97,0.65,ASK
1443662649,1529.97,0.0077,ASK
1443662650,1529.97,0.65,ASK
1443662652,1529.97,0.65,ASK
1443662653,1529.97,0.3174,ASK
1443662657,1529.96,0.304,BID
1443662658,1529.96,0.0286,BID
1443662658,1529.96,0.625,BID
1443662659,1529.96,0.025,BID
1443662659,1529.96,0.0023,BID
1443662659,1529.97,0.0597,ASK
1443662660,1529.98,0.873,BID
1443662660,1529.98,0.109,BID
1443662660,1529.98,0.0918,BID
1443662660,1529.98,0.0608,BID
1443662660,1529.99,0.0454,BID
1443662662,1529.98,0.68,ASK
1443662662,1529.97,0.485,ASK
1443662662,1529.97,0.5,ASK
1443662663,1529.97,0.5,BID
1443662665,1529.97,0.455,BID
1443662666,1529.97,0.6536,BID
1443662667,1529.97,0.6536,BID
1443662668,1529.97,0.6536,BID
1443662668,1529.97,1.5,BID
1443662669,1529.97,0.6536,BID
1443662670,1529.97,0.01,BID
1443662671,1529.97,0.6536,BID
1443662672,1529.97,0.352,BID
1443662672,1529.97,0.6536,BID
1443662672,1529.97,0.01,BID
1443662673,1529.97,0.6536,BID
1443662674,1529.97,0.01,BID
1443662674,1529.97,0.6536,BID
1443662675,1529.97,0.533,BID
1443662675,1529.97,0.6536,BID
1443662675,1529.97,0.1,BID
1443662676,1529.97,0.6536,BID
1443662677,1529.97,0.6536,BID
1443662677,1529.97,0.01,BID
1443662678,1529.94,0.01,ASK
1443662678,1529.97,0.6536,BID
1443662680,1529.97,0.6536,BID
1443662681,1529.97,0.6536,BID
1443662681,1529.97,0.0828,BID
1443662682,1529.97,0.45,BID
1443662682,1529.97,0.6536,BID
1443662683,1529.97,0.6536,BID
1443662684,1529.97,0.6536,BID
1443662686,1529.97,0.0068,BID
1443662687,1529.97,0.12,BID
1443662688,1529.97,0.5,BID
1443662691,1529.97,0.5,BID
1443662691,1529.97,0.44,BID
1443662693,1529.97,0.1,BID
1443662698,1529.97,0.1,BID
1443662698,1529.97,0.5,BID
1443662700,1529.97,0.5,BID
1443662701,1529.97,0.1,BID
1443662701,1529.96,9.0,BID
1443662701,1529.96,1.307,BID
1443662703,1529.97,0.5,BID
1443662704,1529.97,0.01,BID
1443662705,1529.97,0.5,BID
1443662707,1529.97,0.01,BID
1443662709,1529.97,0.5,BID
1443662709,1529.97,0.504,BID
1443662709,1529.94,0.01,ASK
1443662709,1529.93,0.01,ASK
1443662709,1529.92,0.01,ASK
1443662709,1529.92,0.01,ASK
1443662709,1529.92,0.01,ASK
1443662709,1529.92,0.01,ASK
1443662709,1529.92,0.01,ASK
1443662709,1529.92,0.01,ASK
1443662709,1529.92,0.01,ASK
1443662709,1529.91,0.1014,ASK
1443662709,1529.96,3.0,BID
1443662709,1529.96,0.962,BID
1443662711,1529.97,0.01,BID
1443662711,1529.97,0.5,BID
1443662714,1529.97,0.5,BID
1443662714,1529.97,0.01,BID
1443662714,1529.97,2.0,BID
1443662714,1529.97,2.58,BID
1443662716,1529.97,0.4192,BID
1443662717,1529.97,0.01,BID
1443662717,1529.97,0.5,BID
1443662718,1529.97,0.022,BID
1443662719,1529.97,0.6,BID
1443662719,1529.97,0.01,BID
1443662720,1529.97,0.5,BID
1443662720,1529.97,5.0,BID
1443662720,1529.97,0.222,BID
1443662720,1529.97,0.01,BID
1443662721,1529.97,6.99,BID
1443662721,1529.97,4.533,BID
1443662722,1529.97,0.1,BID
1443662723,1529.97,0.01,BID
1443662723,1529.97,5.0,BID
1443662727,1529.97,0.1007,BID
1443662728,1529.97,0.3334,BID
1443662729,1529.94,0.001,BID
1443662729,1529.97,0.2159,BID
1443662733,1529.99,0.5,BID
1443662734,1529.99,0.1,BID
1443662736,1529.99,0.01,BID
1443662737,1529.99,0.271,BID
1443662737,1529.98,0.01,ASK
1443662739,1529.99,0.01,BID
1443662748,1529.98,0.1065,ASK
1443662748,1529.97,0.1,ASK
1443662748,1529.94,0.01,ASK
1443662748,1529.92,0.01,ASK
1443662748,1529.92,0.01,ASK
1443662748,1529.92,0.0135,ASK
1443662748,1529.91,0.2145,ASK
1443662748,1529.9,0.7155,ASK
1443662751,1529.97,0.1065,BID
1443662752,1529.98,0.1065,BID
1443662754,1529.9,0.01,ASK
1443662756,1529.93,0.01,ASK
1443662756,1529.9,1.17,ASK
1443662757,1529.9,0.65,ASK
1443662772,1529.94,0.16,ASK
1443662772,1529.9,1.02,ASK
1443662775,1529.91,8.0,ASK
1443662775,1529.91,6.0,ASK
1443662775,1529.91,4.101,ASK
1443662799,1529.9,0.724,ASK
1443662818,1529.88,0.01,ASK
1443662818,1529.86,0.01,ASK
1443662833,1529.89,0.5,BID
1443662834,1529.89,0.15,BID
1443662836,1529.9,0.01,ASK
1443662838,1529.9,0.0029,ASK
1443662838,1529.93,0.001,BID
1443662849,1529.93,0.159,BID
1443662849,1529.94,0.01,BID
1443662849,1529.95,0.01,BID
1443662849,1529.95,0.01,BID
1443662849,1529.96,0.108,BID
1443662849,1529.96,0.0135,BID
1443662849,1529.96,0.01,BID
1443662849,1529.97,0.0545,BID
1443662855,1529.94,0.159,ASK
1443662855,1529.92,0.01,ASK
1443662855,1529.91,0.0569,ASK
1443662855,1529.9,0.4871,ASK
1443662855,1529.9,0.65,ASK
1443662855,1529.85,0.01,ASK
1443662855,1529.85,0.01,ASK
1443662855,1529.84,0.01,ASK
1443662855,1529.76,0.0182,ASK
1443662855,1529.76,0.0143,ASK
1443662855,1529.75,0.5745,ASK
1443662856,1529.75,0.0755,ASK
1443662856,1529.7,0.0051,ASK
1443662856,1529.7,0.001,ASK
1443662856,1529.7,2.4984,ASK
1443662858,1529.85,0.01,BID
1443662860,1529.84,0.01,BID
1443662863,1529.84,0.01,BID
1443662865,1529.84,0.01,BID
1443662869,1529.84,0.0269,BID
1443662869,1529.84,0.0182,BID
1443662869,1529.85,0.0549,BID
1443662870,1529.85,0.0369,BID
1443662871,1529.84,0.01,BID
1443662873,1529.84,0.0043,BID
1443662873,1529.85,0.1,BID
1443662875,1529.85,0.01,BID
1443662876,1529.85,0.0057,BID
1443662878,1529.85,0.01,BID
1443662880,1529.85,0.01,BID
1443662883,1529.85,0.01,BID
1443662898,1529.85,0.9227,BID
1443662898,1529.9,0.01,BID
1443662898,1529.9,0.01,BID
1443662898,1529.9,0.0023,BID
1443662898,1529.93,0.159,BID
1443662898,1529.95,0.0298,BID
1443662898,1529.96,0.1804,BID
1443662898,1529.99,2.2858,BID
1443662899,1529.98,17.986,BID
1443662908,1529.93,0.01,ASK
1443662912,1529.99,0.025,BID
1443662920,1529.94,0.01,ASK
1443662924,1529.9,0.01,BID
1443662926,1529.87,0.01,ASK
1443662938,1529.89,0.01,ASK
1443662942,1529.87,0.0013,ASK
1443662947,1529.99,0.01,BID
1443662950,1529.92,0.01,BID
1443662951,1529.98,5.688,BID
1443662957,1529.99,0.01,BID
1443662958,1530.0,0.107,BID
1443662963,1530.0,0.131,BID
1443662963,1530.0,0.131,BID
1443662995,1529.99,0.01,BID
1443663001,1529.93,0.01,ASK
1443663001,1529.87,0.01,ASK
1443663001,1529.86,0.0016,ASK
1443663006,1529.98,0.01,BID
1443663053,1529.94,0.01,ASK
1443663053,1529.87,0.014,ASK
1443663053,1529.86,0.076,ASK
1443663062,1529.87,0.0102,ASK
1443663062,1529.86,0.0898,ASK
1443663075,1529.9,0.01,BID
1443663080,1529.9,0.01,BID
1443663085,1529.93,0.01,BID
1443663085,1529.93,0.0015,BID
1443663085,1529.93,0.0085,BID
1443663087,1529.93,0.0055,BID
1443663088,1529.94,0.01,BID
1443663091,1529.94,0.0045,BID
1443663093,1529.94,0.01,BID
1443663094,1529.93,4.201,BID
1443663095,1529.94,0.01,BID
1443663095,1529.94,1.883,BID
1443663097,1529.94,0.4,BID
1443663097,1529.94,0.6,BID
1443663097,1529.94,0.0925,BID
1443663097,1529.96,0.0823,BID
1443663097,1529.98,0.01,BID
1443663097,1529.99,0.74,BID
1443663097,1529.99,3.117,BID
1443663098,1529.99,4.5016,BID
1443663100,1529.99,0.01,BID
1443663101,1529.99,0.01,BID
1443663103,1529.99,0.01,BID
1443663109,1529.99,0.308,BID
1443663114,1529.97,0.0046,ASK
1443663114,1529.99,0.55,BID
1443663115,1529.97,0.0661,ASK
1443663115,1529.96,0.0339,ASK
1443663116,1529.96,0.0707,ASK
1443663124,1529.97,0.0699,ASK
1443663124,1529.96,0.0301,ASK
1443663125,1529.96,0.0699,ASK
1443663127,1529.98,0.0707,BID
1443663127,1529.98,0.0253,BID
1443663128,1529.99,0.01,BID
1443663129,1529.99,0.0446,ASK
1443663131,1530.0,0.01,BID
1443663132,1530.0,0.3,BID
1443663133,1530.0,0.2622,BID
1443663140,1530.0,0.01,BID
1443663142,1530.0,0.133,BID
1443663142,1530.0,0.01,BID
1443663143,1530.0,0.133,BID
1443663147,1530.0,0.01,BID
1443663147,1530.0,1.17,BID
1443663147,1530.0,5.0,BID
1443663147,1530.0,5.953,BID
1443663147,1530.0,5.0,BID
1443663147,1530.0,5.0,BID
1443663147,1530.0,2.5,BID
1443663147,1530.0,1.7049,BID
1443663147,1530.0,1.2951,BID
1443663147,1530.0,3.9988,BID
1443663147,1530.0,2.8772,BID
1443663148,1530.0,1.1228,BID
1443663148,1530.0,0.01,BID
1443663148,1530.0,0.01,BID
1443663149,1530.02,0.01,BID
1443663149,1530.02,0.01,BID
1443663149,1530.02,0.01,BID
1443663149,1530.02,0.01,BID
1443663149,1530.02,0.01,BID
1443663149,1530.02,0.01,BID
1443663149,1530.02,0.01,BID
1443663149,1530.02,0.01,BID
1443663149,1530.02,0.01,BID
1443663149,1530.02,0.01,BID
1443663149,1530.02,0.01,BID
1443663149,1530.02,0.01,BID
1443663149,1530.03,0.01,BID
1443663149,1530.03,0.01,BID
1443663149,1530.03,0.01,BID
1443663149,1530.03,0.01,BID
1443663149,1530.04,0.01,BID
1443663149,1530.04,0.01,BID
1443663149,1530.04,0.01,BID
1443663149,1530.04,0.01,BID
1443663149,1530.04,0.01,BID
1443663149,1530.04,0.01,BID
1443663149,1530.04,0.01,BID
1443663149,1530.04,0.01,BID
1443663149,1530.05,0.01,BID
1443663149,1530.07,0.13,BID
1443663150,1530.07,0.0154,BID
1443663150,1530.25,0.1,BID
1443663150,1530.26,0.3413,BID
1443663150,1530.26,0.1,BID
1443663150,1530.3,0.1,BID
1443663150,1530.42,0.001,BID
1443663150,1530.44,0.001,BID
1443663150,1530.5,0.001,BID
1443663152,1530.5,0.01,ASK
1443663153,1530.5,0.3303,ASK
1443663153,1530.42,0.179,ASK
1443663153,1530.3,2.0107,ASK
1443663154,1530.3,0.1688,ASK
1443663156,1530.03,0.2626,ASK
1443663156,1530.01,0.0597,ASK
1443663157,1530.01,0.0131,BID
1443663163,1529.99,0.0011,ASK
1443663165,1530.02,0.085,ASK
1443663167,1530.02,0.041,ASK
1443663167,1530.02,0.126,ASK
1443663167,1530.01,0.046,ASK
1443663171,1529.99,0.0849,ASK
1443663171,1529.98,0.0001,BID
1443663171,1530.01,0.039,BID
1443663171,1530.01,0.0409,BID
1443663180,1529.98,1.5,ASK
1443663180,1529.98,0.723,ASK
1443663183,1529.98,0.1,ASK
1443663185,1529.98,0.65,ASK
1443663185,1530.04,0.01,BID
1443663186,1529.98,0.65,ASK
1443663187,1529.98,0.65,ASK
1443663188,1530.04,0.01,ASK
1443663188,1529.98,0.64,ASK
1443663189,1529.98,0.624,ASK
1443663193,1529.97,0.01,BID
1443663195,1529.97,0.01,BID
1443663201,1529.96,0.01,ASK
1443663201,1529.95,0.01,ASK
1443663201,1529.95,0.01,ASK
1443663201,1529.94,0.01,ASK
1443663201,1529.94,0.01,ASK
1443663201,1529.92,0.01,ASK
1443663201,1529.91,0.01,ASK
1443663201,1529.89,0.01,ASK
1443663201,1529.88,0.01,ASK
1443663201,1529.83,0.01,ASK
1443663202,1529.97,0.006,BID
1443663202,1529.99,4.1934,BID
1443663203,1529.99,0.01,BID
1443663205,1529.98,0.01,BID
1443663209,1529.98,0.0458,BID
1443663209,1529.98,0.1442,BID
1443663210,1529.98,0.1184,BID
1443663210,1529.98,0.017,BID
1443663210,1529.99,0.183,BID
1443663211,1529.99,0.3184,BID
1443663213,1529.99,0.01,BID
1443663214,1529.98,0.0163,ASK
1443663214,1529.97,0.0837,ASK
1443663215,1529.99,0.015,BID
1443663215,1529.97,0.2431,ASK
1443663216,1529.96,0.01,BID
1443663216,1529.96,0.015,BID
1443663216,1529.96,0.01,BID
1443663219,1529.96,0.01,BID
1443663220,1529.96,0.0387,BID
1443663221,1529.98,0.0163,BID
1443663221,1529.99,2.5637,BID
1443663221,1529.99,2.0,BID
1443663221,1529.99,1.18,BID
1443663223,1529.97,0.0487,ASK
1443663223,1529.96,0.01,ASK
1443663223,1529.96,0.01,ASK
1443663223,1529.94,0.01,ASK
1443663223,1529.92,0.01,ASK
1443663223,1529.9,0.0113,ASK
1443663224,1529.99,1.1941,BID
1443663224,1529.99,0.089,BID
1443663224,1529.99,0.09,BID
1443663224,1529.99,0.18,BID
1443663224,1529.99,0.18,BID
1443663224,1529.99,0.233,BID
1443663224,1529.99,0.18,BID
1443663224,1529.99,0.18,BID
1443663224,1529.99,0.233,BID
1443663224,1529.96,0.0487,BID
1443663224,1529.99,0.1313,BID
1443663225,1529.99,1.18,BID
1443663225,1529.99,0.01,BID
1443663225,1529.99,6.8191,BID
1443663225,1529.99,0.6536,BID
1443663225,1529.99,0.455,BID
1443663226,1529.99,7.0,BID
1443663226,1529.99,2.0,BID
1443663226,1529.99,0.014,BID
1443663227,1529.99,0.6536,BID
1443663227,1529.99,0.01,BID
1443663227,1529.99,1.18,BID
1443663227,1529.99,0.6536,BID
1443663228,1529.99,0.01,BID
1443663228,1529.99,0.6536,BID
1443663230,1529.99,0.01,BID
1443663234,1529.99,0.034,BID
1443663235,1529.99,0.01,BID
1443663235,1529.99,2.0,BID
1443663235,1529.94,0.01,ASK
1443663235,1529.84,0.0606,ASK
1443663235,1529.83,0.0294,ASK
1443663237,1529.99,0.01,BID
1443663239,1529.98,0.01,BID
1443663239,1529.98,0.0086,BID
1443663244,1529.99,0.0014,BID
1443663244,1529.99,0.01,BID
1443663246,1529.98,0.0181,BID
1443663246,1529.99,0.1919,BID
1443663246,1529.99,0.01,BID
1443663247,1529.99,0.01,BID
1443663247,1529.99,0.1363,BID
1443663247,1529.99,0.0033,BID
1443663250,1530.0,0.1,ASK
1443663252,1530.0,0.096,ASK
1443663252,1529.99,0.01,BID
1443663253,1529.99,0.01,BID
1443663254,1529.99,0.01,BID
1443663260,1529.99,0.01,BID
1443663265,1529.99,0.01,BID
1443663266,1529.95,0.0255,ASK
1443663266,1529.94,0.01,ASK
1443663266,1529.94,0.0645,ASK
1443663267,1529.99,0.01,BID
1443663267,1529.94,0.0255,ASK
1443663268,1529.98,0.0324,BID
1443663268,1529.99,0.04,BID
1443663268,1529.99,0.096,BID
1443663268,1529.99,0.0016,BID
1443663269,1529.99,0.4,BID
1443663269,1529.99,0.6,BID
1443663269,1529.98,0.017,BID
1443663269,1529.99,0.583,BID
1443663269,1529.99,0.4,BID
1443663269,1529.99,0.1815,BID
1443663272,1529.99,0.0383,BID
1443663273,1529.98,0.001,ASK
1443663274,1529.99,0.0255,BID
1443663275,1529.99,0.0255,BID
1443663276,1529.99,0.01,BID
1443663276,1529.99,0.01,BID
1443663277,1529.95,0.021,ASK
1443663277,1529.94,0.079,ASK
1443663278,1529.94,0.021,ASK
1443663280,1529.95,0.0171,ASK
1443663280,1529.94,0.2629,ASK
1443663280,1529.98,0.01,BID
1443663281,1529.94,0.0471,ASK
1443663281,1529.94,0.01,ASK
1443663283,1529.93,0.01,BID
1443663284,1529.93,0.01,BID
1443663286,1529.93,0.2639,BID
1443663286,1529.98,0.011,BID
1443663286,1529.98,0.0171,BID
1443663286,1529.99,6.508,BID
1443663289,1529.94,0.1,ASK
1443663290,1529.99,0.8,BID
1443663290,1529.99,0.01,BID
1443663290,1529.95,0.0137,ASK
1443663290,1529.94,0.1739,ASK
1443663290,1529.93,0.0863,ASK
1443663291,1529.99,0.179,BID
1443663291,1529.99,0.179,BID
1443663291,1529.99,0.179,BID
1443663291,1529.99,0.179,BID
1443663292,1529.99,0.179,BID
1443663292,1529.99,0.179,BID
1443663292,1529.99,0.179,BID
1443663292,1529.99,0.179,BID
1443663292,1529.99,0.347,BID
1443663293,1529.99,0.05,BID
1443663293,1529.98,0.0137,BID
1443663293,1529.99,6.975,BID
1443663295,1529.99,0.1113,BID
1443663297,1529.99,0.01,BID
1443663299,1529.99,0.01,BID
1443663302,1529.99,0.01,BID
1443663306,1529.94,0.01,ASK
1443663306,1529.89,0.01,ASK
1443663306,1529.84,0.0591,ASK
1443663306,1529.83,0.0209,ASK
1443663311,1529.98,0.01,BID
1443663315,1529.84,0.0581,ASK
1443663315,1529.83,0.0419,ASK
1443663316,1529.83,0.5036,ASK
