timestamp,price,amount,side
1443913498,1546.19,0.001,BID
1443913538,1545.98,0.001,BID
1443913583,1545.53,0.5,BID
1443913585,1545.54,0.07,ASK
1443913594,1545.56,0.1,BID
1443913594,1545.63,0.2,BID
1443913596,1545.63,0.26,BID
1443913596,1545.9,0.04,BID
1443913610,1545.65,0.07,ASK
1443913610,1545.64,0.26,ASK
1443913610,1545.57,0.1,ASK
1443913610,1545.57,0.07,ASK
1443913611,1545.57,0.53,ASK
1443913611,1545.55,0.043,ASK
1443913611,1545.54,0.427,ASK
1443913626,1545.89,0.07,BID
1443913626,1545.9,0.03,BID
1443913628,1545.55,0.5,ASK
1443913638,1545.56,0.001,ASK
1443913657,1545.57,0.001,BID
1443913660,1545.58,0.258,ASK
1443913672,1545.56,0.06,ASK
1443913672,1545.55,0.44,ASK
1443913680,1545.55,0.196,ASK
1443913683,1545.54,0.003,ASK
1443913686,1545.51,0.175,BID
1443913726,1545.52,0.175,ASK
1443913730,1545.52,0.4,BID
1443913733,1545.46,0.5,ASK
1443913734,1545.46,0.65,ASK
1443913735,1545.46,0.1867,ASK
1443913735,1545.45,0.001,ASK
1443913735,1545.45,0.4623,ASK
1443913759,1545.51,0.06,BID
1443913759,1545.52,0.268,BID
1443913760,1545.52,0.06,BID
1443913775,1545.46,0.06,ASK
1443913775,1545.44,0.001,ASK
1443913775,1545.44,0.001,ASK
1443913775,1545.41,0.7193,ASK
1443913783,1545.52,0.38,BID
1443913813,1545.41,0.3,ASK
1443913813,1545.4,0.2002,ASK
1443913813,1545.4,2.6252,ASK
1443913814,1545.4,0.3,ASK
1443913832,1545.4,2.3402,ASK
1443913833,1545.4,0.1738,ASK
1443913839,1545.4,0.001,ASK
1443913844,1545.4,1.8594,ASK
1443913881,1545.51,0.06,BID
1443913881,1545.52,0.9763,BID
1443913881,1545.52,0.116,BID
1443913888,1545.53,0.06,ASK
1443913888,1545.52,0.44,ASK
1443913896,1545.52,0.5,ASK
1443913903,1545.52,0.5,ASK
1443913908,1545.52,0.5,ASK
1443913913,1545.52,0.5,ASK
1443913917,1545.52,0.05,ASK
1443913918,1545.52,0.5,ASK
1443913919,1545.52,0.6,ASK
1443913922,1545.52,1.0,ASK
1443913923,1545.52,0.5,ASK
1443913995,1545.91,0.06,BID
1443913995,1545.92,0.01,BID
1443913995,1545.93,0.03,BID
1443914004,1545.53,0.0129,ASK
1443914054,1545.54,0.06,ASK
1443914078,1545.52,0.06,ASK
1443914078,1545.44,2.14,ASK
1443914081,1545.44,2.0,BID
1443914097,1545.44,0.4556,BID
1443914097,1545.48,0.07,BID
1443914097,1545.96,0.001,BID
1443914097,1545.96,0.001,BID
1443914097,1545.96,0.001,BID
1443914097,1545.96,0.001,BID
1443914097,1545.99,0.001,BID
1443914097,1545.99,0.111,BID
1443914097,1545.99,1.136,BID
1443914097,1546.0,0.8024,BID
1443914100,1545.43,0.7341,ASK
1443914138,1545.42,0.734,ASK
1443914138,1545.39,0.8,ASK
1443914138,1545.38,0.002,ASK
1443914138,1545.38,0.06,ASK
1443914138,1545.36,0.002,ASK
1443914138,1545.36,0.005,ASK
1443914138,1545.36,0.111,ASK
1443914138,1545.36,0.1483,ASK
1443914140,1545.4,2.0,ASK
1443914140,1545.4,3.096,ASK
1443914156,1545.37,0.4021,ASK
1443914183,1545.42,0.06,BID
1443914183,1545.43,0.04,BID
1443914190,1545.43,0.157,BID
1443914215,1545.42,0.06,ASK
1443914215,1545.41,0.44,ASK
1443914221,1545.41,0.5,ASK
1443914226,1545.41,0.5,ASK
1443914227,1545.41,0.06,ASK
1443914231,1545.42,0.5,ASK
1443914236,1545.42,0.235,ASK
1443914236,1545.41,0.265,ASK
1443914239,1545.41,0.473,ASK
1443914241,1545.41,0.5,ASK
1443914245,1545.41,0.5,ASK
1443914245,1545.41,0.02,ASK
1443914246,1545.41,0.11,ASK
1443914247,1545.41,0.022,ASK
1443914250,1545.35,0.5,ASK
1443914254,1545.35,0.5,ASK
1443914261,1545.35,0.5,ASK
1443914266,1545.35,0.5,ASK
1443914271,1545.35,0.5,ASK
1443914277,1545.35,0.5,ASK
1443914287,1545.35,0.5,ASK
1443914294,1545.35,0.5,ASK
1443914299,1545.36,0.5,ASK
1443914299,1545.36,1.0,ASK
1443914301,1545.36,0.4,ASK
1443914301,1545.36,1.0,ASK
1443914302,1545.36,1.0,ASK
1443914303,1545.36,0.5,ASK
1443914304,1545.36,1.0,ASK
1443914307,1545.36,1.0,ASK
1443914308,1545.36,0.4,ASK
1443914309,1545.36,0.2929,ASK
1443914309,1545.35,0.2071,ASK
1443914311,1545.35,1.0,ASK
1443914315,1545.35,0.5,ASK
1443914315,1545.35,0.5129,ASK
1443914315,1545.35,0.4871,ASK
1443914318,1545.35,1.0,ASK
1443914320,1545.35,0.5,ASK
1443914321,1545.35,0.6049,ASK
1443914321,1545.35,0.3951,ASK
1443914326,1545.35,1.0,ASK
1443914326,1545.35,0.5,ASK
1443914328,1545.35,0.01,ASK
1443914329,1545.35,1.0,ASK
1443914331,1545.35,0.5,ASK
1443914331,1545.35,0.016,ASK
1443914333,1545.35,1.0,ASK
1443914335,1545.35,1.0,ASK
1443914336,1545.35,0.5,ASK
1443914338,1545.35,0.4,ASK
1443914338,1545.35,0.143,ASK
1443914338,1545.35,0.6,ASK
1443914340,1545.35,1.0,ASK
1443914341,1545.35,4.8156,ASK
1443914341,1545.35,0.0011,ASK
1443914341,1545.34,0.5,ASK
1443914342,1545.34,1.0,ASK
1443914344,1545.34,1.0,ASK
1443914346,1545.34,1.0,ASK
1443914347,1545.34,0.5,ASK
1443914351,1545.34,0.7351,ASK
1443914351,1545.33,0.001,ASK
1443914351,1545.33,0.001,ASK
1443914351,1545.33,0.001,ASK
1443914351,1545.32,0.001,ASK
1443914351,1545.32,0.001,ASK
1443914351,1545.32,0.001,ASK
1443914351,1545.31,0.001,ASK
1443914351,1545.29,0.001,ASK
1443914351,1545.29,0.001,ASK
1443914351,1545.28,0.001,ASK
1443914351,1545.28,0.001,ASK
1443914351,1545.28,0.001,ASK
1443914351,1545.28,0.001,ASK
1443914351,1545.28,0.014,ASK
1443914351,1545.27,0.001,ASK
1443914351,1545.27,0.001,ASK
1443914351,1545.26,0.001,ASK
1443914351,1545.25,0.001,ASK
1443914351,1545.23,0.001,ASK
1443914351,1545.23,0.001,ASK
1443914351,1545.22,0.001,ASK
1443914351,1545.22,0.001,ASK
1443914351,1545.22,0.001,ASK
1443914351,1545.22,0.001,ASK
1443914351,1545.22,0.001,ASK
1443914351,1545.21,0.001,ASK
1443914351,1545.2,0.001,ASK
1443914351,1545.19,0.001,ASK
1443914351,1545.18,0.001,ASK
1443914351,1545.18,0.001,ASK
1443914351,1545.18,0.001,ASK
1443914351,1545.18,0.001,ASK
1443914351,1545.17,0.001,ASK
1443914351,1545.17,0.001,ASK
1443914351,1545.17,0.001,ASK
1443914351,1545.17,0.001,ASK
1443914351,1545.17,0.001,ASK
1443914351,1545.17,0.001,ASK
1443914351,1545.17,0.001,ASK
1443914351,1545.16,0.001,ASK
1443914351,1545.15,0.001,ASK
1443914351,1545.15,0.001,ASK
1443914351,1545.15,0.001,ASK
1443914351,1545.15,0.001,ASK
1443914351,1545.14,0.001,ASK
1443914351,1545.14,0.001,ASK
1443914351,1545.14,0.001,ASK
1443914351,1545.14,0.001,ASK
1443914351,1545.14,0.001,ASK
1443914351,1545.14,0.001,ASK
1443914351,1545.13,0.001,ASK
1443914351,1545.13,0.001,ASK
1443914351,1545.13,0.001,ASK
1443914351,1545.13,0.001,ASK
1443914351,1545.13,0.001,ASK
1443914351,1545.13,0.001,ASK
1443914351,1545.13,0.001,ASK
1443914351,1545.11,0.001,ASK
1443914351,1545.1,0.001,ASK
1443914351,1545.1,0.001,ASK
1443914351,1545.1,0.001,ASK
1443914351,1545.1,0.1088,ASK
1443914351,1545.1,0.001,ASK
1443914351,1545.1,0.001,ASK
1443914351,1545.1,0.001,ASK
1443914351,1545.09,0.001,ASK
1443914351,1545.09,0.001,ASK
1443914351,1545.09,0.001,ASK
1443914351,1545.09,0.001,ASK
1443914351,1545.09,0.001,ASK
1443914351,1545.09,0.001,ASK
1443914351,1545.07,0.001,ASK
1443914351,1545.07,0.001,ASK
1443914351,1545.06,0.001,ASK
1443914351,1545.06,0.001,ASK
1443914351,1545.04,0.001,ASK
1443914351,1545.04,0.001,ASK
1443914351,1545.04,0.001,ASK
1443914351,1545.04,0.001,ASK
1443914351,1545.04,0.001,ASK
1443914351,1545.04,0.001,ASK
1443914351,1545.03,0.001,ASK
1443914351,1545.02,0.001,ASK
1443914351,1545.02,0.001,ASK
1443914351,1545.02,0.001,ASK
1443914351,1545.02,0.001,ASK
1443914351,1545.02,0.001,ASK
1443914351,1545.02,0.001,ASK
1443914351,1545.02,0.001,ASK
1443914351,1545.01,0.001,ASK
1443914351,1545.01,0.001,ASK
1443914351,1545.01,0.001,ASK
1443914351,1545.01,0.001,ASK
1443914351,1545.01,0.001,ASK
1443914351,1545.01,0.001,ASK
1443914351,1545.01,0.001,ASK
1443914351,1545.01,0.001,ASK
1443914351,1545.0,0.001,ASK
1443914351,1545.0,0.001,ASK
1443914351,1545.0,0.001,ASK
1443914351,1545.0,0.001,ASK
1443914351,1545.0,0.001,ASK
1443914351,1545.0,0.001,ASK
1443914351,1545.0,0.001,ASK
1443914351,1545.0,0.001,ASK
1443914351,1545.0,0.001,ASK
1443914351,1545.0,0.0381,ASK
1443914352,1545.0,0.2619,ASK
1443914352,1544.99,0.001,ASK
1443914352,1544.99,0.001,ASK
1443914352,1544.99,0.001,ASK
1443914352,1544.99,0.001,ASK
1443914352,1544.99,0.001,ASK
1443914352,1544.99,0.001,ASK
1443914352,1544.99,0.001,ASK
1443914352,1544.99,0.001,ASK
1443914352,1544.98,0.001,ASK
1443914352,1544.98,0.001,ASK
1443914352,1544.97,0.002,ASK
1443914352,1544.96,0.001,ASK
1443914352,1544.96,0.001,ASK
1443914352,1544.96,0.001,ASK
1443914352,1544.96,0.001,ASK
1443914352,1544.92,0.001,ASK
1443914352,1544.91,0.001,ASK
1443914352,1544.91,0.001,ASK
1443914352,1544.91,0.001,ASK
1443914352,1544.91,0.001,ASK
1443914352,1544.91,0.001,ASK
1443914352,1544.91,0.001,ASK
1443914352,1544.35,0.005,ASK
1443914352,1544.35,0.002,ASK
1443914352,1544.35,0.002,ASK
1443914352,1544.35,0.004,ASK
1443914352,1544.0,0.2021,ASK
1443914352,1545.34,6.0,ASK
1443914352,1545.34,5.781,ASK
1443914352,1544.01,5.0,ASK
1443914352,1544.01,0.514,ASK
1443914352,1545.32,13.0,ASK
1443914352,1545.32,3.19,ASK
1443914352,1545.32,4.0,ASK
1443914352,1545.32,14.704,ASK
1443914373,1545.0,0.03,ASK
1443914376,1545.0,0.4,BID
1443914426,1544.97,0.3,BID
1443914426,1544.98,0.1,BID
1443914446,1544.95,0.201,BID
1443914446,1544.96,0.399,BID
1443914497,1544.94,0.06,BID
1443914497,1544.96,0.093,BID
1443914535,1544.21,0.06,ASK
1443914535,1544.2,0.01,ASK
1443914535,1544.17,0.001,ASK
1443914535,1544.07,0.3,ASK
1443914535,1544.06,0.009,ASK
1443914545,1544.95,0.06,BID
1443914553,1544.97,0.04,ASK
1443914649,1544.59,1.351,BID
1443914652,1544.58,1.336,BID
1443914655,1544.58,0.0007,BID
1443914655,1544.58,1.1373,BID
1443914658,1544.58,0.0007,BID
1443914658,1544.58,0.011,BID
1443914658,1544.59,2.9883,BID
1443914661,1544.59,0.8667,BID
1443914685,1544.14,0.02,ASK
1443914715,1544.56,1.185,BID
1443914721,1544.56,0.0001,BID
1443914721,1544.6,0.8879,BID
1443914727,1544.6,0.0009,BID
1443914727,1544.8,0.001,BID
1443914727,1544.89,0.0981,BID
1443914793,1544.68,0.001,ASK
1443914796,1544.65,0.06,ASK
1443914825,1544.64,0.001,BID
1443914847,1544.64,0.001,BID
1443914911,1544.64,0.058,BID
1443914911,1544.65,0.042,BID
1443914975,1544.6,0.06,ASK
1443914975,1544.6,0.001,ASK
1443914987,1544.59,0.001,ASK
1443914987,1544.59,0.001,ASK
1443914997,1544.58,0.001,ASK
1443915007,1544.58,0.001,BID
1443915068,1544.64,0.001,BID
1443915088,1544.64,0.001,BID
1443915090,1544.64,0.058,BID
1443915090,1544.65,0.002,BID
1443915090,1544.86,0.002,BID
1443915090,1544.94,0.038,BID
1443915093,1544.65,0.059,ASK
1443915095,1544.56,2.0,ASK
1443915095,1544.56,18.907,ASK
1443915095,1544.64,0.2353,BID
1443915097,1544.55,0.001,ASK
1443915097,1544.55,1.5028,ASK
1443915128,1544.64,0.001,BID
1443915148,1544.64,0.001,BID
1443915255,1544.64,0.4855,BID
1443915255,1544.64,0.6945,BID
1443915256,1544.64,0.6474,BID
1443915257,1544.64,0.1609,BID
1443915257,1545.0,0.001,BID
1443915257,1545.0,0.001,BID
1443915257,1545.0,0.001,BID
1443915257,1545.0,0.001,BID
1443915257,1545.0,0.001,BID
1443915257,1545.02,0.001,BID
1443915257,1545.02,0.001,BID
1443915257,1545.02,0.001,BID
1443915257,1545.03,0.001,BID
1443915257,1545.03,0.001,BID
1443915257,1545.07,0.001,BID
1443915257,1545.07,0.001,BID
1443915257,1545.1,0.001,BID
1443915257,1545.1,0.001,BID
1443915257,1545.1,0.001,BID
1443915257,1545.1,0.001,BID
1443915257,1545.17,0.001,BID
1443915257,1545.55,0.001,BID
1443915257,1545.58,0.001,BID
1443915257,1545.58,0.001,BID
1443915257,1545.59,0.001,BID
1443915257,1545.59,0.001,BID
1443915257,1545.6,0.001,BID
1443915257,1545.65,0.1,BID
1443915257,1545.68,0.001,BID
1443915257,1545.68,0.001,BID
1443915257,1545.68,0.001,BID
1443915257,1545.72,0.001,BID
1443915257,1545.72,0.004,BID
1443915257,1545.74,0.001,BID
1443915257,1545.88,1.048,BID
1443915389,1544.77,0.007,ASK
1443915426,1544.83,0.1668,ASK
1443915426,1544.81,0.001,ASK
1443915426,1544.77,0.001,ASK
1443915427,1544.77,0.1894,BID
1443915428,1544.77,0.132,BID
1443915428,1544.77,0.132,BID
1443915430,1544.77,0.6473,BID
1443915431,1544.77,0.4045,BID
1443915617,1545.03,0.05,ASK
1443915617,1545.02,0.3,ASK
1443915620,1545.01,0.797,ASK
1443915625,1545.01,0.539,ASK
1443915631,1545.48,0.01,BID
1443915631,1545.49,0.09,BID
1443915637,1545.48,1.4,ASK
1443915638,1545.48,0.4,ASK
1443915638,1545.48,0.4,ASK
1443915639,1545.48,0.65,ASK
1443915640,1545.48,0.7,ASK
1443915640,1545.48,0.65,ASK
1443915641,1545.48,0.5,ASK
1443915642,1545.48,0.234,ASK
1443915642,1545.48,0.4,ASK
1443915643,1545.48,1.2,ASK
1443915643,1545.48,0.6,ASK
1443915646,1545.48,0.6,ASK
1443915646,1545.48,1.25,ASK
1443915647,1545.48,0.5,ASK
1443915647,1545.48,0.6191,ASK
1443915658,1545.48,0.102,ASK
1443915664,1545.48,0.102,ASK
1443915668,1545.49,0.0768,BID
1443915723,1545.51,0.01,ASK
1443915723,1545.5,0.0768,ASK
1443915723,1545.49,0.5997,ASK
1443915724,1545.49,0.4605,ASK
1443915724,1545.49,0.111,ASK
1443915724,1545.48,0.4285,ASK
1443915727,1545.48,1.0,ASK
1443915738,1545.48,1.0,ASK
1443915739,1545.48,0.0768,ASK
1443915812,1545.71,0.001,BID
1443915813,1545.71,0.049,BID
1443915813,1545.72,0.001,BID
1443915813,1545.73,0.001,BID
1443915813,1545.73,0.001,BID
1443915813,1545.73,0.001,BID
1443915813,1545.73,0.001,BID
1443915813,1545.73,0.001,BID
1443915813,1545.74,0.001,BID
1443915813,1545.77,0.001,BID
1443915828,1545.81,0.001,BID
1443915828,1545.87,0.002,BID
1443915828,1545.89,0.1,BID
1443915828,1545.9,0.001,BID
1443915828,1545.91,0.001,BID
1443915828,1545.94,0.1,BID
1443915828,1545.95,0.001,BID
1443915828,1545.95,0.001,BID
1443915828,1545.95,0.001,BID
1443915828,1545.95,0.001,BID
1443915828,1545.97,0.1,BID
1443915832,1545.82,0.001,BID
1443915856,1545.78,0.06,ASK
1443915856,1545.77,0.04,ASK
1443915961,1545.72,0.049,ASK
1443915974,1545.48,0.1,ASK
1443915996,1545.84,0.06,BID
1443915996,1545.85,0.04,BID
1443916070,1545.52,0.06,ASK
1443916070,1545.51,0.1668,ASK
1443916082,1545.5,0.0582,BID
1443916082,1545.53,0.0598,BID
1443916126,1545.55,0.05,ASK
1443916126,1545.54,0.118,ASK
1443916126,1545.51,0.0582,ASK
1443916126,1545.48,2.2999,ASK
1443916175,1545.99,0.001,BID
1443916186,1545.99,0.009,BID
1443916188,1545.99,2.32,ASK
1443916190,1545.98,0.1072,BID
1443916190,1545.99,0.1938,BID
1443916216,1545.9,0.4,BID
1443916220,1545.9,0.4,BID
1443916231,1545.89,0.05,BID
1443916231,1545.9,0.35,BID
1443916265,1545.9,0.329,BID
1443916295,1545.9,0.001,BID
1443916357,1545.9,0.1,BID
1443916525,1545.74,0.0042,ASK
1443916561,1545.74,0.0558,ASK
1443916561,1545.74,0.001,ASK
1443916561,1545.74,0.001,ASK
1443916561,1545.73,0.001,ASK
1443916561,1545.73,0.001,ASK
1443916561,1545.72,0.001,ASK
1443916561,1545.71,0.001,ASK
1443916561,1545.67,0.001,ASK
1443916565,1545.6,0.267,BID
1443916566,1545.6,0.0002,BID
1443916566,1545.64,0.06,BID
1443916576,1545.9,0.345,BID
1443916604,1545.9,0.5018,BID
1443916611,1545.9,0.105,BID
1443916612,1545.9,0.6469,BID
1443916613,1545.89,0.111,BID
1443916613,1545.9,0.5359,BID
1443916614,1545.9,0.111,BID
1443916630,1545.9,0.6,BID
1443916631,1545.89,0.6469,BID
1443916633,1545.74,0.01,BID
1443916633,1545.74,0.718,BID
1443916634,1545.74,0.4,BID
1443916634,1545.74,0.6,BID
1443916634,1545.74,0.4,BID
1443916634,1545.74,0.4602,BID
1443916637,1545.89,0.01,BID
1443916640,1545.89,0.14,BID
1443916641,1545.89,0.105,BID
1443916641,1545.89,0.4341,BID
1443916641,1545.9,0.0925,BID
1443916641,1545.9,0.1203,BID
1443916642,1545.9,0.6469,BID
1443916644,1545.9,0.105,BID
1443916645,1545.9,0.6469,BID
1443916646,1545.89,0.6469,BID
1443916649,1545.76,0.06,ASK
1443916649,1545.75,0.6469,ASK
1443916649,1545.75,0.6469,ASK
1443916651,1545.75,0.01,BID
1443916652,1545.75,0.01,BID
1443916655,1545.74,0.06,BID
1443916655,1545.75,0.04,BID
1443916656,1545.88,6.0,BID
1443916656,1545.88,10.741,BID
1443916658,1545.89,0.4901,BID
1443916658,1545.9,0.6899,BID
1443916659,1545.9,2.8297,BID
1443916659,1545.9,0.4901,BID
1443916659,1545.9,2.0,BID
1443916660,1545.9,0.163,BID
1443916661,1545.9,0.963,BID
1443916661,1545.9,0.6,BID
1443916661,1545.9,0.01,BID
1443916661,1545.9,0.6469,BID
1443916662,1545.9,2.0,BID
1443916662,1545.9,0.3749,BID
1443916664,1546.0,0.3,BID
1443916668,1546.05,0.225,BID
1443916668,1546.05,0.01,BID
1443916668,1546.05,0.1057,BID
1443916669,1546.05,0.1816,BID
1443916669,1546.06,0.001,BID
1443916673,1546.16,0.001,BID
1443916673,1546.17,0.001,BID
1443916673,1546.17,0.001,BID
1443916673,1546.17,0.001,BID
1443916673,1546.17,0.001,BID
1443916673,1546.17,0.001,BID
1443916673,1546.17,0.001,BID
1443916673,1546.17,0.001,BID
1443916673,1546.18,0.001,BID
1443916673,1546.18,0.001,BID
1443916673,1546.18,0.001,BID
1443916673,1546.18,0.001,BID
1443916673,1546.18,0.001,BID
1443916673,1546.18,0.001,BID
1443916673,1546.18,0.001,BID
1443916673,1546.18,0.001,BID
1443916676,1546.19,0.001,BID
1443916676,1546.19,0.001,BID
1443916676,1546.19,0.001,BID
1443916676,1546.19,0.001,BID
1443916676,1546.2,0.001,BID
1443916676,1546.2,0.001,BID
1443916676,1546.21,0.001,BID
1443916676,1546.22,0.001,BID
1443916676,1546.22,0.001,BID
1443916676,1546.22,0.001,BID
1443916676,1546.22,0.001,BID
1443916676,1546.22,0.001,BID
1443916676,1546.23,0.001,BID
1443916676,1546.23,0.0927,BID
1443916676,1546.23,0.01,BID
1443916677,1546.18,0.089,ASK
1443916679,1546.17,0.089,BID
1443916679,1546.18,0.011,BID
1443916679,1546.23,0.0057,BID
1443916685,1546.18,0.089,ASK
1443916685,1546.08,0.06,ASK
1443916685,1546.07,0.3394,ASK
1443916685,1546.06,0.5223,ASK
1443916685,1546.06,0.5223,ASK
1443916685,1546.01,0.3,ASK
1443916704,1546.06,0.01,ASK
1443916711,1546.08,0.01,ASK
1443916717,1546.08,0.005,ASK
1443916717,1546.06,0.005,ASK
1443916718,1546.14,0.06,BID
1443916718,1546.15,0.04,BID
1443916719,1546.15,0.06,BID
1443916724,1546.06,0.01,ASK
1443916900,1546.15,0.0668,BID
1443916900,1546.17,0.0332,BID
1443916916,1546.16,0.0668,ASK
1443916916,1546.12,0.0389,ASK
1443916919,1546.12,0.0211,ASK
1443916919,1546.06,0.0039,ASK
1443916982,1546.08,0.06,ASK
1443916982,1546.06,0.0457,ASK
1443917000,1546.06,0.1793,ASK
1443917035,1546.04,0.06,BID
1443917036,1546.05,0.06,BID
1443917077,1545.97,0.004,ASK
1443917087,1546.05,0.1193,BID
1443917087,1546.07,0.06,BID
1443917087,1546.11,0.0211,BID
1443917087,1546.15,0.0668,BID
1443917087,1546.17,0.0558,BID
1443917090,1546.21,0.001,BID
1443917090,1546.24,0.001,BID
1443917090,1546.26,0.001,BID
1443917090,1546.26,0.584,BID
1443917094,1546.26,0.0007,BID
1443917094,1546.28,0.001,BID
1443917094,1546.28,0.001,BID
1443917094,1546.28,0.001,BID
1443917094,1546.31,0.001,BID
1443917095,1546.33,0.001,BID
1443917095,1546.34,0.002,BID
1443917095,1546.35,0.001,BID
1443917095,1546.36,0.002,BID
1443917095,1546.36,0.005,BID
1443917095,1546.36,0.001,BID
1443917095,1546.36,0.001,BID
1443917095,1546.36,0.001,BID
1443917095,1546.36,0.001,BID
1443917095,1546.36,0.001,BID
1443917095,1546.36,0.001,BID
1443917095,1546.36,0.001,BID
1443917095,1546.36,0.001,BID
1443917095,1546.36,0.001,BID
1443917095,1546.37,0.001,BID
1443917095,1546.37,0.001,BID
1443917095,1546.38,0.001,BID
1443917095,1546.41,0.001,BID
1443917095,1546.43,0.001,BID
1443917095,1546.44,0.001,BID
1443917095,1546.44,0.001,BID
1443917095,1546.45,0.001,BID
1443917095,1546.51,0.002,BID
1443917095,1546.58,0.001,BID
1443917095,1546.67,0.001,BID
1443917095,1546.67,0.001,BID
1443917095,1546.71,0.001,BID
1443917095,1546.72,0.001,BID
1443917095,1546.73,0.001,BID
1443917095,1546.73,0.001,BID
1443917095,1546.74,0.1,BID
1443917095,1546.74,0.001,BID
1443917095,1546.74,0.001,BID
1443917107,1546.76,0.004,ASK
1443917112,1546.72,0.01,ASK
1443917114,1546.72,0.05,ASK
1443917130,1546.7,0.03,BID
1443917164,1546.7,0.03,BID
1443917164,1546.71,0.06,BID
1443917164,1546.77,0.097,BID
1443917164,1546.85,0.218,BID
1443917166,1546.84,4.0,BID
1443917166,1546.84,13.019,BID
1443917174,1546.72,0.06,ASK
1443917174,1546.71,0.03,ASK
1443917180,1546.66,0.5343,ASK
1443917182,1546.65,0.534,BID
1443917183,1546.65,0.0003,BID
1443917196,1546.7,0.0293,BID
1443917197,1546.7,0.0007,BID
1443917197,1546.71,0.0293,BID
1443917200,1546.66,0.534,ASK
1443917203,1546.65,0.534,BID
1443917222,1546.6,0.03,ASK
1443917222,1546.6,0.07,BID
1443917223,1546.61,0.03,ASK
1443917225,1546.62,0.1,ASK
1443917225,1546.61,0.3531,ASK
1443917227,1546.6,0.423,BID
1443917249,1546.58,0.01,ASK
1443917249,1546.56,0.111,ASK
1443917249,1546.56,0.643,ASK
1443917250,1546.56,0.4,ASK
1443917251,1546.56,0.093,ASK
1443917251,1546.56,0.0283,ASK
1443917251,1546.55,1.8232,ASK
1443917252,1546.55,0.1,BID
1443917253,1546.55,0.3,BID
1443917253,1546.55,0.1,BID
1443917255,1546.53,0.544,ASK
1443917256,1546.53,0.65,ASK
1443917257,1546.53,0.4966,ASK
1443917261,1546.52,0.1534,BID
1443917261,1546.55,0.1426,BID
1443917318,1546.53,0.153,ASK
1443917319,1546.53,0.0004,ASK
1443917394,1546.52,0.153,BID
1443917402,1546.53,0.06,ASK
1443917412,1546.53,0.093,ASK
1443917412,1546.52,0.017,ASK
1443917413,1546.52,0.093,ASK
1443917496,1546.52,1.156,ASK
1443917517,1546.55,0.2787,BID
1443917517,1546.56,0.06,BID
1443917517,1546.56,0.0323,BID
1443917518,1546.56,0.0007,BID
1443917537,1546.56,0.06,ASK
1443917538,1546.56,0.218,ASK
1443917612,1546.55,0.06,BID
1443917612,1546.55,0.179,BID
1443917643,1546.55,0.099,BID
1443917643,1546.56,0.06,BID
1443917643,1546.59,0.06,BID
1443917643,1546.6,0.0001,BID
1443917643,1546.71,0.002,BID
1443917643,1546.84,0.7879,BID
1443917647,1546.83,0.4531,BID
1443917647,1546.84,0.3059,BID
1443917647,1546.84,0.0422,BID
1443917647,1546.84,0.111,BID
1443917647,1546.84,0.0718,BID
1443917649,1546.84,0.2282,BID
1443917649,1546.85,0.1718,BID
1443917649,1546.85,0.6,BID
1443917650,1546.85,0.668,BID
1443917652,1546.84,0.1,ASK
1443917655,1546.85,0.882,BID
1443917655,1546.85,0.2849,BID
1443917655,1546.87,0.1,BID
1443917655,1546.89,0.001,BID
1443917655,1546.89,0.001,BID
1443917655,1546.89,0.001,BID
1443917655,1546.9,0.007,BID
1443917658,1546.9,0.01,BID
1443917662,1546.9,0.01,BID
1443917663,1546.9,0.011,BID
1443917664,1546.9,0.01,BID
1443917666,1546.9,0.052,BID
1443917666,1546.95,0.001,BID
1443917666,1546.95,0.001,BID
1443917666,1546.95,0.001,BID
1443917666,1546.95,0.001,BID
1443917666,1546.95,0.001,BID
1443917666,1546.95,0.001,BID
1443917666,1546.95,0.001,BID
1443917666,1546.95,0.001,BID
1443917666,1546.96,0.001,BID
1443917666,1546.96,0.001,BID
1443917666,1546.96,0.001,BID
1443917666,1546.96,0.001,BID
1443917666,1547.0,0.036,BID
1443917669,1547.0,0.181,BID
1443917671,1547.0,0.01,BID
1443917671,1547.0,0.073,BID
1443917671,1547.01,0.002,BID
1443917676,1547.03,0.001,BID
1443917676,1547.15,0.099,BID
1443917676,1547.15,0.001,BID
1443917676,1547.17,0.001,BID
1443917676,1547.18,0.001,BID
1443917676,1547.18,0.001,BID
1443917676,1547.18,0.001,BID
1443917676,1547.18,0.001,BID
1443917676,1547.18,0.001,BID
1443917676,1547.18,0.001,BID
1443917676,1547.18,0.001,BID
1443917676,1547.18,0.001,BID
1443917676,1547.19,0.001,BID
1443917676,1547.19,0.001,BID
1443917676,1547.19,0.001,BID
1443917676,1547.2,0.001,BID
1443917676,1547.2,0.001,BID
1443917676,1547.2,0.001,BID
1443917676,1547.2,0.001,BID
1443917676,1547.2,0.001,BID
1443917676,1547.2,0.001,BID
1443917676,1547.21,0.001,BID
1443917676,1547.21,0.001,BID
1443917676,1547.26,0.0018,BID
1443917687,1547.11,0.01,ASK
1443917690,1547.16,0.0175,ASK
1443917690,1547.16,0.0161,ASK
1443917695,1547.11,0.01,ASK
1443917696,1547.26,0.0982,BID
1443917710,1547.56,0.1839,BID
1443917710,1547.62,0.03,BID
1443917710,1547.63,0.004,BID
1443917710,1547.73,0.001,BID
1443917710,1547.88,0.001,BID
1443917710,1547.92,5.5601,BID
1443917710,1548.0,0.3,BID
1443917711,1548.0,0.0562,ASK
1443917712,1548.0,0.6,ASK
1443917713,1548.0,0.5,ASK
1443917713,1548.0,0.65,ASK
1443917714,1548.0,1.0,ASK
1443917714,1548.0,0.1138,ASK
1443917715,1547.98,0.1962,BID
1443917715,1547.99,0.3265,BID
1443917716,1547.99,0.3235,BID
1443917716,1547.99,0.3225,BID
1443917728,1547.72,0.001,ASK
1443917728,1547.69,0.077,ASK
1443917730,1547.73,0.06,ASK
1443917730,1547.69,0.245,ASK
1443917733,1547.69,0.563,ASK
1443917733,1547.69,0.0403,ASK
1443917736,1547.69,0.487,ASK
1443917739,1547.69,0.0004,ASK
1443917767,1547.5,0.01,ASK
1443917788,1547.51,0.516,ASK
1443917789,1547.51,0.65,ASK
1443917799,1547.55,0.0139,ASK
1443917802,1547.55,0.6,ASK
1443917810,1547.55,0.6,ASK
1443917813,1547.66,0.06,BID
1443917813,1547.67,0.04,BID
1443917814,1547.67,0.06,BID
1443917816,1547.55,8.7861,ASK
1443917818,1547.54,0.06,BID
1443917820,1547.51,0.111,ASK
1443917820,1547.51,0.3,ASK
1443917820,1547.5,9.99,ASK
1443917820,1547.5,23.5054,ASK
1443917840,1547.37,0.0038,ASK
1443917866,1547.37,0.4,ASK
1443917885,1547.37,0.1427,ASK
1443917885,1547.36,0.1693,BID
1443917886,1547.4,0.1427,ASK
1443917896,1547.4,0.392,ASK
1443917897,1547.4,0.65,ASK
1443917897,1547.4,0.225,ASK
1443917898,1547.4,0.65,ASK
1443917899,1547.4,0.65,ASK
1443917903,1547.4,0.4,ASK
1443917911,1547.4,0.163,ASK
1443917919,1547.46,0.06,BID
1443917920,1547.47,0.06,BID
1443917934,1547.46,0.6,ASK
1443917947,1547.46,0.5,ASK
1443917954,1547.47,0.3266,BID
1443917965,1547.47,0.8094,ASK
1443917965,1547.46,12.1906,ASK
1443917979,1547.49,1.166,BID
1443917979,1547.49,0.111,BID
1443917979,1547.49,0.326,BID
1443917979,1547.49,0.3,BID
1443917979,1547.5,0.8049,BID
1443917980,1547.5,0.6462,BID
1443917987,1547.46,0.0022,ASK
1443917997,1547.46,0.5873,ASK
1443917997,1547.44,0.06,ASK
1443917997,1547.42,0.3527,ASK
1443918013,1547.42,0.841,ASK
1443918013,1547.41,0.321,ASK
1443918013,1547.39,0.018,ASK
1443918013,1547.39,0.308,ASK
1443918013,1547.39,0.111,ASK
1443918013,1547.38,0.6464,ASK
1443918013,1547.13,0.002,ASK
1443918013,1547.13,0.002,ASK
1443918013,1547.13,0.002,ASK
1443918013,1547.12,0.001,ASK
1443918013,1547.1,0.001,ASK
1443918013,1547.01,0.264,ASK
1443918013,1547.0,0.3,ASK
1443918013,1546.98,0.003,ASK
1443918013,1546.98,0.001,ASK
1443918013,1546.98,0.001,ASK
1443918013,1546.98,0.001,ASK
1443918013,1546.96,0.001,ASK
1443918013,1546.95,0.001,ASK
1443918013,1546.91,0.062,ASK
1443918013,1546.88,0.001,ASK
1443918013,1546.86,0.2916,ASK
1443918017,1547.44,3.0,ASK
1443918017,1547.44,1.0,ASK
1443918017,1547.44,4.041,ASK
1443918020,1547.44,5.0,ASK
1443918020,1547.44,5.862,ASK
1443918035,1547.23,0.1057,ASK
1443918038,1547.23,0.1057,ASK
1443918039,1547.23,0.65,ASK
1443918039,1547.23,0.302,ASK
1443918041,1547.24,11.0,ASK
1443918041,1547.24,2.558,ASK
1443918041,1547.23,0.1057,ASK
1443918043,1547.23,0.4123,ASK
1443918043,1546.86,0.3549,ASK
1443918043,1546.85,0.1254,ASK
1443918043,1546.75,0.001,ASK
1443918043,1546.75,0.001,ASK
1443918043,1546.73,0.001,ASK
1443918043,1546.67,0.002,ASK
1443918043,1546.57,0.159,ASK
1443918043,1546.56,0.099,ASK
1443918043,1546.43,0.3,ASK
1443918043,1546.41,0.11,ASK
1443918043,1546.4,0.001,ASK
1443918043,1546.35,1.0,ASK
1443918043,1546.29,0.0134,ASK
1443918045,1546.92,0.1057,BID
1443918066,1546.63,0.148,ASK
1443918071,1546.63,1.18,ASK
1443918086,1546.63,0.0377,ASK
1443918086,1546.57,0.001,ASK
1443918087,1546.57,0.0867,BID
1443918087,1547.2,0.0133,BID
1443918090,1547.2,0.0467,BID
1443918090,1547.2,0.0533,BID
1443918097,1546.9,0.285,ASK
1443918098,1546.9,0.181,ASK
1443918098,1546.9,0.0387,ASK
1443918098,1547.2,0.1,BID
1443918100,1546.9,0.1057,ASK
1443918102,1547.19,0.01,BID
1443918102,1547.22,0.09,BID
1443918104,1546.91,7.0,BID
1443918104,1546.91,5.347,BID
1443918104,1547.22,0.043,BID
1443918107,1547.22,0.1,BID
1443918108,1547.22,0.1,BID
1443918110,1547.22,0.1,BID
1443918123,1546.96,1.0,ASK
1443918127,1546.96,0.5,ASK
1443918131,1546.97,0.06,ASK
1443918131,1546.96,0.3265,ASK
1443918131,1546.9,0.6135,ASK
1443918168,1546.9,0.7578,ASK
1443918178,1546.91,0.6,ASK
1443918196,1546.89,0.06,BID
1443918196,1546.9,0.34,BID
1443918198,1546.9,0.0528,BID
1443918208,1547.22,0.001,BID
1443918209,1546.91,0.06,ASK
1443918209,1546.9,0.0072,ASK
1443918235,1546.77,0.3,ASK
1443918235,1546.76,0.6985,ASK
1443918276,1546.77,0.1,ASK
1443918334,1547.19,0.06,BID
1443918334,1547.2,0.06,BID
1443918334,1547.22,0.084,BID
1443918334,1547.27,0.001,BID
1443918334,1547.4,0.001,BID
1443918334,1547.41,0.001,BID
1443918334,1547.41,0.001,BID
1443918334,1547.44,0.3,BID
1443918334,1547.45,0.5873,BID
1443918334,1547.49,0.0134,BID
1443918334,1547.5,4.6425,BID
1443918334,1547.5,0.65,BID
1443918334,1547.54,0.0718,BID
1443918346,1547.16,0.399,BID
1443918348,1547.32,0.128,ASK
1443918349,1547.33,0.06,ASK
1443918349,1547.32,1.217,ASK
1443918352,1547.3,0.068,BID
1443918352,1547.53,0.032,BID
1443918353,1547.53,0.1682,BID
1443918353,1547.54,0.032,BID
1443918355,1546.79,16.994,BID
1443918461,1546.78,0.3,ASK
1443918465,1546.78,0.346,BID
1443918465,1546.78,0.0005,BID
1443918469,1546.79,0.3455,ASK
1443918469,1546.79,0.3465,ASK
1443918469,1546.77,2.03,ASK
1443918469,1546.77,0.0055,ASK
1443918469,1546.76,0.7971,ASK
1443918529,1546.8,0.4,BID
1443918541,1546.79,1.136,BID
1443918542,1546.8,0.6465,BID
1443918555,1546.79,0.111,ASK
1443918556,1546.79,0.2887,ASK
1443918563,1546.75,0.5693,ASK
1443918563,1546.73,0.2,ASK
1443918563,1546.73,0.001,ASK
1443918563,1546.73,0.001,ASK
1443918563,1546.73,0.001,ASK
1443918563,1546.73,0.001,ASK
1443918563,1546.71,0.001,ASK
1443918563,1546.7,0.001,ASK
1443918563,1546.66,0.001,ASK
1443918563,1546.64,1.136,ASK
1443918563,1546.63,0.001,ASK
1443918563,1546.63,0.001,ASK
1443918563,1546.63,0.001,ASK
1443918563,1546.63,0.001,ASK
1443918563,1546.63,0.001,ASK
1443918563,1546.61,0.001,ASK
1443918563,1546.41,0.001,ASK
1443918563,1546.41,0.001,ASK
1443918563,1546.32,0.002,ASK
1443918563,1546.27,0.001,ASK
1443918563,1546.22,0.001,ASK
1443918563,1546.21,0.001,ASK
1443918563,1546.21,0.001,ASK
1443918563,1546.2,0.001,ASK
1443918563,1546.2,0.001,ASK
1443918563,1546.19,0.001,ASK
1443918563,1546.19,0.001,ASK
1443918563,1546.19,0.001,ASK
1443918563,1546.18,0.001,ASK
1443918563,1546.18,0.001,ASK
1443918563,1546.18,0.001,ASK
1443918563,1546.18,0.001,ASK
1443918563,1546.18,0.001,ASK
1443918563,1546.18,0.001,ASK
1443918563,1546.18,0.001,ASK
1443918563,1546.18,0.001,ASK
1443918563,1546.17,0.001,ASK
1443918563,1546.1,0.0597,ASK
1443918564,1546.78,0.111,BID
1443918564,1546.78,0.3997,BID
1443918564,1546.78,0.5219,ASK
1443918565,1546.74,0.0474,BID
1443918568,1546.79,0.4633,ASK
1443918568,1546.1,0.1413,ASK
1443918568,1546.06,0.1193,ASK
1443918568,1546.04,1.2761,ASK
1443918579,1546.22,0.001,ASK
1443918579,1546.11,0.111,ASK
1443918579,1546.04,0.0601,ASK
1443918579,1546.03,0.001,ASK
1443918579,1546.0,0.3,ASK
1443918579,1545.96,0.001,ASK
1443918579,1545.96,0.001,ASK
1443918579,1545.96,0.001,ASK
1443918579,1545.96,0.001,ASK
1443918579,1545.95,0.001,ASK
1443918579,1545.95,0.001,ASK
1443918579,1545.95,0.001,ASK
1443918579,1545.95,0.001,ASK
1443918579,1545.95,0.001,ASK
1443918579,1545.95,0.001,ASK
1443918579,1545.95,0.001,ASK
1443918579,1545.95,0.001,ASK
1443918579,1545.91,0.272,ASK
1443918579,1545.91,0.4229,ASK
1443918586,1546.76,0.06,BID
1443918586,1546.77,0.463,BID
1443918586,1546.79,1.136,BID
1443918586,1546.8,1.313,BID
1443918646,1546.5,0.06,ASK
1443918646,1546.49,0.675,ASK
1443918646,1546.49,0.265,ASK
1443918652,1546.49,0.5,ASK
1443918653,1546.49,0.3499,ASK
1443918665,1546.19,0.102,ASK
1443918702,1546.47,0.06,BID
1443918702,1546.48,0.3001,BID
1443918702,1546.48,0.6499,BID
1443918712,1546.48,0.0001,BID
1443918712,1546.65,0.001,BID
1443918712,1546.8,0.1939,BID
1443918726,1546.8,0.1096,BID
1443918737,1546.85,0.001,BID
1443918737,1547.0,0.3,BID
1443918796,1547.18,0.001,BID
1443918796,1547.19,0.001,BID
1443918796,1547.2,0.06,BID
1443918796,1547.22,0.001,BID
1443918796,1547.22,0.001,BID
1443918796,1547.34,0.268,BID
1443918863,1546.88,0.06,ASK
1443918863,1546.87,0.141,ASK
1443918880,1547.2,0.06,BID
1443918880,1547.33,0.06,BID
1443918896,1547.34,0.006,BID
1443918896,1547.44,0.001,BID
1443918896,1547.53,0.093,BID
1443918897,1547.21,0.7852,ASK
1443918905,1546.88,0.06,ASK
1443918905,1546.85,0.3,ASK
1443918905,1546.84,1.136,ASK
1443918905,1546.83,0.6636,ASK
1443918905,1546.76,0.001,ASK
1443918905,1546.76,0.001,ASK
1443918905,1546.76,0.001,ASK
1443918905,1546.73,0.891,ASK
1443918907,1546.71,9.0,ASK
1443918907,1546.71,4.281,ASK
1443918910,1547.18,0.06,BID
1443918910,1547.19,0.362,BID
1443919053,1547.19,0.409,ASK
1443919054,1547.19,0.0004,ASK
1443919062,1547.18,0.086,BID
1443919069,1547.18,0.314,BID
1443919069,1547.51,0.3,BID
1443919069,1547.52,0.08,BID
1443919069,1547.54,0.306,BID
1443919072,1546.77,0.06,ASK
1443919181,1546.76,0.001,ASK
1443919181,1546.68,0.001,ASK
1443919181,1546.68,0.001,ASK
1443919181,1546.62,0.004,ASK
1443919181,1546.6,0.001,ASK
1443919181,1546.59,0.001,ASK
1443919181,1546.59,0.001,ASK
1443919181,1546.59,0.001,ASK
1443919181,1546.59,0.001,ASK
1443919181,1546.59,0.001,ASK
1443919181,1546.44,0.001,ASK
1443919181,1546.31,0.002,ASK
1443919181,1546.19,0.001,ASK
1443919181,1546.18,0.001,ASK
1443919181,1546.17,0.2,ASK
1443919181,1546.01,0.3,ASK
1443919184,1546.0,0.3,ASK
1443919236,1545.97,0.001,ASK
1443919236,1545.97,0.001,ASK
1443919236,1545.96,0.001,ASK
1443919236,1545.95,0.001,ASK
1443919236,1545.94,0.001,ASK
1443919236,1545.89,0.001,ASK
1443919236,1545.89,0.001,ASK
1443919236,1545.89,0.001,ASK
1443919236,1545.85,0.001,ASK
1443919236,1545.81,0.291,ASK
1443919243,1545.81,0.036,ASK
1443919243,1545.77,0.186,ASK
1443919243,1545.69,0.004,ASK
1443919243,1545.67,0.001,ASK
1443919243,1545.65,0.001,ASK
1443919243,1545.58,0.001,ASK
1443919243,1545.48,2.771,ASK
1443919262,1545.91,0.5,ASK
1443919265,1545.9,0.5,BID
1443919268,1545.91,0.06,ASK
1443919276,1545.95,0.289,ASK
1443919276,1545.93,0.001,ASK
1443919276,1545.91,0.011,ASK
1443919285,1545.91,0.335,ASK
1443919326,1545.92,0.001,ASK
1443919326,1545.91,0.093,ASK
1443919326,1545.91,0.001,ASK
1443919326,1545.89,0.06,ASK
1443919326,1545.48,0.279,ASK
1443919331,1545.48,0.07,ASK
1443919335,1545.9,0.001,BID
1443919346,1545.48,0.513,ASK
1443919355,1545.9,0.001,BID
1443919396,1545.87,0.001,BID
1443919416,1545.85,0.001,BID
1443919457,1545.84,0.001,BID
1443919468,1545.83,0.5207,BID
1443919468,1545.85,0.0079,BID
1443919468,1545.94,0.289,BID
1443919468,1545.97,0.0643,BID
1443919468,1546.04,0.001,BID
1443919468,1546.24,0.095,BID
1443919468,1546.34,0.002,BID
1443919468,1546.84,0.001,BID
1443919468,1546.86,0.3,BID
1443919468,1546.87,0.273,BID
1443919468,1546.9,1.3362,BID
1443919468,1546.91,1.636,BID
1443919553,1545.71,0.0283,ASK
1443919631,1545.82,0.075,ASK
1443919835,1546.42,0.06,BID
1443919835,1546.44,0.1,BID
1443919839,1546.65,0.075,ASK
1443919842,1546.65,0.1,ASK
1443919843,1546.65,0.65,ASK
1443919882,1546.66,0.0283,BID
1443919882,1546.67,0.06,BID
1443919882,1546.7,0.001,BID
1443919882,1546.71,0.001,BID
1443919882,1546.71,0.001,BID
1443919882,1546.71,0.001,BID
1443919882,1546.71,0.001,BID
1443919882,1546.81,0.001,BID
1443919882,1546.81,0.001,BID
1443919882,1546.81,0.001,BID
1443919882,1546.81,0.001,BID
1443919882,1546.81,0.001,BID
1443919882,1546.81,0.001,BID
1443919882,1546.81,0.001,BID
1443919882,1546.86,0.001,BID
1443919882,1546.88,0.005,BID
1443919882,1546.9,0.111,BID
1443919882,1546.92,0.001,BID
1443919882,1546.92,0.001,BID
1443919882,1546.92,0.001,BID
1443919882,1546.93,0.001,BID
1443919882,1546.93,0.001,BID
1443919882,1546.93,0.001,BID
1443919882,1546.94,0.001,BID
1443919882,1546.95,0.001,BID
1443919882,1546.96,0.001,BID
1443919882,1546.97,0.001,BID
1443919882,1546.97,0.001,BID
1443919882,1547.0,0.3,BID
1443919882,1547.27,0.001,BID
1443919882,1547.45,1.603,BID
1443919999,1547.43,1.136,BID
1443920002,1547.43,0.12,ASK
1443920031,1546.71,0.06,ASK
1443920031,1546.7,0.06,ASK
1443920064,1546.75,0.12,ASK
1443920079,1546.76,0.5,ASK
1443920157,1547.26,0.1,BID
1443920179,1546.73,0.001,ASK
1443920179,1546.7,0.3,ASK
1443920179,1546.69,0.19,ASK
1443920179,1546.67,0.009,ASK
1443920216,1546.67,0.0193,ASK
1443920222,1546.67,0.251,BID
1443920224,1546.67,1.7729,BID
1443920224,1547.37,0.001,BID
1443920224,1547.4,0.26,BID
1443920224,1547.42,0.12,BID
1443920224,1547.45,0.4261,BID
1443920266,1546.7,0.001,ASK
1443920266,1546.68,0.033,ASK
1443920267,1546.68,0.2,ASK
1443920306,1546.7,3.0,ASK
1443920306,1546.68,0.4,ASK
1443920307,1546.65,0.5,ASK
1443920310,1546.68,1.137,BID
1443920310,1546.68,0.4,BID
1443920311,1546.68,0.6465,BID
1443920312,1546.68,0.2395,BID
1443920321,1546.69,0.201,ASK
1443920450,1547.09,0.4,BID
1443920457,1547.1,0.06,BID
1443920457,1547.14,0.32,BID
1443920465,1547.14,0.817,BID
1443920508,1546.71,0.06,ASK
1443920509,1546.71,0.5226,BID
1443920515,1546.71,0.484,BID
1443920517,1546.71,0.6465,BID
1443920518,1546.71,0.1,BID
1443920544,1547.05,0.5226,BID
1443920544,1547.06,0.06,BID
1443920544,1547.09,0.19,BID
1443920560,1547.11,0.111,ASK
1443920560,1547.1,0.3059,ASK
1443920564,1547.1,2.58,ASK
1443920566,1547.11,1.137,ASK
1443920566,1547.1,0.9518,ASK
1443920567,1547.1,0.65,ASK
1443920568,1547.1,0.65,ASK
1443920580,1547.11,0.5,ASK
1443920581,1547.11,0.65,ASK
1443920586,1547.11,0.5,ASK
1443920587,1547.11,0.4256,ASK
1443920592,1547.11,0.5,ASK
1443920593,1547.11,0.4,ASK
1443920600,1547.11,0.5,ASK
1443920600,1547.11,0.3047,ASK
1443920628,1547.13,0.111,BID
1443920628,1547.14,1.069,BID
1443920629,1547.14,0.111,BID
1443920630,1547.14,0.145,BID
1443920630,1547.14,1.137,BID
1443920630,1547.15,0.818,BID
1443920631,1547.15,0.6464,BID
1443920631,1547.12,13.0,BID
1443920631,1547.12,8.838,BID
1443920652,1547.12,0.6,ASK
1443920653,1547.12,0.65,ASK
1443920658,1547.12,0.0864,ASK
1443920658,1547.11,0.8197,ASK
1443920658,1547.11,0.0939,ASK
1443920659,1547.11,0.0171,ASK
1443920664,1547.1,1.0,ASK
1443920665,1547.1,0.5,ASK
1443920670,1547.1,0.5,ASK
1443920672,1547.11,0.0903,BID
1443920686,1547.11,1.0467,ASK
1443920698,1547.11,2.0,BID
1443920699,1547.11,0.467,BID
1443920704,1547.12,0.1794,ASK
1443920704,1547.12,0.467,ASK
1443920719,1547.1,1.047,ASK
1443920720,1547.1,2.0,ASK
1443920720,1547.1,0.65,ASK
1443920725,1547.1,0.315,ASK
1443920727,1547.11,0.1794,BID
1443920727,1547.14,0.09,BID
1443920727,1547.14,0.69,BID
1443920727,1547.14,0.111,BID
1443920727,1547.15,4.5356,BID
1443920727,1547.21,0.001,BID
1443920727,1547.29,0.14,BID
1443920727,1547.36,0.3,BID
1443920727,1547.39,0.001,BID
1443920727,1547.39,0.001,BID
1443920727,1547.39,0.001,BID
1443920727,1547.4,0.001,BID
1443920727,1547.4,0.001,BID
1443920727,1547.41,0.001,BID
1443920727,1547.43,34.247,BID
1443920729,1547.42,3.0,BID
1443920729,1547.42,5.0,BID
1443920729,1547.42,1.692,BID
1443920732,1547.14,1.0,BID
1443920732,1547.14,4.363,BID
1443920732,1547.13,0.5226,ASK
1443920732,1547.12,0.1794,ASK
1443920732,1547.1,1.298,ASK
1443920736,1547.11,1.047,ASK
1443920736,1547.1,0.133,ASK
1443920737,1547.12,0.4,BID
1443920742,1547.15,0.06,ASK
1443920742,1547.14,0.02,ASK
1443920742,1547.13,0.232,ASK
1443920797,1547.13,0.168,ASK
1443920797,1547.11,0.09,ASK
1443920797,1547.11,0.111,ASK
1443920797,1547.1,0.131,ASK
1443920801,1547.1,1.0,ASK
1443920804,1547.1,0.5,ASK
1443920809,1547.1,0.5,ASK
1443920810,1547.1,0.65,ASK
1443920813,1547.12,0.131,BID
1443920814,1547.2,0.06,ASK
1443920816,1547.2,0.4554,ASK
1443920816,1547.13,0.0446,ASK
1443920820,1547.13,0.0864,ASK
1443920824,1547.1,0.455,ASK
1443920876,1547.1,0.8107,ASK
1443920879,1547.1,0.588,BID
1443920880,1547.1,0.6464,BID
1443920881,1547.1,0.4661,BID
1443920881,1547.1,0.1803,BID
1443920882,1547.1,0.6464,BID
1443920883,1547.1,0.6464,BID
1443920884,1547.1,0.0315,BID
1443920891,1547.11,0.5,ASK
1443920892,1547.11,0.1149,ASK
1443920892,1547.11,0.63,ASK
1443920892,1547.07,0.06,ASK
1443920892,1547.0,0.0646,ASK
1443920892,1546.78,0.1305,ASK
1443921003,1547.09,0.06,BID
1443921003,1547.1,0.3579,BID
1443921039,1547.1,0.2921,BID
1443921039,1547.1,0.65,BID
1443921039,1547.1,0.065,BID
1443921050,1547.11,0.17,BID
1443921056,1547.11,0.01,ASK
1443921067,1547.12,0.001,BID
1443921074,1547.11,0.358,ASK
1443921075,1547.11,0.65,ASK
1443921076,1547.11,0.1484,ASK
1443921076,1547.11,0.3,ASK
1443921076,1547.1,0.2016,ASK
1443921077,1547.1,0.65,ASK
1443921078,1547.12,0.0436,BID
1443921130,1547.2,0.08,ASK
1443921130,1547.19,0.06,ASK
1443921133,1547.18,0.001,ASK
1443921134,1547.17,0.001,ASK
1443921134,1547.13,0.0436,ASK
1443921134,1547.12,0.2564,ASK
1443921134,1547.1,0.199,ASK
1443921166,1547.1,0.01,ASK
1443921168,1547.11,0.001,BID
1443921187,1547.11,0.169,BID
1443921187,1547.15,0.06,BID
1443921187,1547.16,1.3364,BID
1443921187,1547.17,0.4346,BID
1443921192,1547.12,0.14,ASK
1443921193,1547.12,0.029,ASK
1443921195,1547.11,0.14,BID
1443921195,1547.11,0.169,BID
1443921201,1547.13,1.0274,ASK
1443921201,1547.12,0.06,ASK
1443921201,1547.1,2.8522,ASK
1443921201,1547.1,0.01,ASK
1443921203,1547.1,0.01,ASK
1443921206,1547.1,0.01,ASK
1443921245,1547.12,0.1,BID
1443921246,1547.12,0.55,BID
1443921252,1547.14,0.5216,BID
1443921252,1547.17,2.0584,BID
1443921271,1547.15,0.01,ASK
1443921273,1547.15,0.01,ASK
1443921276,1547.15,0.01,ASK
1443921279,1547.15,0.01,ASK
1443921283,1547.17,0.3293,BID
1443921283,1547.19,0.08,BID
1443921283,1547.2,0.06,BID
1443921283,1547.25,0.006,BID
1443921283,1547.44,0.001,BID
1443921283,1547.44,0.001,BID
1443921283,1547.44,0.001,BID
1443921283,1547.44,0.001,BID
1443921283,1547.44,0.001,BID
1443921283,1547.44,0.001,BID
1443921283,1547.54,0.001,BID
1443921283,1547.54,0.001,BID
1443921283,1547.54,0.001,BID
1443921283,1547.54,0.001,BID
1443921283,1547.54,0.001,BID
1443921283,1547.54,0.001,BID
1443921283,1547.54,0.001,BID
1443921283,1547.55,0.001,BID
1443921283,1547.55,0.001,BID
1443921283,1547.55,0.001,BID
1443921283,1547.55,0.001,BID
1443921283,1547.55,0.001,BID
1443921283,1547.55,0.001,BID
1443921283,1547.55,0.001,BID
1443921283,1547.56,0.002,BID
1443921283,1547.57,0.001,BID
1443921283,1547.58,0.001,BID
1443921283,1547.59,0.001,BID
1443921283,1547.59,0.001,BID
1443921283,1547.59,0.001,BID
1443921283,1547.59,0.001,BID
1443921283,1547.59,0.001,BID
1443921283,1547.6,0.001,BID
1443921283,1547.6,0.001,BID
1443921283,1547.61,0.001,BID
1443921283,1547.61,0.001,BID
1443921283,1547.62,0.001,BID
1443921283,1547.62,0.001,BID
1443921283,1547.63,0.001,BID
1443921283,1547.63,0.001,BID
1443921283,1547.63,0.001,BID
1443921283,1547.63,0.001,BID
1443921283,1547.63,0.001,BID
1443921283,1547.63,0.001,BID
1443921283,1547.63,0.001,BID
1443921283,1547.63,0.001,BID
1443921283,1547.63,0.001,BID
1443921283,1547.63,0.001,BID
1443921283,1547.64,0.001,BID
1443921283,1547.66,0.001,BID
1443921283,1547.67,0.001,BID
1443921283,1547.68,0.001,BID
1443921283,1547.68,0.001,BID
1443921283,1547.7,0.001,BID
1443921283,1547.71,0.001,BID
1443921283,1547.71,0.1,BID
1443921283,1547.73,0.001,BID
1443921283,1547.73,0.001,BID
1443921283,1547.73,0.001,BID
1443921283,1547.73,0.001,BID
1443921283,1547.75,0.001,BID
1443921283,1547.75,0.001,BID
1443921283,1547.76,0.001,BID
1443921283,1547.76,0.001,BID
1443921283,1547.76,0.001,BID
1443921283,1547.76,0.001,BID
1443921283,1547.76,0.001,BID
1443921283,1547.76,0.001,BID
1443921283,1547.76,0.001,BID
1443921283,1547.95,0.001,BID
1443921283,1547.96,0.001,BID
1443921283,1547.97,0.002,BID
1443921283,1547.97,0.002,BID
1443921283,1547.97,0.002,BID
1443921283,1547.98,0.001,BID
1443921283,1547.98,0.001,BID
1443921283,1547.98,0.001,BID
1443921283,1548.0,0.3,BID
1443921283,1548.08,0.3,BID
1443921283,1548.1,0.001,BID
1443921283,1548.1,0.7477,BID
1443921285,1547.19,5.0,BID
1443921285,1547.19,11.756,BID
1443921286,1547.19,5.0,BID
1443921286,1547.19,5.0,BID
1443921286,1547.19,2.653,BID
1443921300,1547.22,0.06,ASK
1443921300,1547.2,0.001,ASK
1443921300,1547.18,0.3293,ASK
1443921300,1547.15,0.1097,ASK
1443921329,1547.93,0.06,BID
1443921329,1547.94,0.002,BID
1443921329,1547.94,0.002,BID
1443921329,1547.94,0.002,BID
1443921329,1547.95,0.2265,BID
1443921347,1547.19,0.06,ASK
1443921350,1547.18,0.177,ASK
1443921351,1547.93,0.01,BID
1443921356,1547.17,0.002,ASK
1443921356,1547.17,0.002,ASK
1443921356,1547.17,0.002,ASK
1443921356,1547.15,0.3719,ASK
1443921356,1547.13,0.0964,ASK
1443921356,1547.13,0.0257,ASK
1443921360,1547.13,0.17,ASK
1443921372,1547.89,0.177,BID
1443921374,1547.18,0.5,ASK
1443921377,1547.89,0.06,BID
1443921377,1547.9,0.002,BID
1443921377,1547.9,0.002,BID
1443921377,1547.95,0.3622,BID
1443921377,1547.95,1.2643,BID
1443921377,1547.96,0.5005,BID
1443921417,1547.85,0.029,BID
1443921429,1547.91,0.01,BID
1443921429,1547.92,0.06,BID
1443921429,1547.97,0.001,BID
1443921429,1548.0,0.029,BID
1443921474,1547.59,0.5,ASK
1443921515,1547.97,0.5,BID
1443921517,1547.98,0.001,BID
1443921517,1548.0,0.6271,BID
1443921520,1548.0,0.1388,BID
1443921520,1548.03,0.001,BID
1443921520,1548.03,0.001,BID
1443921520,1548.05,0.001,BID
1443921520,1548.07,0.001,BID
1443921520,1548.07,0.001,BID
1443921520,1548.09,0.004,BID
1443921520,1548.1,0.001,BID
1443921520,1548.11,0.001,BID
1443921520,1548.12,0.1,BID
1443921526,1548.13,0.0642,ASK
1443921526,1548.01,0.203,ASK
1443921526,1547.8,0.06,BID
1443921527,1547.58,0.001,ASK
1443921527,1547.57,0.001,ASK
1443921528,1547.44,0.008,BID
1443921528,1547.8,1.391,BID
1443921528,1547.8,0.365,BID
1443921529,1547.8,0.6461,BID
1443921530,1547.8,2.003,BID
1443921532,1547.8,0.8,BID
1443921533,1547.79,0.008,BID
1443921533,1547.8,0.6381,BID
1443921534,1547.8,0.6461,BID
1443921535,1547.8,2.168,BID
1443921535,1547.8,0.6461,BID
1443921535,1547.8,0.325,BID
1443921536,1547.79,0.06,BID
1443921536,1547.8,0.5861,BID
1443921537,1547.8,0.6461,BID
1443921538,1547.8,1.997,BID
1443921601,1547.92,0.06,BID
1443921609,1548.0,0.0646,BID
1443921609,1548.01,0.001,BID
1443921630,1548.1,0.5,BID
1443921630,1548.17,0.001,BID
1443921630,1548.18,0.001,BID
1443921630,1548.18,0.001,BID
1443921635,1548.2,0.5,ASK
1443921640,1548.2,0.5,ASK
1443921641,1548.21,0.65,ASK
1443921666,1548.21,0.2216,ASK
1443921672,1548.21,0.4647,ASK
1443921672,1548.21,0.0353,ASK
1443921673,1548.21,0.0247,ASK
1443921673,1548.2,0.5,ASK
1443921674,1548.2,0.494,ASK
1443921705,1548.2,0.5,ASK
1443921706,1548.2,0.65,ASK
1443921707,1548.2,0.65,ASK
1443921708,1548.2,0.65,ASK
1443921708,1548.26,0.06,BID
1443921712,1548.2,0.5,ASK
1443921713,1548.2,0.65,ASK
1443921714,1548.2,0.65,ASK
1443921715,1548.2,0.65,ASK
1443921716,1548.2,0.5,ASK
1443921717,1548.2,0.1019,ASK
1443921721,1548.2,0.5,ASK
1443921732,1548.2,0.5,ASK
1443921738,1548.2,0.5,ASK
1443921745,1548.2,0.5,ASK
1443921745,1548.2,0.6,ASK
1443921745,1548.2,0.675,ASK
1443921746,1548.2,0.206,ASK
1443921750,1548.2,0.5,ASK
1443921755,1548.2,0.5,ASK
1443921756,1548.25,0.04,BID
1443921757,1548.25,0.02,BID
1443921757,1548.26,0.04,BID
1443921759,1548.28,0.1,BID
1443921760,1548.2,0.5,ASK
1443921761,1548.21,0.06,ASK
1443921763,1548.42,0.003,BID
1443921764,1548.43,0.007,ASK
1443921764,1548.2,0.126,ASK
1443921765,1548.2,0.5,ASK
1443921767,1548.21,0.06,ASK
1443921767,1548.2,0.44,ASK
1443921770,1548.2,0.06,ASK
1443921771,1548.2,0.166,ASK
1443921773,1548.2,0.5,ASK
1443921776,1548.2,0.4,ASK
1443921778,1548.2,1.0,ASK
1443921778,1548.2,0.222,ASK
1443921780,1548.2,1.0,ASK
1443921781,1548.2,0.5,ASK
1443921784,1548.2,1.0,ASK
1443921786,1548.2,0.5,ASK
1443921788,1548.55,0.06,BID
1443921788,1548.56,0.04,BID
1443921791,1548.21,0.4624,ASK
1443921791,1548.2,0.0376,ASK
1443921796,1548.21,0.06,ASK
1443921796,1548.2,0.44,ASK
1443921808,1548.21,0.04,ASK
1443921808,1548.2,0.46,ASK
1443921818,1548.2,0.5,ASK
1443921824,1548.2,0.5,ASK
1443921830,1548.2,0.5,ASK
1443921835,1548.2,0.5,ASK
1443921841,1548.2,0.5,ASK
1443921846,1548.2,0.5,ASK
1443921850,1548.2,0.5,ASK
1443921855,1548.2,0.5,ASK
1443921860,1548.2,0.5,ASK
1443921883,1548.36,0.001,ASK
1443921883,1548.2,0.499,ASK
1443921912,1548.2,0.5,ASK
1443921912,1548.2,0.5,ASK
1443921943,1548.49,0.5224,BID
1443921943,1548.57,0.001,BID
1443921943,1548.57,0.001,BID
1443921943,1548.58,0.001,BID
1443921943,1548.73,0.002,BID
1443921943,1548.91,0.001,BID
1443921943,1548.91,0.001,BID
1443921943,1548.91,0.001,BID
1443921943,1549.0,0.1,BID
1443921943,1549.08,0.001,BID
1443921943,1549.09,0.001,BID
1443921943,1549.09,0.001,BID
1443921943,1549.09,0.001,BID
1443921943,1549.09,0.001,BID
1443921943,1549.09,0.001,BID
1443921943,1549.09,0.001,BID
1443921943,1549.34,0.004,BID
1443921943,1549.35,0.001,BID
1443921943,1549.36,0.001,BID
1443921943,1549.36,0.001,BID
1443921943,1549.5,0.3,BID
1443921943,1549.51,1.3363,BID
1443921943,1549.52,1.914,BID
1443921950,1548.37,0.5,ASK
1443921954,1548.36,0.001,ASK
1443921954,1548.36,0.999,ASK
1443921955,1548.37,4.469,ASK
1443921955,1548.36,0.3383,ASK
1443921955,1548.35,0.001,ASK
1443921955,1548.2,0.1607,ASK
1443921974,1548.47,0.1,BID
1443921978,1548.49,0.06,ASK
1443921994,1548.21,0.3,ASK
1443921994,1548.2,0.045,ASK
1443922015,1548.48,0.03,BID
1443922030,1548.48,0.1556,BID
1443922052,1548.49,0.06,BID
1443922052,1548.5,1.13,BID
1443922062,1548.84,0.1544,BID
1443922066,1548.21,0.075,ASK
1443922125,1548.35,0.06,ASK
1443922125,1548.34,0.001,ASK
1443922125,1548.34,0.001,ASK
1443922125,1548.21,0.353,ASK
1443922134,1548.21,0.06,ASK
1443922136,1548.51,0.06,BID
1443922152,1548.84,0.004,BID
1443922153,1548.83,0.06,BID
1443922153,1548.85,0.001,BID
1443922153,1548.85,0.001,BID
1443922153,1548.85,0.001,BID
1443922153,1548.85,0.001,BID
1443922154,1548.85,0.015,ASK
1443922156,1548.85,0.079,ASK
1443922157,1548.44,0.079,ASK
1443922196,1549.33,0.071,BID
1443922196,1549.34,0.001,BID
1443922196,1549.34,0.001,BID
1443922196,1549.34,0.001,BID
1443922213,1549.33,0.01,BID
1443922213,1549.45,0.001,BID
1443922213,1549.46,0.001,BID
1443922213,1549.47,1.3373,BID
1443922213,1549.48,0.1,BID
1443922213,1549.48,3.5653,BID
1443922213,1549.49,0.11,BID
1443922213,1549.54,0.1,BID
1443922213,1549.57,0.002,BID
1443922213,1549.7,1.0,BID
1443922213,1549.86,1.0,BID
1443922213,1549.9,2.6984,BID
1443922213,1549.91,0.1,BID
1443922213,1549.96,1.4292,BID
1443922213,1549.97,1.7864,BID
1443922213,1549.98,0.9924,BID
1443922213,1549.99,3.3958,BID
1443922225,1549.3,0.5,BID
1443922225,1548.49,0.06,ASK
1443922225,1548.46,0.001,ASK
1443922225,1548.45,0.001,ASK
1443922225,1548.45,0.438,ASK
1443922230,1548.48,0.645,ASK
1443922233,1548.46,0.5226,ASK
1443922233,1548.45,0.0664,ASK
1443922233,1548.45,0.8338,ASK
1443922233,1548.44,0.1662,ASK
1443922235,1548.72,0.001,ASK
1443922235,1548.44,0.009,ASK
1443922236,1548.44,0.5,ASK
1443922236,1548.44,2.106,ASK
1443922236,1548.44,0.01,ASK
1443922255,1549.31,0.074,ASK
1443922255,1549.31,0.1476,ASK
1443922256,1549.3,0.0744,BID
1443922256,1549.3,0.1476,BID
1443922257,1549.3,0.0744,BID
1443922257,1549.3,0.1476,BID
1443922258,1549.29,0.0023,BID
1443922262,1549.29,0.0577,BID
1443922265,1549.3,0.527,ASK
1443922266,1548.43,0.5,ASK
1443922267,1548.43,0.75,ASK
1443922270,1548.44,0.06,ASK
1443922270,1548.43,0.94,ASK
1443922272,1548.45,11.04,ASK
1443922274,1548.71,0.001,ASK
1443922274,1548.45,0.059,ASK
1443922281,1549.26,0.5226,BID
1443922281,1549.27,0.06,BID
1443922281,1549.29,0.0894,BID
1443922288,1549.29,0.5106,BID
1443922288,1549.3,0.012,BID
1443922288,1549.7,1.0,BID
1443922288,1549.71,0.001,BID
1443922288,1549.72,0.001,BID
1443922288,1549.95,0.645,BID
1443922288,1549.96,0.3,BID
1443922288,1549.99,2.5642,BID
1443922289,1549.3,0.5,ASK
1443922292,1549.3,0.0226,ASK
1443922293,1548.47,0.06,ASK
1443922293,1548.46,0.44,ASK
1443922293,1549.28,0.464,BID
1443922293,1549.29,0.0004,BID
1443922294,1549.72,4.0,ASK
1443922294,1549.72,10.112,ASK
1443922299,1549.3,0.05,ASK
1443922299,1549.3,0.0082,ASK
1443922300,1548.73,0.001,ASK
1443922300,1548.49,0.3,ASK
1443922300,1548.46,0.199,ASK
1443922300,1549.28,0.3688,BID
1443922300,1549.31,0.1537,ASK
1443922302,1549.28,0.2463,BID
1443922304,1549.28,0.1225,ASK
1443922307,1548.51,0.06,BID
1443922307,1548.64,0.1225,BID
1443922333,1549.3,0.1,BID
1443922351,1548.73,0.182,ASK
1443922353,1548.73,0.183,ASK
1443922357,1548.73,0.5,ASK
1443922362,1548.73,0.5,ASK
1443922363,1549.27,7.663,ASK
1443922367,1548.73,0.5,ASK
1443922370,1549.0,0.063,ASK
1443922373,1549.0,0.5,ASK
1443922377,1549.0,1.0,ASK
1443922378,1549.0,0.5,ASK
1443922379,1549.0,1.0,ASK
1443922380,1549.0,0.937,ASK
1443922380,1548.73,0.063,ASK
1443922382,1548.73,1.0,ASK
1443922384,1548.73,1.0,ASK
1443922385,1548.76,0.352,ASK
1443922385,1548.73,0.148,ASK
1443922418,1548.73,0.239,ASK
1443922423,1548.73,0.185,ASK
1443922423,1548.72,0.001,ASK
1443922423,1548.71,0.001,ASK
1443922423,1548.65,0.182,ASK
1443922423,1548.65,0.001,ASK
1443922423,1548.52,0.0539,ASK
1443922427,1548.6,2.0975,BID
1443922427,1549.0,3.3687,BID
1443922430,1549.0,2.0,BID
1443922430,1548.61,0.4,ASK
1443922430,1548.61,0.013,ASK
1443922472,1548.98,0.06,BID
1443922472,1548.99,1.3382,BID
1443922472,1548.99,0.1015,BID
1443922472,1548.99,0.111,BID
1443922473,1548.99,0.352,ASK
1443922474,1548.99,0.165,ASK
1443922474,1548.99,0.5,ASK
1443922475,1548.99,0.1723,ASK
1443922475,1548.61,0.3277,ASK
1443922476,1548.61,0.17,ASK
1443922480,1548.62,0.06,ASK
1443922484,1548.98,0.2759,BID
1443922484,1548.99,0.3,BID
1443922484,1549.0,1.361,BID
1443922516,1548.52,0.0061,ASK
1443922516,1548.38,0.001,ASK
1443922516,1548.34,0.001,ASK
1443922516,1548.3,0.008,ASK
1443922516,1548.22,0.001,ASK
1443922516,1548.21,0.1051,ASK
1443922516,1548.21,0.3778,ASK
1443922518,1548.21,0.016,ASK
1443922520,1548.21,0.1042,ASK
1443922520,1548.21,0.001,ASK
1443922520,1548.12,0.3,ASK
1443922520,1548.11,0.0948,ASK
1443922521,1548.11,0.4052,ASK
1443922521,1548.11,0.111,ASK
1443922521,1548.1,0.4838,ASK
1443922525,1548.1,0.5,ASK
1443922530,1548.1,0.5,ASK
1443922536,1548.1,0.0842,ASK
1443922536,1548.09,0.001,ASK
1443922536,1548.09,0.001,ASK
1443922536,1548.09,0.001,ASK
1443922536,1548.09,0.001,ASK
1443922536,1548.09,0.001,ASK
1443922536,1548.09,0.001,ASK
1443922536,1548.08,0.001,ASK
1443922536,1548.05,0.001,ASK
1443922536,1548.02,0.06,ASK
1443922536,1548.01,0.0646,ASK
1443922536,1547.99,0.002,ASK
1443922536,1547.91,0.001,ASK
1443922536,1547.91,0.001,ASK
1443922536,1547.91,0.001,ASK
1443922536,1547.85,0.001,ASK
1443922536,1547.85,0.001,ASK
1443922536,1547.85,0.001,ASK
1443922536,1547.85,0.001,ASK
1443922536,1547.81,0.2742,ASK
1443922537,1548.27,0.001,ASK
1443922538,1548.0,2.0,ASK
1443922538,1548.0,17.107,ASK
1443922541,1547.81,0.3719,ASK
1443922541,1547.58,0.1281,ASK
1443922541,1547.58,0.186,ASK
1443922542,1547.58,0.3719,ASK
1443922543,1547.58,0.01,ASK
1443922544,1547.58,0.6434,ASK
1443922544,1547.57,0.001,ASK
1443922545,1547.37,0.004,ASK
1443922545,1547.21,0.001,ASK
1443922545,1547.21,0.495,ASK
1443922553,1547.2,0.09,ASK
1443922563,1547.2,0.5,ASK
1443922565,1547.2,0.541,ASK
1443922565,1547.19,0.5,ASK
1443922566,1547.19,0.541,ASK
1443922566,1547.19,0.75,ASK
1443922567,1547.19,0.5,ASK
1443922568,1547.19,0.1,ASK
1443922568,1547.19,0.868,ASK
1443922569,1547.19,0.225,ASK
1443922569,1547.19,0.118,ASK
1443922569,1547.19,1.0,ASK
1443922570,1547.19,0.01,ASK
1443922571,1547.19,0.6814,ASK
1443922571,1547.18,0.3186,ASK
1443922575,1547.18,0.5,ASK
1443922577,1547.4,0.001,BID
1443922579,1547.18,1.0,ASK
1443922579,1547.18,0.2664,ASK
1443922579,1547.18,0.2336,ASK
1443922580,1547.18,0.2664,ASK
1443922580,1547.15,0.002,ASK
1443922580,1547.15,0.002,ASK
1443922580,1547.1,0.7296,ASK
1443922584,1547.12,0.001,ASK
1443922584,1547.1,0.499,ASK
1443922585,1547.1,1.0,ASK
1443922589,1547.1,0.935,ASK
1443922589,1547.1,0.5,ASK
1443922591,1547.1,0.1,ASK
1443922592,1547.1,1.0,ASK
1443922593,1547.1,0.277,ASK
1443922594,1547.1,0.226,ASK
1443922594,1547.1,1.0,ASK
1443922594,1547.1,0.45,ASK
1443922594,1547.1,0.5,ASK
1443922595,1547.1,0.57,ASK
1443922597,1547.54,0.001,BID
1443922599,1547.1,1.0,ASK
1443922599,1547.1,0.5,ASK
1443922601,1547.12,0.2188,ASK
1443922604,1547.12,0.0272,ASK
1443922604,1547.1,0.4728,ASK
1443922610,1547.1,0.5,ASK
1443922613,1547.1,5.99,ASK
1443922615,1547.1,0.5,ASK
1443922619,1547.1,0.5,ASK
1443922624,1547.22,0.5,ASK
1443922625,1547.22,0.75,ASK
1443922625,1547.22,1.042,ASK
1443922625,1547.22,0.954,ASK
1443922630,1547.22,0.05,ASK
1443922630,1547.22,0.5,ASK
1443922635,1547.22,0.6895,ASK
1443922635,1547.22,0.5,ASK
1443922636,1547.22,0.06,ASK
1443922637,1547.3,0.001,ASK
1443922637,1547.22,0.0535,ASK
1443922638,1547.22,0.001,ASK
1443922638,1547.11,0.109,ASK
1443922640,1547.11,0.5,ASK
1443922641,1547.51,0.01,BID
1443922641,1547.52,0.06,BID
1443922643,1547.54,0.13,ASK
1443922644,1547.54,0.2,ASK
1443922644,1547.54,2.0,ASK
1443922644,1547.54,0.5,ASK
1443922646,1547.54,0.109,ASK
1443922646,1547.54,2.0,ASK
1443922646,1547.54,0.184,ASK
1443922647,1547.54,0.2786,ASK
1443922647,1547.54,0.1,ASK
1443922648,1547.54,2.58,ASK
1443922648,1547.54,0.01,ASK
1443922648,1547.54,0.1448,ASK
1443922648,1547.54,0.01,ASK
1443922649,1547.5,0.06,ASK
1443922649,1547.11,0.44,ASK
1443922649,1547.11,0.592,ASK
1443922650,1547.11,0.438,ASK
1443922650,1547.11,0.03,ASK
1443922653,1547.11,1.0,ASK
1443922656,1547.11,0.5,ASK
1443922656,1547.4,1.0,ASK
1443922657,1547.4,1.993,ASK
1443922661,1547.4,0.113,ASK
1443922661,1547.4,0.5,ASK
1443922664,1547.4,0.1,ASK
1443922665,1547.4,1.945,ASK
1443922666,1547.4,0.5,ASK
1443922667,1547.4,0.099,ASK
1443922667,1547.11,0.3,ASK
1443922671,1547.11,0.5,ASK
1443922676,1547.11,0.5,ASK
1443922676,1547.11,0.023,ASK
1443922680,1547.11,0.09,ASK
1443922681,1547.11,0.266,ASK
1443922681,1547.11,0.5,ASK
1443922685,1547.11,0.04,ASK
1443922685,1547.11,0.75,ASK
1443922686,1547.11,0.5,ASK
1443922686,1547.11,7.5731,ASK
1443922686,1547.11,0.5,ASK
1443922686,1547.11,0.655,ASK
1443922688,1547.11,0.265,ASK
1443922689,1547.11,0.068,ASK
1443922690,1547.11,0.5,ASK
1443922691,1547.11,1.0,ASK
1443922691,1547.11,0.084,ASK
1443922692,1547.11,0.09,ASK
1443922693,1547.11,0.223,ASK
1443922693,1547.11,1.115,ASK
1443922694,1547.11,0.9094,ASK
1443922695,1547.11,0.05,ASK
1443922696,1547.11,0.5,ASK
1443922696,1547.11,0.034,ASK
1443922697,1547.11,0.258,ASK
1443922699,1547.11,0.621,ASK
1443922699,1547.11,0.65,ASK
1443922699,1547.11,0.49,ASK
1443922700,1547.11,0.5212,ASK
1443922701,1547.11,0.034,ASK
1443922701,1547.11,0.5,ASK
1443922701,1547.11,0.288,ASK
1443922702,1547.11,3.443,ASK
1443922703,1547.11,0.0418,ASK
1443922706,1547.11,0.5,ASK
1443922707,1547.11,0.538,ASK
1443922707,1547.11,0.3663,ASK
1443922708,1547.11,0.254,ASK
1443922708,1547.11,0.65,ASK
1443922709,1547.11,0.3,ASK
1443922710,1547.11,0.3,ASK
1443922710,1547.11,0.5,ASK
1443922710,1547.11,0.0206,ASK
1443922711,1547.11,0.0236,ASK
1443922712,1547.11,0.0794,ASK
1443922713,1547.11,0.0794,ASK
1443922714,1547.11,0.4588,ASK
1443922714,1547.11,0.27,ASK
1443922715,1547.11,0.0592,ASK
1443922715,1547.11,0.5,ASK
1443922717,1547.11,0.44,ASK
1443922717,1547.11,1.0,ASK
1443922718,1547.11,0.05,ASK
1443922720,1547.11,0.5,ASK
1443922721,1547.12,14.0,ASK
1443922721,1547.12,1.626,ASK
1443922722,1547.11,0.1,ASK
1443922722,1547.11,0.1,ASK
1443922723,1547.11,0.4136,ASK
1443922723,1547.1,0.1532,ASK
1443922728,1547.1,0.5,ASK
1443922729,1547.1,1.0,ASK
1443922729,1547.1,0.75,ASK
1443922732,1547.1,1.0,ASK
1443922732,1547.1,0.416,ASK
1443922733,1547.1,0.5,ASK
1443922734,1547.1,1.0,ASK
1443922736,1547.1,1.0,ASK
1443922738,1547.1,0.5,ASK
1443922739,1547.1,1.0,ASK
1443922741,1547.1,1.0,ASK
1443922742,1547.1,0.5,ASK
1443922743,1547.11,7.209,ASK
1443922743,1547.1,1.0,ASK
1443922746,1547.1,1.0,ASK
1443922747,1547.13,0.5,ASK
1443922747,1547.1,0.2,ASK
1443922750,1547.1,1.0,ASK
1443922752,1547.1,0.5,ASK
1443922759,1547.1,0.5,ASK
1443922760,1547.11,0.5,BID
1443922760,1547.35,0.183,BID
1443922760,1547.53,0.497,BID
1443922765,1547.52,0.06,BID
1443922765,1547.52,0.5225,BID
1443922765,1547.53,0.5975,BID
1443922782,1547.14,0.5,ASK
1443922785,1547.12,0.0506,ASK
1443922787,1547.12,0.4494,ASK
1443922787,1547.12,0.0506,ASK
1443922792,1547.13,0.06,ASK
1443922792,1547.12,0.1144,ASK
1443922792,1547.1,0.3256,ASK
1443922795,1547.1,0.28,ASK
1443922797,1547.1,0.5,ASK
1443922798,1547.52,0.5,BID
1443922798,1547.53,0.2449,BID
1443922798,1547.53,0.111,BID
1443922798,1547.54,1.7241,BID
1443922802,1547.11,0.5,ASK
1443922802,1547.51,0.06,BID
1443922802,1547.54,1.12,BID
1443922806,1547.12,0.5,ASK
1443922810,1547.12,0.165,ASK
1443922811,1547.12,0.6747,ASK
1443922811,1547.1,0.3253,ASK
1443922811,1547.1,0.5,ASK
1443922812,1547.1,0.1498,ASK
1443922816,1547.13,0.06,ASK
1443922816,1547.1,0.44,ASK
1443922821,1547.11,0.111,ASK
1443922821,1547.1,0.389,ASK
1443922826,1547.1,0.5,ASK
1443922831,1547.1,0.5,ASK
1443922836,1547.1,0.5,ASK
1443922839,1547.1,1.0,ASK
1443922842,1547.1,0.5,ASK
1443922846,1547.2,1.0,ASK
1443922846,1547.2,0.5,ASK
1443922851,1547.2,0.5,ASK
1443922856,1547.2,0.5,ASK
1443922860,1547.2,0.8543,ASK
1443922860,1547.2,0.5,ASK
1443922865,1547.2,0.5,ASK
1443922868,1547.2,0.0546,ASK
1443922873,1547.2,0.5,ASK
1443922877,1547.2,0.3811,ASK
1443922877,1547.12,0.1189,ASK
1443922882,1547.12,0.5,ASK
1443922887,1547.12,0.5,ASK
1443922893,1547.12,0.5,ASK
1443922901,1547.12,0.5,ASK
1443922907,1547.12,0.5,ASK
1443922912,1547.12,0.5,ASK
1443922917,1547.12,0.5,ASK
1443922922,1547.12,0.5,ASK
1443922926,1547.12,0.5,ASK
1443922931,1547.12,0.5,ASK
1443922933,1547.12,0.5,ASK
1443922936,1547.12,0.5,ASK
1443922937,1547.12,0.01,ASK
1443922938,1547.12,0.4654,ASK
1443922939,1547.12,0.0614,ASK
1443922940,1547.12,0.5,ASK
1443922945,1547.12,0.5,ASK
1443922950,1547.12,0.5,ASK
1443922954,1547.12,0.5,ASK
1443922959,1547.12,0.5,ASK
1443922964,1547.12,0.5,ASK
1443922969,1547.12,0.5,ASK
1443922974,1547.12,0.5,ASK
1443922979,1547.12,0.5,ASK
1443922984,1547.1,0.5,ASK
1443922989,1547.1,0.5,ASK
1443922994,1547.1,0.5,ASK
1443922999,1547.1,1.0,ASK
1443923000,1547.13,0.5,ASK
1443923002,1547.1,1.0,ASK
1443923005,1547.1,0.5,ASK
1443923005,1547.1,1.0,ASK
1443923011,1547.1,0.5,ASK
1443923046,1547.11,0.01,ASK
1443923046,1547.1,0.49,ASK
1443923051,1547.1,0.5,ASK
1443923058,1547.1,0.5,ASK
1443923063,1547.31,0.001,ASK
1443923063,1547.1,0.499,ASK
1443923069,1547.1,0.5,ASK
1443923074,1547.1,1.0,ASK
1443923074,1547.1,0.5,ASK
1443923076,1547.1,0.5928,ASK
1443923076,1547.1,0.001,ASK
1443923076,1547.09,0.001,ASK
1443923076,1547.09,0.001,ASK
1443923076,1547.09,0.001,ASK
1443923076,1547.07,0.001,ASK
1443923076,1547.07,0.001,ASK
1443923076,1547.07,0.001,ASK
1443923076,1547.05,0.001,ASK
1443923076,1547.05,0.001,ASK
1443923076,1547.03,0.001,ASK
1443923076,1547.03,0.001,ASK
1443923076,1547.01,0.001,ASK
1443923076,1547.01,0.37,ASK
1443923076,1547.0,0.0252,ASK
1443923079,1547.0,0.2748,ASK
1443923079,1547.0,0.0646,ASK
1443923079,1547.0,0.6606,ASK
1443923079,1547.0,0.5,ASK
1443923080,1547.3,0.001,ASK
1443923080,1547.0,0.999,ASK
1443923084,1547.0,0.5,ASK
1443923086,1547.0,0.4404,ASK
1443923086,1546.98,0.1,ASK
1443923086,1546.98,0.003,ASK
1443923086,1546.87,0.001,ASK
1443923086,1546.82,0.001,ASK
1443923086,1546.82,0.001,ASK
1443923086,1546.82,0.001,ASK
1443923086,1546.82,0.001,ASK
1443923086,1546.82,0.001,ASK
1443923086,1546.82,0.001,ASK
1443923086,1546.82,0.001,ASK
1443923086,1546.76,0.001,ASK
1443923086,1546.76,0.001,ASK
1443923086,1546.76,0.001,ASK
1443923086,1546.67,0.001,ASK
1443923086,1546.67,0.002,ASK
1443923086,1546.64,0.001,ASK
1443923086,1546.63,0.001,ASK
1443923086,1546.63,0.001,ASK
1443923086,1546.63,0.001,ASK
1443923086,1546.63,0.001,ASK
1443923086,1546.63,0.001,ASK
1443923086,1546.63,0.001,ASK
1443923086,1546.62,0.001,ASK
1443923086,1546.62,0.001,ASK
1443923086,1546.61,0.001,ASK
1443923086,1546.6,0.4326,ASK
1443923100,1547.48,0.06,BID
1443923100,1547.49,0.002,BID
1443923100,1547.49,0.002,BID
1443923100,1547.5,1.3397,BID
1443923100,1547.5,0.3,BID
1443923100,1547.51,5.0963,BID
1443923141,1546.65,0.06,ASK
1443923141,1546.64,0.04,ASK
1443923146,1546.99,0.001,BID
1443923147,1547.49,0.3,ASK
1443923148,1547.49,0.06,ASK
1443923148,1547.49,0.5,ASK
1443923148,1547.49,0.5,ASK
1443923149,1547.49,0.5,ASK
1443923150,1547.49,0.3,ASK
1443923152,1547.49,2.58,ASK
1443923153,1547.49,1.0,ASK
1443923153,1547.49,0.5,ASK
1443923154,1547.49,1.0,ASK
1443923156,1547.5,0.111,BID
1443923156,1547.51,1.889,BID
1443923157,1547.51,0.111,BID
1443923158,1547.49,0.237,ASK
1443923158,1547.49,0.5,ASK
1443923159,1547.49,0.111,ASK
1443923159,1547.49,1.0,ASK
1443923161,1547.49,1.0,ASK
1443923163,1547.49,0.5,ASK
1443923163,1547.49,1.0,ASK
1443923163,1547.49,0.1,ASK
1443923166,1547.49,0.7504,ASK
1443923166,1546.64,0.2496,ASK
1443923183,1547.46,0.06,ASK
1443923183,1547.0,0.001,ASK
1443923242,1546.99,0.06,BID
1443923242,1547.0,0.6055,BID
1443923242,1547.02,0.001,BID
1443923242,1547.02,0.001,BID
1443923242,1547.5,0.2896,BID
1443923242,1547.51,4.6437,BID
1443923242,1547.55,0.001,BID
1443923242,1547.55,0.001,BID
1443923242,1547.63,0.634,BID
1443923242,1547.66,0.184,BID
1443923242,1547.82,0.001,BID
1443923242,1547.82,0.001,BID
1443923242,1547.82,0.001,BID
1443923242,1547.82,0.001,BID
1443923242,1547.82,0.001,BID
1443923242,1547.82,0.001,BID
1443923242,1547.82,0.001,BID
1443923242,1547.87,0.001,BID
1443923242,1547.98,0.002,BID
1443923242,1548.0,0.3,BID
1443923242,1548.0,0.001,BID
1443923242,1548.05,0.001,BID
1443923242,1548.06,1.0,BID
1443923242,1548.07,0.001,BID
1443923242,1548.09,0.001,BID
1443923242,1548.09,0.001,BID
1443923242,1548.09,0.001,BID
1443923242,1548.1,0.0646,BID
1443923242,1548.3,0.001,BID
1443923242,1548.3,0.001,BID
1443923242,1548.31,0.001,BID
1443923242,1548.51,0.595,BID
1443923258,1546.67,0.0022,ASK
1443923271,1547.0,0.3,ASK
1443923271,1546.77,0.06,ASK
1443923271,1546.76,0.001,ASK
1443923271,1546.66,0.001,ASK
1443923271,1546.64,0.3,ASK
1443923271,1546.63,0.1984,ASK
1443923271,1546.62,0.002,ASK
1443923271,1546.62,0.002,ASK
1443923271,1546.61,0.59,ASK
1443923271,1546.6,0.5713,ASK
1443923271,1546.6,0.001,ASK
1443923271,1546.58,0.001,ASK
1443923271,1546.55,0.001,ASK
1443923271,1546.55,0.001,ASK
1443923271,1546.55,0.001,ASK
1443923271,1546.55,0.001,ASK
1443923271,1546.55,0.001,ASK
1443923271,1546.55,0.001,ASK
1443923271,1546.55,0.001,ASK
1443923271,1546.55,0.001,ASK
1443923271,1546.54,0.001,ASK
1443923271,1546.54,0.001,ASK
1443923271,1546.54,0.001,ASK
1443923271,1546.54,0.001,ASK
1443923271,1546.54,0.001,ASK
1443923271,1546.54,0.001,ASK
1443923271,1546.54,0.001,ASK
1443923271,1546.44,0.001,ASK
1443923271,1546.44,0.001,ASK
1443923271,1546.44,0.001,ASK
1443923271,1546.44,0.001,ASK
1443923271,1546.44,0.001,ASK
1443923271,1546.44,0.001,ASK
1443923271,1546.4,0.001,ASK
1443923271,1546.4,0.001,ASK
1443923271,1546.39,0.001,ASK
1443923271,1546.39,0.001,ASK
1443923271,1546.39,0.001,ASK
1443923271,1546.27,0.001,ASK
1443923271,1546.27,0.111,ASK
1443923271,1546.26,0.6549,ASK
1443923271,1546.21,0.001,ASK
1443923271,1546.05,0.004,ASK
1443923271,1546.02,0.001,ASK
1443923271,1546.02,0.001,ASK
1443923271,1546.0,0.3,ASK
1443923271,1545.99,0.001,ASK
1443923271,1545.86,0.001,ASK
1443923271,1545.81,0.001,ASK
1443923271,1545.81,0.001,ASK
1443923271,1545.81,0.001,ASK
1443923271,1545.81,0.001,ASK
1443923271,1545.81,0.001,ASK
1443923271,1545.81,0.001,ASK
1443923271,1545.81,0.001,ASK
1443923271,1545.8,0.0085,ASK
1443923271,1545.71,0.001,ASK
1443923271,1545.71,0.001,ASK
1443923271,1545.71,0.001,ASK
1443923271,1545.71,0.001,ASK
1443923271,1545.7,0.001,ASK
1443923271,1545.56,0.3,ASK
1443923271,1545.52,1.3414,ASK
1443923271,1545.51,0.005,ASK
1443923271,1545.49,0.596,ASK
1443923271,1545.48,0.6067,ASK
1443923275,1546.68,5.0,ASK
1443923275,1546.68,2.0,ASK
1443923275,1546.68,2.097,ASK
1443923278,1547.44,12.0,ASK
1443923278,1547.44,8.03,ASK
1443923289,1546.74,0.06,BID
1443923289,1546.74,0.0022,BID
1443923289,1546.75,0.0054,BID
1443923289,1547.0,0.2994,BID
1443923290,1546.99,1.0,BID
1443923290,1546.99,1.0,BID
1443923290,1546.99,2.363,BID
1443923290,1547.0,0.0006,BID
1443923302,1547.08,0.001,ASK
1443923302,1547.03,0.06,ASK
1443923302,1546.76,0.523,ASK
1443923302,1546.75,0.0622,ASK
1443923302,1546.69,0.005,ASK
1443923302,1546.69,0.002,ASK
1443923302,1546.69,0.002,ASK
1443923302,1546.64,5.9262,ASK
1443923307,1546.64,0.5,ASK
1443923312,1546.64,0.5,ASK
1443923312,1546.69,0.0011,BID
1443923312,1547.41,0.01,BID
1443923312,1547.41,0.06,BID
1443923312,1547.43,0.005,BID
1443923312,1547.43,0.002,BID
1443923312,1547.43,0.002,BID
1443923312,1547.48,0.001,BID
1443923312,1547.5,0.06,BID
1443923312,1547.76,0.001,BID
1443923312,1547.82,0.484,BID
1443923312,1547.95,0.001,BID
1443923313,1546.64,0.0622,ASK
1443923324,1546.66,0.002,ASK
1443923324,1546.66,0.002,ASK
1443923324,1546.66,0.005,ASK
1443923324,1546.64,0.491,ASK
1443923329,1546.64,0.5,ASK
1443923336,1546.65,0.001,ASK
1443923341,1547.01,0.365,ASK
1443923347,1546.65,0.059,ASK
1443923347,1546.64,0.009,ASK
1443923347,1546.5,0.001,ASK
1443923349,1546.26,0.309,BID
1443923350,1546.26,0.4,BID
1443923351,1546.26,0.222,BID
1443923352,1546.27,0.06,ASK
1443923370,1546.61,0.5,ASK
1443923376,1546.61,0.09,ASK
1443923376,1546.29,0.06,ASK
1443923376,1546.28,0.35,ASK
1443923380,1546.28,0.15,ASK
1443923380,1546.27,0.35,ASK
1443923391,1546.28,0.0277,ASK
1443923391,1546.28,0.5,ASK
1443923396,1546.28,0.5,ASK
1443923401,1546.28,0.5,ASK
1443923406,1546.28,0.5,ASK
1443923416,1546.28,0.001,ASK
1443923418,1546.62,0.0023,BID
1443923418,1547.22,0.0977,BID
1443923419,1546.61,0.06,BID
1443923419,1547.18,0.327,BID
1443923429,1546.59,0.001,ASK
1443923429,1546.28,0.499,ASK
1443923437,1546.6,0.001,ASK
1443923438,1546.6,0.059,ASK
1443923438,1546.29,0.001,ASK
1443923439,1546.29,0.299,ASK
1443923439,1546.28,0.201,ASK
1443923444,1546.57,0.001,ASK
1443923444,1546.29,0.3,ASK
1443923444,1546.28,0.199,ASK
1443923449,1546.28,0.5,ASK
1443923454,1546.28,0.5,ASK
1443923458,1546.28,0.0039,ASK
1443923459,1546.59,0.0054,ASK
1443923459,1546.28,0.4946,ASK
1443923465,1546.28,0.5,ASK
1443923470,1546.28,0.5,ASK
1443923473,1546.28,1.6524,ASK
1443923475,1546.28,0.5,ASK
1443923478,1546.28,2.4214,ASK
1443923478,1546.27,0.0147,ASK
1443923478,1546.27,0.001,ASK
1443923478,1546.27,0.001,ASK
1443923480,1546.27,0.001,BID
1443923505,1546.29,0.0137,ASK
1443923513,1546.81,0.06,BID
1443923513,1546.82,0.001,BID
1443923515,1547.09,0.5387,ASK
1443923515,1547.09,0.5,ASK
1443923516,1547.09,0.453,ASK
1443923516,1547.09,2.0,ASK
1443923516,1547.09,0.365,ASK
1443923516,1547.09,0.5387,ASK
1443923517,1547.09,0.3552,ASK
1443923518,1547.09,0.632,ASK
1443923518,1547.09,2.0532,ASK
1443923519,1547.09,0.021,ASK
1443923519,1547.09,0.041,ASK
1443923520,1547.09,0.041,ASK
1443923520,1547.09,0.5,ASK
1443923521,1547.09,1.214,ASK
1443923522,1547.09,1.173,ASK
1443923525,1547.09,0.5,ASK
1443923526,1547.09,0.75,ASK
1443923526,1547.09,0.001,ASK
1443923530,1547.09,0.5,ASK
1443923536,1547.09,0.5,ASK
1443923537,1547.09,0.0147,ASK
1443923539,1547.09,0.75,ASK
1443923542,1547.09,0.5,ASK
1443923542,1547.09,0.11,ASK
1443923542,1547.09,1.0,ASK
1443923544,1547.09,0.259,ASK
1443923545,1547.09,1.0,ASK
1443923546,1547.09,0.453,ASK
1443923547,1547.09,0.0018,ASK
1443923547,1547.09,1.0,ASK
1443923548,1547.1,0.5,ASK
1443923552,1547.1,0.5,ASK
1443923554,1547.1,0.5,ASK
1443923558,1547.1,0.5,ASK
1443923562,1547.1,0.5,ASK
1443923563,1547.1,1.18,ASK
1443923567,1547.1,0.5,ASK
1443923567,1547.1,0.001,ASK
1443923570,1547.12,0.523,BID
1443923570,1547.13,0.0147,BID
1443923570,1547.14,0.1984,BID
1443923570,1547.18,0.315,BID
1443923570,1547.19,0.6,BID
1443923570,1547.22,0.001,BID
1443923570,1547.25,0.9279,BID
1443923570,1547.25,0.2111,BID
1443923570,1547.26,0.6549,BID
1443923570,1547.27,0.001,BID
1443923570,1547.27,0.001,BID
1443923570,1547.38,0.252,BID
1443923570,1547.5,0.001,BID
1443923570,1547.5,0.059,BID
1443923572,1547.5,0.001,BID
1443923572,1547.57,0.001,BID
1443923572,1547.59,0.001,BID
1443923572,1547.63,0.001,BID
1443923572,1547.65,0.007,BID
1443923572,1547.66,0.001,BID
1443923572,1547.91,0.002,BID
1443923572,1547.91,0.002,BID
1443923572,1547.91,0.005,BID
1443923572,1547.92,1.979,BID
1443923575,1547.15,0.5,ASK
1443923577,1547.23,9.0,ASK
1443923577,1547.23,10.467,ASK
1443923577,1547.24,0.926,BID
1443923580,1547.23,0.5,BID
1443923580,1547.24,0.111,BID
1443923580,1547.3,0.5,ASK
1443923582,1547.3,0.368,ASK
1443923583,1547.92,21.078,ASK
1443923585,1547.31,0.5,ASK
1443923586,1547.3,0.37,ASK
1443923587,1547.3,1.0,ASK
1443923588,1547.3,2.7175,ASK
1443923592,1547.31,0.001,ASK
1443923593,1547.31,0.11,ASK
1443923593,1547.3,0.89,ASK
1443923594,1547.31,0.06,ASK
1443923594,1547.3,0.94,ASK
1443923595,1547.91,2.0,ASK
1443923595,1547.91,5.0,ASK
1443923595,1547.91,9.29,ASK
1443923596,1547.3,1.0,ASK
1443923598,1547.92,0.1,ASK
1443923598,1547.3,1.0,ASK
1443923600,1547.3,0.22,ASK
1443923602,1547.3,1.0,ASK
1443923605,1547.3,1.0,ASK
1443923608,1547.3,1.0,ASK
1443923612,1547.3,1.0,ASK
1443923613,1547.33,0.1,ASK
1443923614,1547.3,1.0,ASK
1443923616,1547.3,0.09,ASK
1443923617,1547.3,0.001,ASK
1443923619,1547.3,1.0,ASK
1443923620,1547.3,1.0,ASK
1443923622,1547.9,0.3,BID
1443923622,1547.92,0.06,BID
1443923622,1547.93,0.001,BID
1443923622,1547.96,0.002,BID
1443923622,1548.0,0.3,BID
1443923622,1548.0,0.0597,BID
1443923622,1548.08,0.001,BID
1443923622,1548.2,0.001,BID
1443923622,1548.22,0.1,BID
1443923622,1548.3,1.0039,BID
1443923622,1548.3,0.001,ASK
1443923623,1548.3,0.5,ASK
1443923623,1548.3,0.4,ASK
1443923624,1548.3,0.07,ASK
1443923625,1548.3,2.0,ASK
1443923625,1548.3,0.217,ASK
1443923626,1548.3,1.0,ASK
1443923626,1548.3,0.158,ASK
1443923627,1548.3,0.2,ASK
1443923627,1548.3,1.0,ASK
1443923632,1548.32,0.523,ASK
1443923632,1548.31,0.06,ASK
1443923632,1548.3,0.167,ASK
1443923632,1548.3,0.06,ASK
1443923633,1548.3,1.0,ASK
1443923635,1548.3,1.0,ASK
1443923636,1548.3,0.3,ASK
1443923638,1548.3,0.001,ASK
1443923638,1548.3,0.1,ASK
1443923640,1548.3,1.0,ASK
1443923641,1548.3,1.0,ASK
1443923642,1548.31,14.0,ASK
1443923642,1548.31,1.099,ASK
1443923644,1548.3,1.0,ASK
1443923645,1548.3,0.01,ASK
1443923648,1548.3,7.2378,ASK
1443923648,1548.3,1.0,ASK
1443923651,1548.3,1.0,ASK
1443923656,1548.3,2.58,ASK
1443923657,1548.3,2.0,ASK
1443923660,1548.31,0.1,ASK
1443923660,1548.31,0.5,ASK
1443923663,1548.31,0.0017,ASK
1443923671,1548.31,0.5363,ASK
1443923671,1548.3,0.6437,ASK
1443923675,1548.3,1.0,ASK
1443923677,1548.3,1.0,ASK
1443923679,1548.3,1.0,ASK
1443923680,1548.3,1.0,ASK
1443923686,1548.3,1.0,ASK
1443923687,1548.3,0.0016,ASK
1443923687,1548.3,1.0,ASK
1443923689,1548.3,1.0,ASK
1443923692,1548.3,1.0,ASK
1443923694,1548.3,1.0,ASK
1443923696,1548.3,1.0,ASK
1443923699,1548.3,1.0,ASK
1443923702,1548.3,1.0,ASK
1443923704,1548.3,1.0,ASK
1443923704,1548.3,1.18,ASK
1443923706,1548.3,0.75,ASK
1443923709,1548.3,0.0064,ASK
1443923711,1548.3,1.0,ASK
1443923713,1548.3,1.0,ASK
1443923718,1548.3,1.0,ASK
1443923719,1548.3,1.0,ASK
1443923720,1548.3,0.1,ASK
1443923725,1548.3,1.0,ASK
1443923725,1548.3,0.3789,ASK
1443923726,1548.3,0.01,ASK
1443923727,1548.3,0.09,ASK
1443923727,1548.3,1.0,ASK
1443923728,1548.44,0.523,BID
1443923728,1548.45,0.06,BID
1443923728,1548.48,0.079,ASK
1443923729,1548.48,0.6,ASK
1443923729,1548.48,0.001,ASK
1443923730,1548.48,0.0647,ASK
1443923730,1548.48,0.0647,ASK
1443923732,1548.48,1.0,ASK
1443923732,1548.48,0.01,ASK
1443923732,1548.48,0.401,ASK
1443923733,1548.48,0.2966,ASK
1443923733,1548.48,0.1873,ASK
1443923733,1548.48,0.1,ASK
1443923734,1548.48,0.0591,ASK
1443923734,1548.48,0.0733,ASK
1443923735,1548.3,0.13,ASK
1443923735,1548.3,1.0,ASK
1443923739,1548.31,0.523,ASK
1443923739,1548.3,0.477,ASK
1443923740,1548.3,0.0591,ASK
1443923740,1548.3,1.0,ASK
1443923746,1548.31,0.06,ASK
1443923746,1548.3,0.94,ASK
1443923747,1548.3,1.0,ASK
1443923749,1548.3,0.4,ASK
1443923750,1548.3,2.0591,ASK
1443923750,1548.3,0.24,ASK
1443923752,1548.48,0.0021,BID
1443923752,1548.49,0.11,BID
1443923752,1548.49,0.0128,ASK
1443923752,1548.3,0.9872,ASK
1443923763,1548.3,0.189,ASK
1443923770,1548.3,0.161,ASK
1443923771,1548.3,0.0398,ASK
1443923774,1548.3,0.0011,ASK
1443923775,1548.5,0.06,BID
1443923775,1548.51,0.111,BID
1443923775,1548.52,2.47,BID
1443923775,1548.58,0.7,BID
1443923775,1548.63,0.005,BID
1443923775,1548.69,0.001,BID
1443923775,1548.75,0.001,BID
1443923775,1548.91,0.001,BID
1443923775,1548.91,0.001,BID
1443923775,1548.91,0.001,BID
1443923775,1548.91,0.001,BID
1443923775,1548.92,0.1,BID
1443923775,1548.94,0.002,BID
1443923775,1549.0,0.001,BID
1443923775,1549.05,0.001,BID
1443923775,1549.21,0.001,BID
1443923775,1549.22,0.001,BID
1443923775,1549.27,0.001,BID
1443923775,1549.38,0.001,BID
1443923775,1549.56,0.004,BID
1443923775,1549.65,0.001,BID
1443923775,1549.7,0.3,BID
1443923775,1549.7,2.496,BID
1443923776,1548.47,0.0021,ASK
1443923776,1548.3,0.9979,ASK
1443923778,1548.52,2.0,BID
1443923778,1548.52,1.0,BID
1443923778,1548.52,2.092,BID
1443923778,1548.51,0.1,ASK
1443923778,1548.3,0.9,ASK
1443923780,1549.67,9.0,BID
1443923780,1549.67,1.046,BID
1443923783,1548.55,0.002,ASK
1443923783,1548.53,0.005,ASK
1443923783,1548.53,0.002,ASK
1443923804,1548.49,0.001,BID
1443923810,1548.31,0.06,ASK
1443923810,1548.31,0.111,ASK
1443923813,1548.3,0.0581,ASK
1443923814,1548.3,0.0581,ASK
1443923815,1548.3,2.99,ASK
1443923820,1548.31,0.3,ASK
1443923820,1548.3,0.2,ASK
1443923825,1548.49,0.001,BID
1443923828,1548.31,0.0205,ASK
1443923846,1548.31,0.5565,ASK
1443923850,1548.31,0.001,ASK
1443923850,1548.31,0.3537,ASK
1443923850,1548.3,0.6463,ASK
1443923852,1548.3,0.37,ASK
1443923853,1548.3,1.0,ASK
1443923855,1548.3,1.0,ASK
1443923856,1548.3,1.0,ASK
1443923864,1548.46,0.001,ASK
1443923865,1548.46,0.001,BID
1443923869,1548.3,0.0942,ASK
1443923872,1548.0,0.001,ASK
1443923890,1548.09,0.001,ASK
1443923890,1547.91,0.001,ASK
1443923890,1547.91,0.001,ASK
1443923890,1547.91,0.001,ASK
1443923890,1547.91,0.1983,ASK
1443923890,1547.91,0.0007,ASK
1443923898,1547.91,0.0003,ASK
1443923898,1547.91,0.0008,BID
1443923916,1548.27,0.0008,ASK
1443923938,1548.11,0.001,ASK
1443923938,1547.52,0.5177,ASK
1443923958,1548.1,0.001,BID
1443923985,1548.02,0.01,ASK
1443923985,1548.01,0.001,ASK
1443923987,1548.03,0.001,ASK
1443923988,1548.09,0.0205,ASK
1443923995,1548.08,0.0395,BID
1443924013,1548.11,0.014,ASK
1443924015,1548.11,0.046,ASK
1443924015,1548.1,0.06,ASK
1443924018,1548.09,0.0395,ASK
1443924019,1548.08,0.4059,BID
1443924023,1548.36,0.06,BID
1443924023,1548.38,0.008,BID
1443924024,1548.38,0.0877,ASK
1443924024,1548.09,0.0877,ASK
1443924032,1548.09,0.3182,ASK
1443924032,1548.09,0.6818,ASK
1443924032,1548.09,0.0507,ASK
1443924033,1548.1,0.01,ASK
1443924034,1548.1,0.05,ASK
1443924034,1548.09,0.5594,ASK
1443924034,1548.07,0.0064,ASK
1443924034,1548.02,0.379,ASK
1443924034,1548.01,0.001,ASK
1443924034,1548.0,0.001,ASK
1443924034,1547.85,0.0032,ASK
1443924046,1548.08,0.001,BID
1443924078,1548.01,0.001,ASK
1443924078,1547.85,0.0068,ASK
1443924078,1547.84,0.001,BID
1443924078,1547.56,0.008,ASK
1443924078,1547.54,0.002,ASK
1443924083,1547.52,0.05,ASK
1443924098,1547.52,0.0546,ASK
1443924102,1547.52,0.0213,ASK
1443924103,1547.83,0.0011,BID
1443924106,1548.0,0.001,BID
1443924125,1547.52,0.001,ASK
1443924126,1547.99,0.0017,BID
1443924146,1547.52,1.0,ASK
1443924147,1547.52,0.001,ASK
1443924147,1547.99,0.001,BID
1443924148,1547.52,0.197,ASK
1443924148,1547.52,0.3345,ASK
1443924148,1547.48,0.6655,ASK
1443924168,1547.53,0.001,ASK
1443924168,1547.98,0.001,BID
1443924172,1547.53,0.009,ASK
1443924172,1547.52,0.001,ASK
1443924172,1547.48,0.99,ASK
1443924173,1547.48,1.0,ASK
1443924180,1547.48,1.0,ASK
1443924183,1547.48,1.0,ASK
1443924190,1547.48,0.001,ASK
1443924190,1547.9,0.014,BID
1443924190,1547.48,1.0,ASK
1443924192,1547.48,1.0,ASK
1443924197,1547.48,1.0,ASK
1443924215,1547.48,0.001,ASK
1443924215,1547.89,0.001,BID
1443924220,1547.48,0.174,ASK
1443924227,1547.89,0.001,BID
1443924240,1547.49,0.002,ASK
1443924241,1547.89,0.0011,BID
1443924243,1547.5,10.0,ASK
1443924243,1547.5,4.758,ASK
1443924247,1547.89,0.001,BID
1443924254,1547.49,0.012,ASK
1443924254,1547.48,0.988,ASK
1443924266,1547.48,1.0,ASK
1443924267,1547.51,0.0027,BID
1443924269,1547.49,4.292,BID
1443924272,1547.48,1.0,ASK
1443924272,1547.48,10.4005,ASK
1443924272,1547.48,0.5176,ASK
1443924272,1547.31,1.4315,ASK
1443924288,1547.48,0.001,BID
1443924308,1547.32,0.0079,ASK
1443924323,1547.66,0.001,ASK
1443924324,1547.65,0.009,BID
1443924324,1547.88,0.06,BID
1443924324,1547.88,0.031,BID
1443924334,1547.31,0.2057,ASK
1443924359,1547.37,0.009,ASK
1443924382,1547.67,0.06,ASK
1443924382,1547.66,0.0088,ASK
1443924382,1547.36,0.001,ASK
1443924382,1547.31,12.2572,ASK
1443924384,1547.32,37.0,ASK
1443924384,1547.32,54.56,ASK
1443924420,1547.31,0.001,ASK
1443924424,1547.31,0.06,ASK
1443924444,1547.31,0.001,ASK
1443924458,1547.87,0.07,BID
1443924458,1547.88,0.019,BID
1443924458,1547.89,0.008,BID
1443924458,1547.9,0.0175,BID
1443924458,1547.9,0.11,BID
1443924458,1547.99,0.024,BID
1443924458,1548.0,0.576,BID
1443924465,1547.31,0.001,ASK
1443924489,1547.33,0.011,ASK
1443924514,1547.34,0.0039,ASK
1443924538,1547.34,0.001,ASK
1443924559,1547.34,0.001,ASK
1443924584,1547.5,0.0018,ASK
1443924595,1547.5,0.0582,ASK
1443924595,1547.49,0.9418,ASK
1443924616,1547.49,3.636,ASK
1443924617,1547.49,0.4454,ASK
1443924629,1547.49,1.0,ASK
1443924629,1547.49,0.001,ASK
1443924630,1547.5,0.001,ASK
1443924630,1547.49,0.999,ASK
1443924632,1547.49,1.0,ASK
1443924634,1547.49,1.0,ASK
1443924639,1547.49,1.0,ASK
1443924655,1547.49,0.0015,ASK
1443924669,1547.49,0.224,ASK
1443924669,1547.49,0.4096,ASK
1443924669,1547.49,0.181,ASK
1443924672,1547.49,0.26,ASK
1443924676,1547.49,0.001,ASK
1443924678,1547.49,0.2,ASK
1443924688,1547.49,0.161,ASK
1443924690,1547.86,0.1,BID
1443924691,1547.49,0.235,ASK
1443924695,1547.49,0.193,ASK
1443924695,1547.49,0.01,ASK
1443924697,1547.49,1.0,ASK
1443924698,1547.49,0.194,ASK
1443924700,1547.49,0.01,ASK
1443924700,1547.49,0.001,ASK
1443924700,1547.49,0.7957,ASK
1443924700,1547.45,0.001,ASK
1443924700,1547.45,0.001,ASK
1443924700,1547.36,0.001,ASK
1443924700,1547.36,0.001,ASK
1443924700,1547.33,0.1486,ASK
1443924700,1547.31,0.0517,ASK
1443924702,1547.31,1.0,ASK
1443924705,1547.31,1.0,ASK
1443924708,1547.31,1.0,ASK
1443924713,1547.31,1.0,ASK
1443924715,1547.31,1.0,ASK
1443924720,1547.31,1.0,ASK
1443924721,1547.31,1.0,ASK
1443924723,1547.32,13.78,ASK
1443924723,1547.31,1.0,ASK
1443924725,1547.31,0.001,ASK
1443924736,1547.84,0.06,BID
1443924737,1547.85,0.379,ASK
1443924744,1547.85,1.357,ASK
1443924749,1547.85,0.0006,ASK
1443924749,1547.35,0.0005,ASK
1443924765,1547.36,0.06,ASK
1443924767,1547.35,0.0005,ASK
1443924767,1547.3,0.0095,ASK
1443924768,1547.3,0.107,ASK
1443924768,1547.3,0.01,ASK
1443924769,1547.3,12.4604,ASK
1443924770,1547.3,0.5,ASK
1443924770,1547.3,0.032,ASK
1443924770,1547.34,0.001,ASK
1443924770,1547.3,0.009,ASK
1443924772,1547.3,0.03,ASK
1443924773,1547.85,34.0,ASK
1443924773,1547.85,31.0,ASK
1443924773,1547.85,23.636,ASK
1443924773,1547.3,0.03,ASK
1443924774,1547.3,0.107,ASK
1443924774,1547.3,0.016,ASK
1443924775,1547.3,0.187,ASK
1443924776,1547.3,0.1,ASK
1443924776,1547.3,0.05,ASK
1443924777,1547.3,0.05,ASK
1443924783,1547.3,0.1,ASK
1443924784,1547.3,0.1,ASK
1443924785,1547.3,0.055,ASK
1443924786,1547.3,1.378,ASK
1443924786,1547.3,0.425,ASK
1443924791,1547.35,0.001,BID
1443924794,1547.3,1.0,ASK
1443924796,1547.3,1.0,ASK
1443924798,1547.3,1.0,ASK
1443924799,1547.3,0.0033,ASK
1443924808,1547.34,0.0027,ASK
1443924832,1547.33,0.001,BID
1443924851,1547.31,0.186,ASK
1443924853,1547.31,0.15,ASK
1443924854,1547.31,0.1,ASK
1443924854,1547.31,0.0011,ASK
1443924855,1547.31,0.01,ASK
1443924855,1547.31,0.2084,ASK
1443924855,1547.3,0.01,ASK
1443924856,1547.3,0.2184,ASK
1443924857,1547.3,0.309,ASK
1443924858,1547.3,1.074,ASK
1443924859,1547.3,0.575,ASK
1443924860,1547.3,0.559,ASK
1443924860,1547.3,0.323,ASK
1443924861,1547.3,0.1,ASK
1443924865,1547.3,1.0,ASK
1443924866,1547.68,0.06,BID
1443924866,1547.69,0.01,BID
1443924866,1547.71,0.06,BID
1443924866,1547.73,0.557,BID
1443924866,1547.73,0.313,BID
1443924867,1547.3,0.01,ASK
1443924867,1547.73,0.1,BID
1443924868,1547.3,0.797,ASK
1443924869,1547.3,0.131,ASK
1443924870,1547.3,0.418,ASK
1443924871,1547.3,0.164,ASK
1443924872,1547.3,1.0,ASK
1443924873,1547.31,0.06,ASK
1443924873,1547.3,0.94,ASK
1443924873,1547.3,0.1,ASK
1443924874,1547.3,0.49,ASK
1443924875,1547.3,1.0,ASK
1443924875,1547.3,2.7938,ASK
1443924876,1547.3,2.7938,ASK
1443924877,1547.3,0.2597,ASK
1443924878,1547.31,11.0,ASK
1443924878,1547.31,1.0,ASK
1443924878,1547.31,2.087,ASK
1443924878,1547.3,0.001,ASK
1443924878,1547.3,0.1,ASK
1443924878,1547.3,1.0,ASK
1443924879,1547.3,0.275,ASK
1443924880,1547.3,6.3616,ASK
1443924880,1547.3,1.0,ASK
1443924881,1547.3,0.2419,ASK
1443924882,1547.3,0.05,ASK
1443924883,1547.3,0.264,ASK
1443924883,1547.3,0.05,ASK
1443924884,1547.3,0.01,ASK
1443924885,1547.3,1.0,ASK
1443924899,1547.3,0.0019,ASK
1443924909,1547.3,1.0,ASK
1443924911,1547.3,1.0,ASK
1443924912,1547.3,1.0,ASK
1443924917,1547.3,1.0,ASK
1443924923,1547.3,0.001,ASK
1443924928,1547.3,0.1888,ASK
1443924935,1547.3,0.0085,ASK
1443924939,1547.3,0.8493,ASK
1443924945,1547.3,0.0031,ASK
1443924959,1547.3,0.1,ASK
1443924961,1547.3,0.843,ASK
1443924961,1547.3,0.139,ASK
1443924962,1547.3,0.361,ASK
1443924963,1547.7,0.06,BID
1443924963,1547.71,0.06,BID
1443924963,1547.72,1.68,BID
1443924965,1547.72,0.3,ASK
1443924965,1547.72,0.0095,ASK
1443924966,1547.72,0.061,ASK
1443924974,1547.72,6.6331,ASK
1443924979,1547.72,5.7985,ASK
1443924983,1547.3,1.0,ASK
1443924984,1547.3,1.0,ASK
1443924986,1547.31,0.06,ASK
1443924986,1547.3,0.94,ASK
1443924991,1547.3,1.0,ASK
1443925001,1547.3,1.0,ASK
1443925005,1547.3,1.0,ASK
1443925006,1547.33,0.304,ASK
1443925006,1547.3,0.335,ASK
1443925016,1547.3,0.0012,ASK
1443925030,1547.3,1.0,ASK
1443925032,1547.3,1.0,ASK
1443925037,1547.35,0.001,ASK
1443925037,1547.3,0.999,ASK
1443925037,1547.3,0.001,ASK
1443925050,1547.3,11.2756,ASK
1443925059,1547.7,0.06,BID
1443925059,1547.73,0.144,BID
1443925059,1547.86,0.001,BID
1443925059,1547.99,0.3,BID
1443925059,1548.0,0.424,BID
1443925059,1548.0,0.011,BID
1443925059,1548.01,0.001,BID
1443925059,1548.01,0.001,BID
1443925059,1548.02,0.001,BID
1443925059,1548.08,0.089,BID
1443925061,1548.0,0.304,ASK
1443925061,1548.0,0.0031,ASK
1443925063,1548.0,0.6329,ASK
1443925063,1547.3,0.3671,ASK
1443925064,1547.3,0.363,ASK
1443925064,1547.3,0.001,ASK
1443925064,1547.27,0.001,ASK
1443925064,1547.27,0.001,ASK
1443925064,1547.27,0.001,ASK
1443925064,1547.27,0.001,ASK
1443925064,1547.27,0.001,ASK
1443925064,1547.27,0.001,ASK
1443925064,1547.27,0.001,ASK
1443925064,1547.26,0.001,ASK
1443925064,1547.24,0.5,ASK
1443925064,1547.24,0.001,ASK
1443925064,1547.24,0.001,ASK
1443925064,1547.24,0.001,ASK
1443925064,1547.24,0.001,ASK
1443925064,1547.23,0.001,ASK
1443925064,1547.2,0.001,ASK
1443925064,1547.18,0.001,ASK
1443925064,1547.15,0.003,ASK
1443925064,1547.13,0.118,ASK
1443925066,1547.31,0.06,ASK
1443925066,1547.13,0.405,ASK
1443925066,1547.1,0.567,ASK
1443925066,1547.1,1.0,ASK
1443925067,1548.08,0.1163,BID
1443925079,1547.17,0.001,ASK
1443925083,1547.73,0.001,ASK
1443925094,1547.73,0.1137,ASK
1443925095,1547.72,0.1137,BID
1443925133,1547.17,0.001,ASK
1443925133,1547.11,0.037,ASK
1443925166,1547.11,0.0069,ASK
1443925167,1547.16,0.001,BID
1443925188,1547.16,0.0025,ASK
1443925208,1547.17,0.0123,ASK
1443925210,1547.17,0.2877,ASK
1443925210,1547.16,0.7123,ASK
1443925218,1547.17,0.3,ASK
1443925218,1547.16,0.7,ASK
1443925224,1547.16,1.0,ASK
1443925233,1547.16,0.0016,ASK
1443925234,1547.71,0.06,BID
1443925234,1547.72,0.04,BID
1443925239,1547.16,1.0,ASK
1443925247,1547.16,1.0,ASK
1443925253,1547.17,0.06,ASK
1443925253,1547.16,0.94,ASK
1443925255,1547.16,1.0,ASK
1443925260,1547.16,0.0436,ASK
1443925260,1547.16,0.0085,ASK
1443925260,1547.16,0.9479,ASK
1443925264,1547.16,1.0,ASK
1443925266,1547.16,1.0,ASK
1443925297,1547.16,1.0,ASK
1443925317,1547.18,1.0,ASK
1443925321,1547.18,1.0,ASK
1443925323,1547.18,1.0,ASK
1443925343,1547.18,1.0,ASK
1443925345,1547.18,1.0,ASK
1443925352,1547.18,1.0,ASK
1443925360,1547.18,1.0,ASK
1443925366,1547.18,1.0,ASK
1443925368,1547.19,24.31,ASK
1443925372,1547.18,1.0,ASK
1443925375,1547.7,0.001,BID
1443925380,1547.18,1.0,ASK
1443925383,1547.18,1.0,ASK
1443925391,1547.18,1.0,ASK
1443925406,1547.18,0.0418,ASK
1443925450,1547.18,1.0,ASK
1443925451,1547.18,1.0,ASK
1443925453,1547.18,1.0,ASK
1443925457,1547.2,0.001,ASK
1443925457,1547.18,0.999,ASK
1443925459,1547.19,4.0,ASK
1443925459,1547.19,12.899,ASK
1443925465,1547.18,1.0,ASK
1443925469,1547.18,0.574,ASK
1443925472,1547.18,1.0,ASK
1443925487,1547.18,3.8962,ASK
1443925488,1547.18,0.5,BID
1443925488,1547.18,2.1338,BID
1443925488,1547.69,0.06,BID
1443925488,1547.7,0.0085,BID
1443925488,1547.72,0.3777,BID
1443925504,1547.5,0.6205,BID
1443925504,1547.72,1.3023,BID
1443925504,1547.87,0.003,BID
1443925504,1547.91,0.001,BID
1443925504,1547.91,0.001,BID
1443925504,1547.91,0.001,BID
1443925504,1547.94,0.001,BID
1443925504,1547.94,0.001,BID
1443925504,1547.94,0.001,BID
1443925504,1547.94,0.001,BID
1443925504,1547.95,0.001,BID
1443925504,1547.95,0.001,BID
1443925504,1547.95,0.0652,BID
1443925504,1547.2,0.06,ASK
1443925504,1547.19,0.6463,ASK
1443925504,1547.16,0.2937,ASK
1443925508,1547.92,3.405,BID
1443925532,1547.18,0.002,ASK
1443925532,1547.16,0.2828,ASK
1443925532,1547.1,0.7152,ASK
1443925538,1547.18,0.121,BID
1443925538,1547.18,0.089,BID
1443925596,1547.67,0.06,BID
1443925596,1547.87,0.04,BID
1443925633,1547.68,0.06,BID
1443925633,1547.86,0.24,BID
1443925663,1547.84,0.001,BID
1443925677,1547.4,0.06,ASK
1443925677,1547.39,0.001,ASK
1443925677,1547.24,0.004,ASK
1443925677,1547.24,0.001,ASK
1443925677,1547.2,0.934,ASK
1443925679,1547.2,1.0,ASK
1443925680,1547.68,0.06,BID
1443925680,1547.84,0.276,BID
1443925680,1547.9,0.3,BID
1443925680,1547.91,0.001,BID
1443925680,1547.93,0.002,BID
1443925680,1547.95,0.001,BID
1443925680,1547.95,0.001,BID
1443925680,1547.95,0.001,BID
1443925680,1547.96,0.722,BID
1443925680,1547.96,0.15,BID
1443925680,1548.11,0.111,BID
1443925680,1548.12,0.636,BID
1443925680,1547.2,1.0,ASK
1443925682,1547.2,1.0,ASK
1443925685,1547.2,1.0,ASK
1443925688,1547.2,1.0,ASK
1443925693,1547.22,0.002,ASK
1443925693,1547.21,0.112,ASK
1443925693,1547.2,0.886,ASK
1443925699,1547.29,0.001,ASK
1443925699,1547.2,0.747,ASK
1443925705,1547.21,0.011,ASK
1443925725,1548.07,0.06,BID
1443925725,1548.09,0.002,BID
1443925725,1548.11,0.038,BID
1443925765,1547.32,0.06,ASK
1443925773,1547.31,0.002,ASK
1443925783,1547.31,0.1,BID
1443925784,1547.31,0.3124,BID
1443925784,1547.32,0.1,BID
1443925785,1547.32,0.3124,BID
1443925786,1547.32,0.6463,BID
1443925787,1547.32,0.6463,BID
1443925788,1547.32,1.389,BID
1443925788,1547.32,0.6463,BID
1443925789,1547.32,0.6463,BID
1443925791,1547.32,0.6463,BID
1443925792,1547.31,0.6463,BID
1443925794,1547.31,0.4917,BID
1443925794,1547.32,1.5083,BID
1443925795,1547.32,0.4917,BID
1443925796,1547.32,0.6463,BID
1443925797,1547.32,0.6463,BID
1443925798,1547.32,0.6463,BID
1443925799,1547.29,0.001,ASK
1443925799,1547.29,0.001,ASK
1443925799,1547.21,0.289,ASK
1443925799,1547.2,1.3408,ASK
1443925799,1547.32,0.6463,BID
1443925800,1547.32,0.6463,BID
1443925800,1547.2,0.121,ASK
1443925801,1547.32,0.6463,BID
1443925802,1547.32,0.6463,BID
1443925803,1547.32,0.6463,BID
1443925804,1547.32,0.6463,BID
1443925856,1547.2,0.0012,ASK
1443925880,1547.19,0.121,ASK
1443925880,1547.18,0.001,ASK
1443925880,1547.17,0.878,ASK
1443925980,1547.17,0.121,ASK
1443925993,1547.17,0.1942,ASK
1443925994,1547.17,0.1483,ASK
1443925994,1547.16,0.0086,ASK
1443925994,1547.16,0.001,ASK
1443925994,1547.16,0.001,ASK
1443925998,1547.11,1.138,ASK
1443925998,1547.1,12.0932,ASK
1443925999,1547.1,0.65,ASK
1443926037,1547.1,1.18,ASK
1443926038,1547.1,0.65,ASK
1443926039,1547.1,0.65,ASK
1443926048,1547.1,9.9891,ASK
1443926049,1547.1,0.65,ASK
1443926050,1547.1,0.65,ASK
1443926051,1547.1,0.65,ASK
1443926052,1547.1,0.65,ASK
1443926053,1547.1,0.65,ASK
1443926054,1547.1,0.65,ASK
1443926055,1547.1,0.65,ASK
1443926056,1547.1,0.65,ASK
1443926057,1547.1,0.65,ASK
1443926058,1547.1,0.65,ASK
1443926059,1547.1,0.65,ASK
1443926061,1547.1,0.65,ASK
1443926063,1547.1,0.65,ASK
1443926065,1547.1,0.65,ASK
1443926067,1547.1,0.65,ASK
1443926087,1547.1,1.0,ASK
1443926092,1547.1,1.5125,ASK
1443926095,1547.1,2.0,ASK
1443926096,1547.1,2.58,ASK
1443926098,1547.1,2.0,ASK
1443926125,1547.13,0.001,BID
1443926127,1547.1,0.78,ASK
1443926145,1547.13,0.111,BID
1443926145,1547.13,0.173,ASK
1443926145,1547.13,0.1278,ASK
1443926146,1547.14,0.111,BID
1443926147,1547.14,0.6464,BID
1443926147,1547.13,0.477,ASK
1443926148,1547.14,0.6316,BID
1443926148,1547.14,0.0148,BID
1443926149,1547.14,0.6464,BID
1443926150,1547.15,0.52,BID
1443926150,1547.15,0.06,BID
1443926150,1547.15,0.0664,ASK
1443926150,1547.13,0.0786,ASK
1443926151,1547.13,0.5194,ASK
1443926156,1547.12,0.0786,BID
1443926156,1547.12,0.598,BID
1443926156,1547.16,0.1836,BID
1443926156,1547.16,0.3198,BID
1443926159,1547.13,0.5,ASK
1443926160,1547.16,0.0227,BID
1443926160,1547.17,0.1022,BID
1443926160,1547.18,0.121,BID
1443926160,1547.2,1.7541,BID
1443926160,1547.2,0.2533,BID
1443926160,1547.31,0.6378,BID
1443926160,1547.62,0.001,BID
1443926160,1547.62,0.001,BID
1443926160,1547.62,0.001,BID
1443926160,1547.62,0.001,BID
1443926160,1547.65,0.001,BID
1443926160,1547.65,0.001,BID
1443926160,1547.65,0.001,BID
1443926160,1547.65,0.002,BID
1443926160,1547.65,0.001,BID
1443926160,1547.65,0.001,BID
1443926160,1547.69,0.001,BID
1443926160,1547.73,0.001,BID
1443926160,1547.75,0.001,BID
1443926160,1547.76,0.001,BID
1443926160,1547.99,0.165,BID
1443926160,1548.0,1.5089,BID
1443926162,1547.17,0.0227,ASK
1443926162,1547.13,0.1233,ASK
1443926164,1547.13,0.0231,ASK
1443926164,1547.1,0.6669,ASK
1443926165,1547.1,6.5278,ASK
1443926166,1547.1,0.023,ASK
1443926166,1547.13,1.18,BID
1443926173,1547.13,1.18,BID
1443926173,1547.11,0.06,ASK
1443926174,1547.13,0.1671,BID
1443926175,1547.14,0.4793,ASK
1443926177,1547.14,0.382,ASK
1443926178,1547.14,0.2644,ASK
1443926210,1547.11,0.112,ASK
1443926210,1547.1,0.152,ASK
1443926211,1547.1,0.112,ASK
1443926243,1547.1,0.034,ASK
1443926290,1547.1,1.18,ASK
1443926291,1547.1,0.65,ASK
1443926292,1547.1,0.65,ASK
1443926293,1547.1,0.65,ASK
1443926311,1547.1,2.055,ASK
1443926322,1547.13,0.1,BID
1443926323,1547.13,0.1149,BID
1443926323,1547.13,0.5315,BID
1443926324,1547.13,0.1149,BID
1443926335,1547.14,0.5315,ASK
1443926335,1547.13,0.001,ASK
1443926335,1547.1,0.6475,ASK
1443926361,1547.1,0.0287,ASK
1443926395,1547.1,14.0,ASK
1443926411,1547.1,0.5,ASK
1443926416,1547.1,0.5,ASK
1443926419,1547.1,0.092,ASK
1443926420,1547.1,0.183,ASK
1443926420,1547.1,0.1,ASK
1443926424,1547.1,1.0,ASK
1443926425,1547.1,0.064,ASK
1443926425,1547.1,0.1,ASK
1443926427,1547.1,0.014,ASK
1443926429,1547.1,0.086,ASK
1443926430,1547.1,0.3516,ASK
1443926433,1547.1,0.018,ASK
1443926434,1547.1,0.113,ASK
1443926437,1547.1,0.05,ASK
1443926438,1547.1,5.0,ASK
1443926440,1547.1,0.043,ASK
1443926444,1547.1,0.04,ASK
1443926459,1547.1,3.0,ASK
1443926477,1547.1,3.0,ASK
1443926479,1547.1,0.65,ASK
1443926480,1547.1,0.65,ASK
1443926504,1547.16,0.06,BID
1443926504,1547.17,0.04,BID
1443926505,1547.17,0.06,BID
1443926505,1547.1,0.014,ASK
1443926505,1547.1,0.7652,ASK
1443926505,1547.1,0.0761,ASK
1443926505,1547.09,1.6987,ASK
1443926508,1547.09,0.014,ASK
1443926509,1547.09,0.046,ASK
1443926510,1547.09,0.2651,ASK
1443926604,1547.05,0.001,ASK
1443926604,1547.05,0.001,ASK
1443926604,1547.05,0.001,ASK
1443926604,1547.05,0.001,ASK
1443926604,1547.05,0.001,ASK
1443926604,1547.05,0.001,ASK
1443926604,1547.05,0.001,ASK
1443926604,1547.05,0.001,ASK
1443926604,1547.05,0.001,ASK
1443926604,1547.05,0.001,ASK
1443926650,1547.05,0.001,ASK
1443926650,1547.04,0.001,ASK
1443926650,1547.03,0.06,ASK
1443926650,1547.02,0.001,ASK
1443926650,1547.01,0.001,ASK
1443926650,1547.01,0.001,ASK
1443926650,1547.0,0.3,ASK
1443926650,1547.0,0.1,ASK
1443926676,1546.95,0.001,ASK
1443926686,1546.95,0.001,ASK
1443926686,1546.95,0.001,ASK
1443926686,1546.95,0.001,ASK
1443926686,1546.95,0.001,ASK
1443926686,1546.94,0.001,ASK
1443926686,1546.94,0.001,ASK
1443926686,1546.94,0.001,ASK
1443926686,1546.94,0.001,ASK
1443926686,1546.91,0.001,ASK
1443926686,1546.91,0.001,ASK
1443926688,1546.92,3.0,ASK
1443926688,1546.92,1.32,ASK
1443926689,1546.99,14.56,ASK
1443926716,1546.91,0.001,ASK
1443926716,1546.91,0.001,ASK
1443926725,1546.9,0.001,ASK
1443926725,1546.9,0.001,ASK
1443926725,1546.9,0.004,ASK
1443926798,1546.89,0.001,ASK
1443926798,1546.89,0.001,ASK
1443926798,1546.76,0.001,ASK
1443926798,1546.75,0.001,ASK
1443926798,1546.74,0.001,ASK
1443926798,1546.74,0.001,ASK
1443926798,1546.73,0.001,ASK
1443926798,1546.69,0.001,ASK
1443926798,1546.66,0.001,ASK
1443926798,1546.65,0.001,ASK
1443926824,1546.65,0.001,ASK
1443926824,1546.65,0.001,ASK
1443926824,1546.65,0.001,ASK
1443926824,1546.65,0.001,ASK
1443926824,1546.63,0.001,ASK
1443926824,1546.62,0.001,ASK
1443926824,1546.62,0.001,ASK
1443926824,1546.62,0.001,ASK
1443926824,1546.62,0.001,ASK
1443926824,1546.59,0.002,ASK
1443926824,1546.51,0.003,ASK
1443926851,1546.51,0.003,ASK
1443926851,1546.5,0.007,ASK
1443926852,1546.5,0.022,ASK
1443926855,1546.5,0.1,ASK
1443926857,1546.5,0.001,ASK
1443926858,1546.89,0.0213,BID
1443926859,1546.5,0.019,ASK
1443926860,1546.5,0.1,ASK
1443926860,1546.5,4.342,ASK
1443926860,1546.5,1.672,ASK
1443926862,1546.5,0.021,ASK
1443926863,1546.5,0.725,ASK
1443926864,1546.5,0.024,ASK
1443926866,1546.5,0.489,ASK
1443926867,1546.9,0.06,BID
1443926867,1546.5,0.01,ASK
1443926871,1546.5,0.5,ASK
1443926875,1546.5,0.1,ASK
1443926877,1546.89,0.001,BID
1443926878,1546.51,0.001,ASK
1443926878,1546.89,0.001,BID
1443926879,1546.89,0.001,BID
1443926883,1546.89,0.001,BID
1443926899,1546.51,0.001,ASK
1443926899,1546.89,0.001,BID
1443926903,1546.89,0.035,BID
1443926903,1546.9,0.046,BID
1443926903,1546.9,0.6803,BID
1443926903,1546.9,0.3,BID
1443926903,1546.91,7.5022,BID
1443926903,1546.94,1.138,BID
1443926903,1546.95,2.6122,BID
1443926903,1546.95,0.4602,BID
1443926903,1547.0,0.225,BID
1443926903,1547.07,0.06,BID
1443926903,1547.08,0.06,BID
1443926903,1547.09,0.87,BID
1443926903,1547.2,0.001,BID
1443926903,1547.2,0.001,BID
1443926903,1547.21,0.001,BID
1443926903,1547.21,0.001,BID
1443926903,1547.21,0.001,BID
1443926903,1547.23,0.001,BID
1443926903,1547.74,0.001,BID
1443926903,1547.74,0.001,BID
1443926903,1547.89,0.001,BID
1443926903,1547.89,0.001,BID
1443926903,1547.9,0.001,BID
1443926903,1547.9,0.001,BID
1443926903,1547.98,1.19,BID
1443926918,1546.51,0.0061,ASK
1443926939,1546.9,0.06,ASK
1443926939,1546.89,0.001,ASK
1443926947,1546.89,0.0015,BID
1443926948,1546.74,0.001,ASK
1443926962,1546.51,0.019,ASK
1443926977,1546.74,0.001,ASK
1443926977,1546.51,0.0029,ASK
1443926997,1546.74,0.001,ASK
1443926997,1546.51,0.2781,ASK
1443926997,1546.5,1.2209,ASK
1443927001,1546.51,4.0,ASK
1443927001,1546.51,10.452,ASK
1443927001,1546.72,0.001,BID
1443927007,1546.5,0.16,ASK
1443927011,1546.5,0.0781,ASK
1443927013,1546.43,0.001,ASK
1443927013,1546.23,0.001,ASK
1443927013,1546.22,0.001,ASK
1443927013,1546.21,0.001,ASK
1443927013,1546.21,0.001,ASK
1443927013,1546.21,0.001,ASK
1443927013,1546.2,0.001,ASK
1443927013,1546.2,0.001,ASK
1443927013,1546.2,0.001,ASK
1443927013,1546.01,0.001,ASK
1443927025,1546.5,0.001,BID
1443927045,1546.02,0.001,ASK
1443927046,1546.78,0.001,BID
1443927049,1546.78,0.069,BID
1443927049,1546.79,0.001,BID
1443927049,1546.8,0.03,BID
1443927065,1546.03,0.0013,ASK
1443927079,1546.79,0.002,ASK
1443927079,1546.02,0.008,ASK
1443927094,1546.78,0.001,BID
1443927117,1546.04,0.0012,ASK
1443927119,1546.77,0.001,ASK
1443927120,1546.14,0.009,BID
1443927120,1546.78,0.3,BID
1443927120,1546.79,2.3009,BID
1443927120,1546.8,0.18,BID
1443927120,1546.89,0.0585,BID
1443927120,1546.99,5.8567,BID
1443927120,1547.0,0.0184,BID
1443927120,1547.0,4.1841,BID
1443927120,1547.01,0.001,BID
1443927120,1547.01,0.001,BID
1443927120,1547.01,0.001,BID
1443927120,1547.07,0.06,BID
1443927120,1547.16,0.1,BID
1443927120,1547.16,0.003,BID
1443927120,1547.2,0.001,BID
1443927120,1547.47,0.002,BID
1443927120,1547.74,0.001,BID
1443927120,1547.74,0.001,BID
1443927120,1547.74,0.001,BID
1443927120,1547.8,0.1,BID
1443927120,1548.0,4.271,BID
1443927121,1547.99,6.0,BID
1443927121,1547.99,7.483,BID
1443927122,1546.14,0.009,BID
1443927125,1546.14,0.001,BID
1443927138,1546.1,0.0032,ASK
1443927141,1546.14,0.0018,ASK
1443927141,1546.1,0.0568,ASK
1443927141,1546.09,0.774,ASK
1443927141,1546.04,0.0088,ASK
1443927142,1546.04,0.2382,BID
1443927143,1546.04,0.426,BID
1443927143,1546.04,0.3353,BID
1443927143,1548.0,0.01,BID
1443927145,1546.05,0.4353,ASK
1443927147,1546.51,0.001,ASK
1443927150,1546.07,0.059,BID
1443927159,1546.1,0.0017,ASK
1443927190,1546.56,0.001,ASK
1443927193,1546.58,2.0,ASK
1443927193,1546.58,6.0,ASK
1443927193,1546.58,8.965,ASK
1443927209,1546.58,0.001,ASK
1443927209,1546.56,0.0003,BID
1443927220,1546.65,0.5226,ASK
1443927222,1546.63,0.4,BID
1443927223,1546.63,0.0401,BID
1443927227,1547.29,0.001,BID
1443927227,1547.37,0.099,BID
1443927229,1546.66,0.001,ASK
1443927235,1546.66,0.059,ASK
1443927245,1546.65,0.083,ASK
1443927246,1546.65,0.1,ASK
1443927248,1546.65,0.029,ASK
1443927250,1546.65,0.088,ASK
1443927256,1546.64,0.271,ASK
1443927261,1546.64,0.1,ASK
1443927261,1546.64,0.0691,ASK
1443927261,1546.64,0.4401,ASK
1443927267,1546.6,0.001,BID
1443927276,1546.6,0.0039,BID
1443927281,1546.6,0.1609,BID
1443927281,1546.63,0.65,BID
1443927281,1546.63,0.06,BID
1443927281,1546.64,0.0102,BID
1443927283,1547.0,0.1,ASK
1443927285,1547.0,0.1,ASK
1443927286,1547.0,0.159,ASK
1443927287,1547.0,0.51,ASK
1443927288,1547.0,0.259,ASK
1443927289,1547.01,0.06,ASK
1443927289,1547.0,0.711,ASK
1443927290,1547.01,0.06,ASK
1443927290,1547.01,0.013,ASK
1443927291,1547.01,0.259,ASK
1443927292,1547.01,0.067,ASK
1443927292,1547.01,0.013,ASK
1443927293,1547.01,0.259,ASK
1443927294,1547.01,0.01,ASK
1443927294,1547.01,0.1,ASK
1443927296,1547.01,0.0015,ASK
1443927297,1547.34,0.4524,BID
1443927319,1547.01,0.1,ASK
1443927327,1547.01,0.001,ASK
1443927328,1547.31,0.001,BID
1443927343,1547.01,0.08,ASK
1443927346,1547.01,0.378,ASK
1443927346,1547.01,0.105,ASK
1443927348,1547.0,0.387,ASK
1443927348,1547.0,0.06,ASK
1443927349,1547.0,0.002,ASK
1443927349,1547.3,0.001,ASK
1443927349,1547.0,0.012,ASK
1443927349,1547.3,9.113,ASK
1443927351,1547.01,0.089,ASK
1443927373,1547.01,0.72,ASK
1443927373,1547.01,0.001,ASK
1443927373,1547.01,0.1271,ASK
1443927391,1547.3,0.001,ASK
1443927391,1547.01,0.2009,ASK
1443927391,1547.0,0.0581,ASK
1443927402,1547.29,0.0038,BID
1443927412,1547.34,0.0705,BID
1443927412,1547.35,0.0295,BID
1443927414,1547.35,0.0705,BID
1443927418,1547.3,0.0052,ASK
1443927418,1547.0,0.0048,ASK
1443927421,1547.01,0.01,ASK
1443927422,1547.01,0.513,ASK
1443927422,1547.0,1.125,ASK
