timestamp,price,amount,side
1443398309,1511.22,0.001,ASK
1443398315,1511.32,0.01,BID
1443398315,1511.68,0.01,BID
1443398315,1511.68,0.09,BID
1443398315,1511.68,0.01,BID
1443398317,1511.69,0.1,BID
1443398320,1511.7,0.0191,ASK
1443398321,1511.7,0.0809,ASK
1443398322,1511.62,5.6619,ASK
1443398330,1511.35,0.02,ASK
1443398349,1511.32,0.001,BID
1443398357,1511.61,0.188,BID
1443398357,1511.23,0.0027,ASK
1443398358,1511.61,0.1,BID
1443398371,1511.6,1.5,BID
1443398374,1511.6,2.58,BID
1443398375,1511.6,0.4986,BID
1443398375,1511.75,0.01,BID
1443398375,1511.76,0.01,BID
1443398375,1511.76,0.001,BID
1443398375,1511.82,0.01,BID
1443398375,1511.82,0.1,BID
1443398375,1511.84,0.01,BID
1443398375,1511.87,0.01,BID
1443398375,1511.87,0.1,BID
1443398375,1511.88,0.001,BID
1443398375,1511.89,0.01,BID
1443398375,1511.94,0.01,BID
1443398375,1511.95,0.01,BID
1443398375,1511.97,0.1,BID
1443398375,1511.97,0.01,BID
1443398375,1511.98,0.2894,BID
1443398378,1511.33,11.917,BID
1443398382,1511.34,0.001,ASK
1443398402,1511.34,0.0146,ASK
1443398422,1511.34,0.0091,ASK
1443398425,1511.85,0.02,BID
1443398425,1511.86,0.001,BID
1443398425,1511.91,0.428,BID
1443398441,1511.35,0.001,ASK
1443398462,1511.34,0.001,ASK
1443398478,1511.37,0.0041,ASK
1443398494,1511.38,0.0065,ASK
1443398502,1511.96,0.001,BID
1443398502,1511.97,0.009,BID
1443398515,1511.42,0.001,ASK
1443398532,1511.48,0.001,ASK
1443398540,1511.97,0.0147,BID
1443398540,1511.98,0.0853,BID
1443398549,1511.53,0.001,ASK
1443398554,1511.98,0.01,BID
1443398568,1511.58,0.001,ASK
1443398586,1511.98,0.7667,BID
1443398587,1511.99,0.01,BID
1443398587,1511.99,0.01,BID
1443398587,1511.99,0.01,BID
1443398587,1512.0,0.217,BID
1443398587,1512.0,6.7667,BID
1443398591,1511.65,0.0022,ASK
1443398607,1511.69,0.001,ASK
1443398623,1511.99,0.01,BID
1443398627,1511.73,0.001,ASK
1443398642,1511.99,0.0003,BID
1443398642,1511.99,0.001,BID
1443398642,1512.0,0.9987,BID
1443398643,1511.75,0.0079,ASK
1443398657,1511.99,0.001,BID
1443398657,1512.0,0.499,BID
1443398661,1512.0,0.5,BID
1443398663,1511.77,0.001,ASK
1443398664,1512.0,0.5,BID
1443398665,1512.0,0.6614,BID
1443398665,1512.0,0.01,BID
1443398666,1512.0,0.6614,BID
1443398668,1512.0,0.6614,BID
1443398668,1511.79,0.0348,ASK
1443398668,1511.78,0.5088,ASK
1443398668,1511.78,0.128,ASK
1443398668,1511.75,0.101,ASK
1443398668,1511.4,1.8074,ASK
1443398669,1512.0,0.6614,BID
1443398670,1512.0,0.6614,BID
1443398678,1511.97,0.2,BID
1443398678,1511.97,0.2,BID
1443398678,1511.97,0.1088,BID
1443398678,1511.99,0.0209,BID
1443398678,1512.0,0.0703,BID
1443398679,1512.0,0.0209,BID
1443398679,1511.97,0.001,ASK
1443398680,1511.99,2.0,ASK
1443398680,1511.99,1.268,ASK
1443398683,1511.99,0.009,BID
1443398686,1511.99,0.0074,BID
1443398689,1512.0,0.0026,BID
1443398696,1511.82,0.001,ASK
1443398709,1511.99,0.0164,BID
1443398709,1512.0,0.0061,BID
1443398712,1511.85,0.001,ASK
1443398724,1511.99,0.01,BID
1443398727,1511.99,0.0059,BID
1443398727,1512.0,0.0941,BID
1443398730,1511.86,0.0011,ASK
1443398746,1511.86,0.001,ASK
1443398758,1511.99,0.01,BID
1443398760,1511.86,0.0223,ASK
1443398760,1511.86,0.0278,ASK
1443398760,1511.86,0.0344,ASK
1443398760,1511.85,0.5705,ASK
1443398761,1511.85,0.0845,ASK
1443398762,1511.99,0.01,BID
1443398762,1511.86,0.002,ASK
1443398783,1511.86,0.011,ASK
1443398787,1511.99,0.0012,BID
1443398787,1511.99,0.01,BID
1443398787,1512.0,0.0378,BID
1443398796,1511.86,0.0029,ASK
1443398796,1511.86,0.0112,ASK
1443398796,1511.85,0.9527,ASK
1443398799,1511.85,0.001,ASK
1443398819,1511.85,0.001,ASK
1443398838,1511.85,0.004,ASK
1443398849,1511.85,0.043,ASK
1443398850,1511.85,0.65,ASK
1443398850,1511.85,0.809,ASK
1443398851,1511.85,0.65,ASK
1443398851,1511.85,0.28,ASK
1443398852,1511.85,0.65,ASK
1443398853,1511.85,0.65,ASK
1443398853,1511.99,3.0,ASK
1443398853,1511.99,8.0,ASK
1443398853,1511.99,11.169,ASK
1443398854,1511.85,0.65,ASK
1443398854,1511.85,0.131,ASK
1443398855,1511.85,0.65,ASK
1443398856,1511.85,9.5949,ASK
1443398856,1511.85,0.65,ASK
1443398857,1511.85,0.1758,ASK
1443398857,1511.32,0.058,ASK
1443398863,1511.84,0.01,BID
1443398868,1511.84,0.65,BID
1443398868,1511.84,0.65,BID
1443398868,1511.84,0.0022,BID
1443398868,1512.0,0.1868,BID
1443398868,1512.03,0.001,BID
1443398868,1512.04,0.01,BID
1443398868,1512.1,0.001,BID
1443398868,1512.1,0.077,BID
1443398868,1512.13,0.0766,BID
1443398868,1512.13,0.009,BID
1443398868,1512.21,0.01,BID
1443398868,1512.27,0.002,BID
1443398868,1512.27,0.002,BID
1443398868,1512.27,0.1,BID
1443398868,1512.29,1.0134,BID
1443398869,1512.27,0.0651,ASK
1443398869,1512.28,0.101,BID
1443398869,1512.28,0.025,BID
1443398869,1512.29,0.874,BID
1443398870,1512.27,0.2479,ASK
1443398870,1511.92,0.13,ASK
1443398870,1511.85,0.183,ASK
1443398871,1511.86,0.025,ASK
1443398871,1511.86,0.062,ASK
1443398873,1511.86,0.0031,ASK
1443398873,1511.85,0.0069,ASK
1443398875,1511.87,0.214,ASK
1443398875,1511.87,0.2948,ASK
1443398875,1511.85,0.4612,ASK
1443398879,1511.85,1.146,ASK
1443398879,1511.75,0.789,BID
1443398879,1511.84,0.461,BID
1443398879,1511.84,0.245,BID
1443398879,1511.86,0.19,BID
1443398879,1512.25,0.0189,BID
1443398879,1512.26,0.0651,BID
1443398879,1512.26,0.313,BID
1443398879,1512.28,0.0431,BID
1443398879,1512.28,0.1215,BID
1443398879,1512.29,7.7534,BID
1443398880,1511.86,0.01,BID
1443398882,1511.84,0.01,BID
1443398883,1511.7,0.0015,ASK
1443398886,1511.83,0.001,ASK
1443398886,1511.7,0.0005,ASK
1443398887,1511.4,0.002,ASK
1443398887,1511.33,0.0868,ASK
1443398887,1511.33,0.01,ASK
1443398887,1511.33,0.1192,ASK
1443398889,1511.34,0.0108,ASK
1443398889,1511.33,0.0023,ASK
1443398889,1511.32,0.4119,ASK
1443398892,1511.83,0.032,BID
1443398892,1511.83,0.069,BID
1443398900,1511.32,0.0049,ASK
1443398900,1511.83,0.002,BID
1443398905,1511.83,0.0158,BID
1443398905,1511.83,0.0131,BID
1443398905,1511.83,0.01,BID
1443398905,1511.84,0.0611,BID
1443398923,1511.33,0.0056,ASK
1443398924,1511.83,0.011,BID
1443398946,1511.33,0.001,ASK
1443398949,1511.82,0.001,ASK
1443398949,1511.33,0.009,ASK
1443398966,1511.33,0.0676,ASK
1443398966,1511.33,0.0124,ASK
1443398967,1511.33,0.0007,ASK
1443398967,1511.33,0.021,ASK
1443398967,1511.32,0.0583,ASK
1443398967,1511.32,0.0032,ASK
1443398967,1511.82,0.001,BID
1443398968,1511.32,0.0217,ASK
1443398971,1511.32,0.033,ASK
1443398972,1511.32,0.131,ASK
1443398972,1511.32,0.031,ASK
1443398974,1511.32,0.026,ASK
1443398975,1511.32,0.284,ASK
1443398975,1511.32,0.328,ASK
1443398975,1511.32,0.284,ASK
1443398975,1511.32,0.01,ASK
1443398975,1511.32,0.01,ASK
1443398975,1511.32,0.3818,ASK
1443398976,1511.32,1.1052,ASK
1443398976,1511.02,0.0869,ASK
1443398978,1511.0,0.071,ASK
1443398979,1511.0,0.229,ASK
1443398985,1510.86,0.01,ASK
1443398986,1510.8,0.01,ASK
1443398988,1510.79,0.004,ASK
1443398988,1510.71,0.006,ASK
1443398989,1510.71,0.004,ASK
1443398989,1510.56,0.006,ASK
1443398989,1510.56,0.004,ASK
1443398989,1510.55,0.001,ASK
1443398989,1510.51,0.001,ASK
1443398989,1510.5,0.004,BID
1443398991,1510.5,0.153,BID
1443398992,1510.48,0.001,ASK
1443398992,1510.41,0.662,BID
1443398993,1510.41,0.508,BID
1443399007,1510.36,0.01,ASK
1443399008,1510.34,0.01,ASK
1443399008,1510.32,0.001,ASK
1443399008,1510.2,0.001,ASK
1443399010,1510.0,0.01,ASK
1443399010,1510.06,0.107,BID
1443399016,1510.41,0.0011,ASK
1443399016,1510.07,0.2489,ASK
1443399017,1510.07,0.0011,ASK
1443399017,1510.06,0.2322,ASK
1443399017,1510.0,0.0167,ASK
1443399018,1510.0,0.01,ASK
1443399023,1510.02,0.002,ASK
1443399023,1510.02,0.002,ASK
1443399023,1510.0,0.006,ASK
1443399036,1510.69,0.0022,BID
1443399044,1510.69,0.0847,BID
1443399054,1510.76,0.002,BID
1443399054,1510.76,0.002,BID
1443399056,1510.76,0.01,ASK
1443399056,1510.76,1.447,ASK
1443399056,1510.76,0.4,ASK
1443399056,1510.76,0.4166,ASK
1443399059,1510.69,0.001,ASK
1443399059,1510.0,0.009,ASK
1443399060,1510.01,1.0,ASK
1443399060,1510.01,2.0,ASK
1443399060,1510.01,2.237,ASK
1443399063,1510.61,0.001,BID
1443399063,1510.74,0.009,BID
1443399078,1510.74,0.001,BID
1443399090,1510.74,0.0233,BID
1443399090,1510.75,0.0767,BID
1443399094,1510.51,0.001,BID
1443399112,1510.74,0.001,BID
1443399114,1510.02,1.0,BID
1443399114,1510.02,2.583,BID
1443399124,1510.01,0.0124,ASK
1443399125,1510.0,0.0124,ASK
1443399127,1510.0,0.2359,ASK
1443399128,1509.92,0.0781,ASK
1443399128,1509.86,0.01,ASK
1443399128,1509.8,0.01,ASK
1443399128,1509.72,0.0869,ASK
1443399128,1509.72,0.0509,ASK
1443399128,1510.68,0.001,BID
1443399128,1510.69,0.0069,BID
1443399130,1509.94,0.002,ASK
1443399130,1509.72,0.085,ASK
1443399131,1509.72,0.01,ASK
1443399132,1509.71,0.01,ASK
1443399133,1509.71,0.001,BID
1443399134,1509.58,0.008,ASK
1443399134,1509.56,0.002,ASK
1443399134,1509.64,0.01,BID
1443399137,1509.71,0.18,BID
1443399137,1509.71,0.105,BID
1443399141,1509.72,0.075,ASK
1443399141,1509.72,0.0119,ASK
1443399143,1509.74,0.002,ASK
1443399143,1509.72,0.046,ASK
1443399143,1509.72,0.1221,ASK
1443399143,1509.72,0.0579,ASK
1443399145,1509.72,0.18,ASK
1443399158,1509.72,0.01,ASK
1443399159,1510.46,0.5088,BID
1443399159,1510.47,0.002,BID
1443399159,1510.49,0.052,BID
1443399159,1510.49,0.0384,BID
1443399159,1510.5,0.7208,BID
1443399162,1509.72,0.0371,ASK
1443399163,1509.56,0.008,ASK
1443399163,1509.36,0.01,ASK
1443399163,1509.34,0.01,ASK
1443399163,1509.01,0.0091,ASK
1443399163,1509.01,0.0064,ASK
1443399163,1509.01,0.0306,ASK
1443399165,1509.02,0.01,ASK
1443399165,1509.72,0.01,BID
1443399172,1510.38,0.001,BID
1443399176,1509.51,0.01,BID
1443399204,1510.23,0.009,BID
1443399204,1510.24,0.001,BID
1443399204,1510.36,0.002,BID
1443399211,1510.24,0.001,ASK
1443399211,1509.75,0.009,ASK
1443399212,1509.75,0.01,ASK
1443399212,1509.76,0.0937,ASK
1443399212,1509.75,0.9053,ASK
1443399216,1510.24,0.001,ASK
1443399216,1509.77,0.009,ASK
1443399234,1510.38,0.003,BID
1443399234,1510.41,0.001,BID
1443399234,1510.56,0.001,BID
1443399234,1510.66,0.002,BID
1443399234,1510.68,0.002,BID
1443399234,1510.72,0.0472,BID
1443399234,1510.72,0.1309,BID
1443399234,1510.72,0.0185,BID
1443399234,1510.73,0.101,BID
1443399234,1510.73,5.7134,BID
1443399235,1510.38,0.0022,ASK
1443399235,1509.77,0.01,ASK
1443399255,1510.71,0.001,BID
1443399273,1510.71,0.001,ASK
1443399275,1509.87,0.009,BID
1443399275,1509.87,0.01,BID
1443399275,1510.73,0.002,BID
1443399275,1510.74,0.01,BID
1443399275,1510.75,0.069,BID
1443399276,1509.87,0.0068,ASK
1443399276,1509.87,0.0022,ASK
1443399276,1509.87,0.01,ASK
1443399276,1509.8,0.0182,ASK
1443399276,1509.8,0.046,ASK
1443399277,1509.79,0.002,ASK
1443399278,1509.79,0.0622,BID
1443399278,1509.8,0.1868,BID
1443399278,1509.8,0.0623,BID
1443399281,1509.83,6.0,BID
1443399281,1509.83,3.924,BID
1443399292,1510.72,0.001,BID
1443399303,1509.86,0.5,ASK
1443399308,1510.72,0.001,BID
1443399327,1510.74,0.0035,BID
1443399328,1510.74,0.0065,BID
1443399347,1510.74,0.001,BID
1443399366,1510.74,0.0041,BID
1443399387,1510.74,0.0031,BID
1443399387,1510.74,0.0115,BID
1443399393,1510.08,0.0254,ASK
1443399393,1509.93,0.0869,ASK
1443399393,1509.85,0.04,ASK
1443399393,1509.85,0.0967,ASK
1443399393,1509.84,0.102,ASK
1443399393,1509.84,0.158,ASK
1443399394,1510.72,14.0,ASK
1443399394,1510.72,1.932,ASK
1443399407,1510.73,0.0091,BID
1443399422,1510.73,0.001,BID
1443399434,1509.92,0.01,ASK
1443399434,1509.91,0.499,ASK
1443399435,1509.83,0.002,ASK
1443399435,1509.35,0.003,ASK
1443399437,1509.16,0.005,BID
1443399439,1510.59,0.001,BID
1443399453,1510.54,0.1,BID
1443399461,1510.5,0.0049,BID
1443399482,1510.46,0.001,BID
1443399503,1510.44,0.0015,BID
1443399521,1509.5,0.7305,ASK
1443399521,1509.49,1.1455,ASK
1443399522,1510.37,0.0032,BID
1443399543,1510.29,0.0056,BID
1443399559,1510.24,0.001,BID
1443399574,1509.5,0.01,ASK
1443399574,1510.21,0.0191,BID
1443399591,1510.19,0.0027,BID
1443399612,1510.16,0.001,BID
1443399636,1510.12,0.0668,BID
1443399636,1510.46,0.0246,BID
1443399636,1510.48,0.0086,BID
1443399638,1509.5,0.01,ASK
1443399663,1510.42,0.45,BID
1443399742,1510.47,0.0428,BID
1443399742,1510.48,0.0738,BID
1443399742,1510.48,0.102,BID
1443399742,1510.49,0.0014,BID
1443399751,1510.0,0.5253,ASK
1443399753,1510.0,0.175,ASK
1443399755,1510.01,0.0167,ASK
1443399755,1510.0,0.0233,ASK
1443399757,1510.01,0.0233,ASK
1443399757,1510.0,0.0167,ASK
1443399758,1510.02,0.0233,ASK
1443399760,1510.02,0.011,ASK
1443399761,1510.02,0.029,ASK
1443399763,1510.02,0.0281,ASK
1443399765,1510.02,0.028,ASK
1443399766,1510.02,0.0018,ASK
1443399766,1510.0,0.028,ASK
1443399767,1510.0,0.01,ASK
1443399769,1510.0,0.01,ASK
1443399770,1510.0,0.23,ASK
1443399771,1510.0,0.01,ASK
1443399771,1510.0,0.04,ASK
1443399773,1510.0,0.8,ASK
1443399777,1510.0,0.435,ASK
1443399778,1510.0,0.08,ASK
1443399779,1510.0,0.4,ASK
1443399781,1510.0,0.08,ASK
1443399783,1510.0,0.4,ASK
1443399784,1510.0,0.835,ASK
1443399785,1510.0,1.582,ASK
1443399785,1510.0,0.01,ASK
1443399799,1510.0,0.1,ASK
1443399807,1510.0,0.2097,ASK
1443399809,1509.51,0.102,ASK
1443399809,1509.5,0.0586,ASK
1443399809,1509.5,0.0491,ASK
1443399814,1509.5,0.01,ASK
1443399816,1509.5,0.01,ASK
1443399817,1510.49,0.0343,BID
1443399817,1510.5,0.002,BID
1443399817,1510.56,0.002,BID
1443399817,1510.79,0.01,BID
1443399817,1510.8,0.002,BID
1443399817,1510.9,0.001,BID
1443399820,1510.9,0.0487,ASK
1443399822,1509.51,0.0487,ASK
1443399840,1509.53,0.034,ASK
1443399840,1509.53,0.4753,ASK
1443399840,1509.51,0.033,ASK
1443399840,1509.5,0.4917,ASK
1443399840,1509.5,1.0,ASK
1443399840,1509.5,0.5,ASK
1443399840,1509.5,1.0,ASK
1443399840,1509.5,0.5892,ASK
1443399840,1509.49,0.4108,ASK
1443399840,1509.49,0.5,ASK
1443399841,1509.9,0.0032,ASK
1443399841,1509.49,0.0068,ASK
1443399841,1509.49,0.0526,ASK
1443399842,1509.48,0.002,ASK
1443399842,1509.26,0.014,ASK
1443399843,1509.26,0.01,ASK
1443399844,1509.26,0.01,ASK
1443399846,1509.26,0.01,ASK
1443399849,1509.9,0.0032,BID
1443399849,1510.0,3.5063,BID
1443399852,1509.88,26.452,BID
1443399857,1509.88,0.0039,BID
1443399871,1509.27,0.0145,ASK
1443399872,1509.26,0.0145,ASK
1443399876,1509.27,0.0138,ASK
1443399877,1509.83,0.0024,BID
1443399878,1509.26,0.01,ASK
1443399880,1509.27,0.0138,ASK
1443399881,1509.26,0.0138,ASK
1443399882,1509.26,0.034,ASK
1443399884,1509.26,0.109,ASK
1443399884,1509.26,0.1,ASK
1443399885,1509.26,0.0092,ASK
1443399885,1509.11,0.0008,ASK
1443399887,1509.11,0.01,ASK
1443399887,1509.11,0.0002,ASK
1443399888,1509.04,0.002,ASK
1443399888,1509.0,0.0082,ASK
1443399889,1509.0,0.01,ASK
1443399890,1509.01,1.0,ASK
1443399890,1509.01,4.37,ASK
1443399890,1509.26,0.0107,BID
1443399890,1509.27,0.2133,BID
1443399891,1509.0,0.08,ASK
1443399894,1509.27,0.0011,BID
1443399894,1509.8,0.0009,BID
1443399894,1509.0,0.01,ASK
1443399895,1509.0,0.1918,ASK
1443399895,1509.0,0.01,ASK
1443399895,1508.92,0.0012,ASK
1443399895,1508.86,0.0088,ASK
1443399897,1508.86,0.0012,ASK
1443399897,1508.86,0.001,ASK
1443399897,1508.82,0.001,ASK
1443399897,1508.81,0.002,ASK
1443399897,1508.8,0.0048,ASK
1443399898,1509.78,12.0,ASK
1443399898,1509.78,6.682,ASK
1443399898,1509.78,4.57,ASK
1443399898,1508.88,0.002,ASK
1443399898,1508.8,0.0052,ASK
1443399898,1508.76,0.001,ASK
1443399898,1508.76,0.001,ASK
1443399898,1508.73,0.0008,ASK
1443399899,1508.9,0.002,ASK
1443399899,1508.76,0.008,ASK
1443399902,1508.76,0.461,ASK
1443399904,1508.76,0.031,ASK
1443399908,1508.73,0.0092,ASK
1443399908,1508.71,0.0008,ASK
1443399910,1508.71,0.0092,ASK
1443399910,1508.56,0.0008,ASK
1443399912,1508.56,0.0092,ASK
1443399912,1508.48,0.0008,ASK
1443399914,1509.73,0.1255,BID
1443399931,1509.69,0.001,BID
1443399942,1509.65,0.01,BID
1443399947,1509.49,0.001,BID
1443399964,1509.47,0.002,BID
1443399980,1509.47,0.001,BID
1443399983,1509.46,14.306,BID
1443399997,1509.47,0.001,BID
1443399998,1509.47,0.0474,BID
1443399998,1509.47,0.0526,BID
1443400015,1509.47,0.009,BID
1443400031,1508.47,0.001,ASK
1443400031,1508.38,0.009,ASK
1443400032,1509.46,0.01,BID
1443400032,1509.47,0.0007,BID
1443400032,1508.38,0.01,ASK
1443400038,1508.38,0.1092,ASK
1443400038,1508.38,0.0308,ASK
1443400042,1508.37,0.001,ASK
1443400042,1508.37,0.009,ASK
1443400044,1508.37,0.151,ASK
1443400046,1508.37,0.026,ASK
1443400047,1508.37,0.114,ASK
1443400049,1508.37,0.018,ASK
1443400050,1508.37,0.06,ASK
1443400052,1509.46,0.001,BID
1443400054,1508.37,0.063,ASK
1443400055,1508.37,0.017,ASK
1443400056,1508.37,0.058,ASK
1443400058,1508.37,0.01,ASK
1443400059,1508.37,0.042,ASK
1443400061,1508.37,0.017,ASK
1443400062,1508.37,0.517,ASK
1443400064,1508.37,0.65,ASK
1443400065,1508.37,0.839,ASK
1443400067,1508.37,0.073,ASK
1443400069,1508.37,0.118,ASK
1443400072,1509.45,0.006,BID
1443400093,1509.4,0.001,BID
1443400128,1509.19,0.001,BID
1443400130,1509.19,0.0048,ASK
1443400132,1508.62,0.0052,BID
1443400132,1508.62,0.0048,BID
1443400133,1508.62,0.0052,BID
1443400135,1508.63,3.0,BID
1443400135,1508.63,11.0,BID
1443400136,1508.63,2.442,BID
1443400137,1508.92,0.01,ASK
1443400138,1509.33,0.01,BID
1443400141,1508.63,0.01,ASK
1443400143,1509.17,0.001,BID
1443400144,1509.33,0.01,BID
1443400146,1508.61,0.001,ASK
1443400149,1508.58,0.07,BID
1443400150,1509.16,0.01,BID
1443400153,1509.29,0.0456,BID
1443400153,1509.3,0.9122,BID
1443400154,1508.66,0.0456,BID
1443400155,1508.66,0.0024,BID
1443400157,1509.3,0.012,ASK
1443400159,1509.3,0.0037,ASK
1443400160,1509.3,0.012,ASK
1443400162,1508.76,0.1,BID
1443400167,1509.16,0.001,BID
1443400169,1509.29,0.0124,ASK
1443400171,1509.39,0.0445,BID
1443400171,1509.4,0.0555,BID
1443400189,1509.4,0.1,ASK
1443400190,1508.78,0.01,ASK
1443400190,1508.77,0.022,ASK
1443400201,1509.39,0.01,BID
1443400234,1508.82,0.087,ASK
1443400236,1508.81,0.0318,ASK
1443400236,1508.81,0.0168,ASK
1443400236,1508.81,0.0384,ASK
1443400237,1508.81,0.0077,ASK
1443400237,1508.8,0.087,ASK
1443400239,1508.8,0.118,ASK
1443400241,1508.8,0.1,ASK
1443400242,1508.81,0.043,ASK
1443400243,1508.81,0.067,ASK
1443400243,1508.81,0.01,ASK
1443400245,1508.81,0.198,ASK
1443400246,1508.81,0.057,ASK
1443400247,1508.81,0.2,ASK
1443400248,1508.81,0.01,ASK
1443400249,1508.81,0.013,ASK
1443400250,1508.81,0.01,ASK
1443400250,1508.81,0.069,ASK
1443400251,1508.81,0.013,ASK
1443400251,1508.81,0.214,ASK
1443400252,1508.81,0.01,ASK
1443400253,1508.81,0.023,ASK
1443400253,1508.81,0.01,ASK
1443400255,1508.81,0.01,ASK
1443400257,1508.81,0.023,ASK
1443400258,1508.8,0.023,ASK
1443400259,1508.8,0.01,ASK
1443400260,1508.8,0.087,ASK
1443400261,1508.8,0.235,ASK
1443400264,1508.8,0.02,ASK
1443400264,1508.8,0.01,ASK
1443400265,1508.8,0.02,ASK
1443400266,1508.8,0.023,ASK
1443400267,1508.8,0.01,ASK
1443400268,1508.8,0.06,ASK
1443400269,1508.8,0.131,ASK
1443400270,1508.8,0.01,ASK
1443400270,1508.8,0.04,ASK
1443400271,1508.8,0.027,ASK
1443400272,1508.8,0.024,ASK
1443400274,1508.8,0.175,ASK
1443400278,1508.8,0.08,ASK
1443400278,1508.8,0.031,ASK
1443400279,1508.8,0.258,ASK
1443400279,1508.8,0.1,ASK
1443400280,1508.8,0.494,ASK
1443400281,1508.8,0.394,ASK
1443400282,1508.8,0.01,ASK
1443400282,1508.8,0.051,ASK
1443400283,1508.8,0.316,ASK
1443400284,1508.8,0.01,ASK
1443400286,1508.8,0.024,ASK
1443400287,1508.8,0.393,ASK
1443400288,1508.8,0.01,ASK
1443400289,1508.8,0.3,ASK
1443400289,1508.8,0.01,ASK
1443400290,1509.38,0.01,BID
1443400290,1509.38,0.32,ASK
1443400292,1509.38,0.062,ASK
1443400293,1509.38,0.062,ASK
1443400294,1509.38,0.2,ASK
1443400294,1509.38,2.091,ASK
1443400294,1509.38,1.512,ASK
1443400294,1509.38,2.958,ASK
1443400294,1509.38,0.075,ASK
1443400294,1509.38,0.01,ASK
1443400295,1509.38,0.65,ASK
1443400295,1509.38,0.01,ASK
1443400295,1509.38,1.0,ASK
1443400296,1509.38,0.2071,ASK
1443400296,1509.38,0.65,ASK
1443400297,1509.38,0.65,ASK
1443400297,1509.38,0.0329,ASK
1443400297,1509.0,0.2851,ASK
1443400298,1509.0,0.08,ASK
1443400299,1509.0,0.032,ASK
1443400301,1509.0,0.01,ASK
1443400302,1509.0,1.18,ASK
1443400302,1509.0,1.05,ASK
1443400304,1509.0,0.223,ASK
1443400305,1509.0,0.4,ASK
1443400306,1509.0,0.11,ASK
1443400307,1509.0,0.01,ASK
1443400308,1509.0,0.023,ASK
1443400308,1509.0,1.0,ASK
1443400308,1509.0,0.01,ASK
1443400308,1509.01,15.0,ASK
1443400308,1509.01,10.361,ASK
1443400309,1509.0,0.011,ASK
1443400310,1509.0,0.1,ASK
1443400310,1509.0,0.01,ASK
1443400311,1509.0,0.01,ASK
1443400311,1509.0,0.406,ASK
1443400313,1509.0,0.1,ASK
1443400314,1509.01,3.99,ASK
1443400314,1509.0,0.11,ASK
1443400315,1509.0,1.0,ASK
1443400318,1509.0,0.071,ASK
1443400319,1509.0,0.01,ASK
1443400320,1509.0,0.13,ASK
1443400320,1509.0,0.01,ASK
1443400321,1509.0,0.509,ASK
1443400321,1509.0,1.0,ASK
1443400322,1509.03,0.01,ASK
1443400324,1509.03,0.01,ASK
1443400325,1509.03,0.48,ASK
1443400325,1509.0,0.52,ASK
1443400326,1509.0,0.02,ASK
1443400328,1509.0,0.014,ASK
1443400329,1509.03,0.01,ASK
1443400330,1509.0,0.016,ASK
1443400332,1509.03,0.01,BID
1443400332,1509.36,0.0325,BID
1443400332,1509.36,0.087,BID
1443400332,1509.37,0.65,BID
1443400332,1509.39,0.09,BID
1443400332,1509.39,0.034,ASK
1443400333,1509.39,0.015,ASK
1443400334,1509.39,1.0,ASK
1443400334,1509.39,0.016,ASK
1443400335,1509.39,1.0,ASK
1443400335,1509.39,0.01,ASK
1443400335,1509.39,0.65,ASK
1443400336,1509.39,0.0311,ASK
1443400336,1509.39,0.1,ASK
1443400336,1509.39,0.65,ASK
1443400337,1509.39,0.622,ASK
1443400338,1509.39,0.0024,ASK
1443400339,1509.01,0.0325,ASK
1443400341,1509.0,0.068,ASK
1443400341,1509.01,0.01,BID
1443400341,1509.07,0.99,BID
1443400342,1509.02,0.087,ASK
1443400342,1509.0,0.563,ASK
1443400343,1509.0,0.65,ASK
1443400344,1509.0,0.087,ASK
1443400345,1509.0,0.65,ASK
1443400346,1509.0,0.1,ASK
1443400346,1509.0,0.65,ASK
1443400347,1509.01,0.01,ASK
1443400347,1509.01,0.01,ASK
1443400347,1509.01,0.1,ASK
1443400347,1509.01,0.65,ASK
1443400347,1509.07,0.01,BID
1443400349,1509.07,0.09,ASK
1443400349,1509.01,0.01,ASK
1443400350,1509.01,0.09,ASK
1443400351,1509.01,0.01,ASK
1443400353,1509.01,0.09,ASK
1443400354,1509.01,0.01,ASK
1443400357,1509.01,0.014,ASK
1443400361,1509.01,0.036,ASK
1443400363,1509.01,0.029,ASK
1443400364,1509.01,0.32,ASK
1443400365,1509.01,0.4,ASK
1443400366,1509.37,0.0324,BID
1443400366,1509.37,0.0676,BID
1443400366,1509.01,0.01,ASK
1443400367,1509.37,0.0194,BID
1443400369,1509.02,0.0105,ASK
1443400369,1509.01,0.0895,ASK
1443400370,1509.01,0.1,ASK
1443400371,1509.01,0.0215,ASK
1443400371,1509.01,0.022,ASK
1443400371,1509.0,0.1,ASK
1443400372,1509.0,0.01,ASK
1443400373,1509.0,0.132,ASK
1443400374,1509.01,0.1,ASK
1443400374,1509.0,0.123,ASK
1443400374,1509.0,0.65,ASK
1443400375,1509.0,0.01,ASK
1443400376,1509.0,0.156,ASK
1443400376,1509.0,0.65,ASK
1443400377,1509.0,0.08,ASK
1443400378,1509.0,0.1,ASK
1443400379,1509.0,0.04,ASK
1443400379,1509.01,0.01,ASK
1443400381,1509.01,0.01,ASK
1443400382,1509.01,0.017,ASK
1443400384,1509.01,0.037,ASK
1443400385,1509.37,0.0324,BID
1443400385,1509.37,0.028,ASK
1443400388,1509.37,0.013,ASK
1443400389,1509.01,0.013,ASK
1443400389,1509.01,0.0266,ASK
1443400391,1509.01,0.0058,ASK
1443400391,1509.0,0.01,ASK
1443400391,1509.0,0.0454,ASK
1443400392,1509.0,0.717,ASK
1443400394,1509.0,0.022,ASK
1443400395,1509.37,0.0324,BID
1443400395,1509.37,0.087,BID
1443400395,1509.38,0.6476,BID
1443400395,1509.44,0.001,BID
1443400395,1509.52,0.001,BID
1443400395,1509.54,0.004,BID
1443400395,1509.55,0.001,BID
1443400395,1509.57,0.001,BID
1443400395,1509.57,0.0042,ASK
1443400395,1509.0,0.4358,ASK
1443400396,1509.01,0.0042,ASK
1443400396,1509.0,0.7958,ASK
1443400398,1509.44,0.0323,ASK
1443400399,1509.01,0.062,ASK
1443400399,1509.6,8.0,ASK
1443400399,1509.6,2.337,ASK
1443400405,1509.61,0.1,BID
1443400410,1509.61,0.4054,ASK
1443400411,1509.02,0.087,ASK
1443400411,1509.02,0.013,ASK
1443400412,1509.61,5.0,ASK
1443400412,1509.61,6.0,ASK
1443400412,1509.61,8.178,ASK
1443400415,1509.44,0.0058,BID
1443400416,1509.44,0.0942,ASK
1443400417,1509.05,3.0,ASK
1443400417,1509.05,1.18,ASK
1443400421,1509.43,0.0942,BID
1443400456,1509.02,0.08,ASK
1443400457,1509.02,0.0193,ASK
1443400457,1509.01,0.0237,ASK
1443400462,1509.02,0.01,ASK
1443400463,1509.02,0.09,ASK
1443400463,1509.01,0.01,ASK
1443400465,1509.01,0.09,ASK
1443400467,1509.01,0.65,ASK
1443400467,1509.01,0.1,ASK
1443400481,1509.61,0.08,BID
1443400481,1509.62,0.001,BID
1443400481,1509.74,0.001,BID
1443400481,1509.77,0.002,BID
1443400481,1509.78,0.002,BID
1443400481,1509.79,0.001,BID
1443400481,1509.84,0.002,BID
1443400481,1509.9,0.001,BID
1443400481,1509.91,0.001,BID
1443400481,1509.91,0.065,BID
1443400481,1509.91,0.087,BID
1443400481,1509.92,1.2388,BID
1443400481,1509.92,0.0162,BID
1443400481,1509.92,0.1153,BID
1443400481,1509.93,4.1974,BID
1443400489,1509.04,0.002,ASK
1443400489,1509.03,0.0161,ASK
1443400489,1509.02,0.4915,ASK
1443400491,1509.04,0.002,ASK
1443400491,1509.02,0.008,ASK
1443400492,1509.02,0.01,ASK
1443400494,1509.03,0.04,ASK
1443400495,1509.03,0.025,ASK
1443400495,1509.03,0.1155,ASK
1443400495,1509.03,0.04,ASK
1443400495,1509.03,0.01,ASK
1443400502,1509.04,0.08,ASK
1443400503,1509.86,14.0,ASK
1443400503,1509.86,3.891,ASK
1443400534,1509.04,0.0071,ASK
1443400534,1509.03,0.0029,ASK
1443400536,1509.03,0.1,ASK
1443400539,1509.03,0.08,ASK
1443400544,1509.76,0.0246,BID
1443400546,1509.77,0.0754,ASK
1443400547,1509.04,0.0245,ASK
1443400547,1509.03,0.0425,ASK
1443400548,1509.03,0.4,ASK
1443400550,1509.03,0.4,ASK
1443400551,1509.03,0.022,ASK
1443400552,1509.03,0.02,ASK
1443400554,1509.03,0.01,ASK
1443400556,1509.03,0.515,ASK
1443400557,1509.03,0.435,ASK
1443400561,1509.03,0.01,ASK
1443400562,1509.03,0.01,ASK
1443400565,1509.04,0.01,ASK
1443400567,1509.04,0.01,ASK
1443400570,1509.04,0.1008,ASK
1443400573,1509.04,0.01,BID
1443400581,1509.03,0.013,ASK
1443400583,1509.03,0.014,ASK
1443400583,1509.03,0.01,ASK
1443400584,1509.03,0.281,ASK
1443400585,1509.04,0.02,ASK
1443400587,1509.04,0.4,ASK
1443400590,1509.04,0.37,ASK
1443400590,1509.04,0.01,ASK
1443400624,1509.04,0.14,ASK
1443400629,1509.04,0.132,ASK
1443400631,1509.04,0.043,ASK
1443400631,1509.04,0.01,ASK
1443400638,1509.04,0.875,ASK
1443400639,1509.03,0.875,ASK
1443400642,1509.03,1.688,ASK
1443400643,1509.03,0.22,ASK
1443400649,1509.03,0.01,ASK
1443400651,1509.03,0.01,ASK
1443400664,1509.03,2.306,ASK
1443400669,1509.03,1.0,ASK
1443400669,1509.04,0.01,BID
1443400670,1509.04,0.01,ASK
1443400670,1509.04,0.01,ASK
1443400670,1509.04,0.07,ASK
1443400670,1509.03,0.58,ASK
1443400671,1509.03,0.65,ASK
1443400680,1509.46,0.0871,BID
1443400682,1509.46,0.0129,ASK
1443400688,1509.45,0.1,BID
1443400690,1509.44,0.0246,BID
1443400692,1509.45,0.27,ASK
1443400694,1509.45,0.01,ASK
1443400694,1509.45,0.08,ASK
1443400696,1509.58,0.02,ASK
1443400697,1509.58,0.01,ASK
1443400697,1509.58,0.3693,ASK
1443400697,1509.04,0.06,ASK
1443400703,1509.55,0.0196,BID
1443400703,1509.56,0.3915,BID
1443400703,1509.57,0.0101,BID
1443400722,1509.79,0.0694,BID
1443400722,1509.79,0.0306,BID
1443400727,1509.79,0.0714,BID
1443400727,1509.79,0.0829,BID
1443400727,1509.8,0.3087,BID
1443400738,1509.8,1.5193,BID
1443400738,1509.89,0.002,BID
1443400738,1509.89,0.002,BID
1443400738,1509.89,1.8283,BID
1443400738,1509.99,0.953,BID
1443400741,1509.77,0.5,BID
1443400743,1509.99,0.6064,BID
1443400743,1509.99,1.2381,BID
1443400743,1510.0,6.764,BID
1443400751,1509.76,0.06,BID
1443400753,1509.76,0.04,ASK
1443400755,1509.08,0.04,ASK
1443400762,1509.15,0.01,ASK
1443400790,1509.11,0.01,ASK
1443400792,1509.11,0.01,ASK
1443400793,1509.11,0.01,ASK
1443400795,1509.11,0.01,ASK
1443400799,1509.97,0.0051,BID
1443400825,1509.12,0.01,ASK
1443400827,1509.12,0.01,ASK
1443400842,1509.98,0.002,BID
1443400842,1509.98,0.002,BID
1443400842,1509.99,0.04,BID
1443400842,1509.99,0.01,BID
1443400842,1509.99,0.01,BID
1443400842,1510.0,5.7228,BID
1443400844,1509.15,8.0,BID
1443400844,1509.15,10.786,BID
1443400846,1509.99,0.03,BID
1443400846,1509.99,0.0049,BID
1443400846,1510.0,0.9651,BID
1443400847,1509.75,0.01,BID
1443400847,1510.0,0.0249,BID
1443400848,1509.14,0.01,ASK
1443400849,1509.51,0.4,BID
1443400850,1509.51,0.4,BID
1443400850,1509.51,0.2,BID
1443400852,1509.53,0.02,ASK
1443400852,1509.52,0.07,ASK
1443400853,1509.52,0.01,ASK
1443400854,1509.52,0.039,ASK
1443400855,1509.52,0.01,ASK
1443400856,1509.53,0.054,ASK
1443400856,1509.52,0.018,ASK
1443400856,1509.53,0.01,ASK
1443400857,1509.53,0.054,ASK
1443400859,1509.53,0.134,ASK
1443400860,1509.17,0.2121,ASK
1443400860,1509.16,0.1879,ASK
1443400866,1509.54,0.01,ASK
1443400867,1509.17,0.01,ASK
1443400876,1509.51,0.013,BID
1443400881,1509.51,0.0004,BID
1443400883,1509.97,19.769,ASK
1443400883,1509.97,2.0,ASK
1443400883,1509.99,0.01,BID
1443400883,1509.99,0.02,BID
1443400883,1509.99,0.054,BID
1443400883,1510.0,10.0693,BID
1443400884,1509.97,8.2306,ASK
1443400886,1509.29,0.6,BID
1443400886,1509.17,0.102,ASK
1443400886,1509.13,1.2269,ASK
1443400886,1509.12,0.6711,ASK
1443400886,1509.29,0.6,BID
1443400886,1509.29,0.4,BID
1443400886,1509.29,0.4,BID
1443400886,1509.29,0.3,BID
1443400888,1509.29,5.2178,BID
1443400889,1509.29,0.6,BID
1443400889,1509.29,0.804,BID
1443400889,1509.28,0.01,BID
1443400889,1509.29,0.6526,BID
1443400889,1509.29,2.195,BID
1443400907,1509.5,0.0134,ASK
1443400910,1509.95,0.0325,BID
1443400911,1509.95,0.0675,ASK
1443400926,1509.31,0.0297,ASK
1443400927,1509.3,0.0297,ASK
1443400927,1509.31,4.0,ASK
1443400927,1509.31,1.386,ASK
1443400928,1509.3,0.0297,ASK
1443400929,1509.3,0.01,ASK
1443400929,1509.3,0.5932,ASK
1443400931,1509.29,0.0008,BID
1443400931,1509.29,0.3992,BID
1443400932,1509.29,0.2337,BID
1443400949,1509.3,0.01,ASK
1443400957,1509.3,0.623,ASK
1443400957,1509.3,0.0007,ASK
1443400957,1509.19,0.0871,ASK
1443400957,1509.12,0.5359,ASK
1443400958,1509.12,0.4,ASK
1443400959,1509.12,0.072,ASK
1443400961,1509.12,0.033,ASK
1443400963,1509.12,1.13,ASK
1443400964,1509.12,0.12,ASK
1443400965,1509.12,0.38,ASK
1443400966,1509.12,0.011,ASK
1443400968,1509.12,0.413,ASK
1443400978,1509.12,0.06,ASK
1443400983,1509.12,0.8,ASK
1443400983,1509.12,0.481,ASK
1443400985,1509.12,1.803,ASK
1443400986,1509.93,0.1305,BID
1443400986,1509.94,0.01,BID
1443400986,1509.95,0.0325,BID
1443400986,1509.95,0.0871,BID
1443400986,1509.96,0.2399,BID
1443400987,1509.96,0.4101,BID
1443400987,1509.99,0.1358,BID
1443400987,1509.99,0.102,BID
1443400987,1510.0,3.065,BID
1443400987,1510.0,0.3,BID
1443400987,1510.0,0.4641,BID
1443400987,1509.12,14.8523,ASK
1443400987,1509.99,0.041,BID
1443400987,1510.0,0.159,BID
1443400988,1509.99,4.0,BID
1443400988,1509.99,3.074,BID
1443400989,1509.13,0.3792,ASK
1443400989,1509.13,0.0411,ASK
1443400989,1509.12,0.2387,ASK
1443400989,1509.12,0.1358,ASK
1443400989,1509.11,3.6942,ASK
1443400993,1509.12,0.1306,ASK
1443400993,1509.11,2.9847,ASK
1443400993,1509.1,0.002,ASK
1443400993,1509.1,0.002,ASK
1443400993,1509.05,1.3517,ASK
1443400996,1509.98,0.5098,BID
1443400996,1509.99,0.0232,BID
1443400996,1510.0,0.4635,BID
1443400996,1510.13,0.003,BID
1443400996,1510.25,0.0171,BID
1443400996,1510.26,0.3429,BID
1443400996,1510.38,0.1,BID
1443400996,1510.38,0.6035,BID
1443400999,1509.99,0.073,ASK
1443401000,1509.06,0.0196,ASK
1443401000,1509.06,0.0171,ASK
1443401000,1509.06,0.0363,ASK
1443401003,1510.35,0.002,BID
1443401003,1510.36,0.0013,BID
1443401005,1509.1,0.002,ASK
1443401005,1509.08,0.002,ASK
1443401005,1509.07,0.006,ASK
1443401027,1509.16,0.01,ASK
1443401044,1509.13,0.0245,ASK
1443401044,1509.12,0.0635,ASK
1443401087,1510.19,0.01,BID
1443401087,1510.19,0.01,BID
1443401087,1510.2,0.006,BID
1443401087,1510.21,0.0624,BID
1443401087,1510.21,0.0116,BID
1443401102,1509.2,0.0167,ASK
1443401102,1509.17,0.0303,ASK
1443401102,1509.17,0.0408,ASK
1443401122,1509.19,0.1457,ASK
1443401261,1509.56,0.1457,BID
1443401261,1509.57,0.0123,BID
1443401268,1510.15,0.0408,BID
1443401268,1510.33,0.002,BID
1443401268,1510.35,0.002,BID
1443401268,1510.36,0.001,BID
1443401268,1510.4,0.0542,BID
1443401290,1509.66,0.001,ASK
1443401297,1509.68,0.0035,ASK
1443401312,1509.67,0.006,BID
1443401324,1509.92,0.001,ASK
1443401346,1509.92,0.001,ASK
1443401352,1509.92,0.0862,ASK
1443401352,1509.91,0.0225,ASK
1443401352,1509.91,0.102,ASK
1443401352,1509.9,2.6432,ASK
1443401354,1510.38,0.002,BID
1443401354,1510.4,0.0458,BID
1443401354,1510.48,0.1,BID
1443401354,1510.6,0.01,BID
1443401354,1510.66,0.002,BID
1443401354,1510.76,1.7602,BID
1443401395,1509.63,0.01,ASK
1443401395,1509.62,0.0007,ASK
1443401400,1509.62,0.0013,ASK
1443401453,1510.56,0.001,BID
1443401453,1510.57,0.0619,BID
1443401453,1510.57,0.01,BID
1443401453,1510.57,0.0271,BID
1443401460,1509.62,0.009,ASK
1443401509,1509.6,0.001,BID
1443401550,1509.49,0.001,ASK
1443401638,1510.28,0.0872,BID
1443401638,1510.28,0.0128,BID
1443401674,1509.59,0.002,ASK
1443401692,1509.7,0.0134,ASK
1443401704,1509.72,0.0255,ASK
1443401704,1509.72,0.0872,ASK
1443401704,1509.72,0.01,ASK
1443401704,1509.71,0.504,ASK
1443401704,1509.71,0.0422,ASK
1443401704,1509.5,7.0,ASK
1443401704,1509.49,5.0,ASK
1443401704,1509.48,1.0311,ASK
1443401712,1509.59,0.01,BID
1443401714,1509.59,0.0331,BID
1443401715,1509.89,0.001,ASK
1443401724,1510.28,0.0931,BID
1443401724,1510.28,0.049,BID
1443401724,1510.28,0.0303,BID
1443401724,1510.28,0.0872,BID
1443401724,1510.29,3.0512,BID
1443401752,1509.66,0.469,ASK
1443401763,1510.65,5.0,BID
1443401814,1510.58,0.1,BID
1443401889,1509.73,0.001,ASK
1443401910,1509.74,0.001,ASK
1443401948,1510.48,0.369,ASK
1443401949,1510.48,0.931,ASK
1443401950,1509.74,0.0862,ASK
1443401950,1509.73,0.1374,ASK
1443401950,1509.73,0.0249,ASK
1443401950,1509.73,0.0332,ASK
1443401950,1509.72,0.7183,ASK
1443401996,1510.46,0.0259,BID
1443401996,1510.46,0.0872,BID
1443401996,1510.47,0.65,BID
1443401996,1510.49,0.102,BID
1443401996,1510.49,0.1304,BID
1443401996,1510.5,0.8316,BID
1443402004,1510.47,0.099,ASK
1443402005,1510.47,0.001,ASK
1443402006,1510.46,0.099,BID
1443402006,1510.49,0.0402,BID
1443402006,1510.5,1.7758,BID
1443402006,1510.54,0.1,ASK
1443402010,1510.54,0.1177,ASK
1443402012,1510.51,0.1177,ASK
1443402015,1510.51,0.0402,ASK
1443402017,1510.5,0.0402,ASK
1443402017,1509.73,0.0659,ASK
1443402017,1509.73,0.0255,ASK
1443402017,1509.73,0.1052,ASK
1443402017,1509.72,0.1554,ASK
1443402019,1509.72,0.234,ASK
1443402122,1510.52,0.1579,BID
1443402122,1510.53,0.1177,BID
1443402122,1510.66,0.002,BID
1443402122,1510.67,0.001,BID
1443402122,1510.72,0.015,BID
1443402122,1510.72,0.0191,BID
1443402122,1510.73,0.681,BID
1443402122,1510.74,0.074,BID
1443402122,1510.75,1.6792,BID
1443402122,1510.76,1.435,BID
1443402163,1509.82,0.1255,BID
1443402179,1510.6,0.1,BID
1443402188,1510.54,0.0104,ASK
1443402188,1510.53,0.1116,ASK
1443402189,1510.53,0.096,ASK
1443402216,1509.91,0.001,BID
1443402236,1509.91,0.0014,ASK
1443402248,1509.9,0.102,ASK
1443402248,1509.9,0.0463,ASK
1443402248,1509.89,1.0,ASK
1443402248,1509.89,0.01,ASK
1443402248,1509.88,0.2,ASK
1443402248,1509.83,0.1255,ASK
1443402249,1509.77,0.0259,ASK
1443402250,1509.88,0.01,BID
1443402251,1509.88,0.4,BID
1443402251,1509.88,0.6,BID
1443402251,1509.88,0.3483,BID
1443402251,1509.9,1.0,BID
1443402251,1509.9,6.669,BID
1443402254,1509.92,0.0032,BID
1443402257,1510.51,0.0165,BID
1443402259,1510.52,0.2076,BID
1443402259,1510.75,0.0407,BID
1443402259,1510.76,0.91,BID
1443402273,1510.0,0.0039,ASK
1443402289,1510.0,0.002,ASK
1443402337,1510.73,0.0014,BID
1443402337,1510.74,0.0103,BID
1443402337,1510.75,0.2059,BID
1443402337,1510.75,0.0259,BID
1443402337,1510.76,0.148,BID
1443402337,1510.77,0.1,BID
1443402337,1510.78,0.01,BID
1443402337,1510.8,0.1,BID
1443402337,1510.93,0.01,BID
1443402337,1510.95,0.1,BID
1443402337,1510.97,0.01,BID
1443402337,1510.97,0.002,BID
1443402337,1510.99,0.015,BID
1443402337,1511.0,0.3,BID
1443402337,1511.17,0.0158,BID
1443402337,1511.18,0.01,BID
1443402337,1511.18,0.3064,BID
1443402337,1511.2,0.0134,BID
1443402337,1511.21,0.1,BID
1443402337,1511.27,0.01,BID
1443402337,1511.29,0.1,BID
1443402337,1511.29,0.0569,BID
1443402337,1511.3,7.0,BID
1443402337,1511.37,0.01,BID
1443402337,1511.39,0.01,BID
1443402337,1511.4,0.1,BID
1443402337,1511.44,0.0786,BID
1443402337,1511.45,0.01,BID
1443402337,1511.46,0.01,BID
1443402337,1511.46,0.01,BID
1443402337,1511.47,0.01,BID
1443402337,1511.49,0.01,BID
1443402337,1511.55,0.01,BID
1443402337,1511.57,0.01,BID
1443402337,1511.58,0.1,BID
1443402337,1511.58,0.1,BID
1443402337,1511.58,0.004,BID
1443402337,1511.59,0.01,BID
1443402337,1511.6,0.01,BID
1443402337,1511.6,0.01,BID
1443402337,1511.6,0.1,BID
1443402337,1511.65,0.01,BID
1443402337,1511.67,0.0781,BID
1443402337,1511.68,0.01,BID
1443402337,1511.71,5.2293,BID
1443402337,1511.72,0.01,BID
1443402337,1511.73,0.01,BID
1443402337,1511.75,0.01,BID
1443402337,1511.78,0.01,BID
1443402337,1511.79,0.01,BID
1443402337,1511.8,0.01,BID
1443402337,1511.8,0.4061,BID
1443402337,1511.8,0.0012,BID
1443402337,1511.93,0.01,BID
1443402337,1511.97,0.01,BID
1443402337,1511.97,0.0225,BID
1443402337,1512.0,0.3,BID
1443402337,1512.0,3.0,BID
1443402337,1512.0,0.135,BID
1443402340,1511.09,3.0,BID
1443402340,1511.09,0.587,BID
1443402343,1510.53,0.01,ASK
1443402344,1511.0,0.0359,ASK
1443402345,1511.09,7.0,ASK
1443402345,1511.09,4.0,ASK
1443402345,1511.09,9.583,ASK
1443402345,1511.0,0.2641,ASK
1443402345,1510.99,0.0132,BID
1443402347,1510.99,0.0132,BID
1443402347,1510.53,0.0189,ASK
1443402347,1510.51,0.2451,ASK
1443402350,1510.54,0.0097,ASK
1443402352,1510.54,0.01,ASK
1443402353,1510.54,0.0772,ASK
1443402353,1510.53,0.0294,BID
1443402354,1510.53,0.01,BID
1443402356,1510.53,0.01,BID
1443402357,1510.53,0.01,BID
1443402359,1510.52,0.01,ASK
1443402361,1510.53,0.01,BID
1443402363,1510.52,0.0887,ASK
1443402363,1510.52,0.0132,ASK
1443402363,1510.51,0.0511,ASK
1443402365,1510.98,0.0872,BID
1443402365,1510.99,0.0128,BID
1443402365,1510.51,0.01,ASK
1443402366,1510.51,0.01,ASK
1443402368,1510.51,0.01,ASK
1443402383,1510.56,0.0027,ASK
1443402384,1510.99,0.001,BID
1443402404,1510.56,0.0191,ASK
1443402421,1510.99,0.0087,BID
1443402421,1511.0,0.0216,BID
1443402421,1511.83,0.0126,BID
1443402421,1511.84,0.108,BID
1443402421,1511.84,0.2516,BID
1443402421,1511.85,0.092,BID
1443402426,1510.57,0.001,ASK
1443402446,1510.6,0.001,ASK
1443402464,1510.6,0.0056,ASK
1443402480,1510.6,0.0022,ASK
1443402497,1510.6,0.0032,ASK
1443402509,1511.46,0.001,BID
1443402509,1511.49,0.0218,BID
1443402509,1511.64,0.001,BID
1443402509,1511.94,0.002,BID
1443402509,1511.97,0.0255,BID
1443402509,1511.98,0.01,BID
1443402509,1511.98,0.5,BID
1443402509,1511.99,0.1,BID
1443402509,1512.0,0.9345,BID
1443402509,1512.0,0.3,BID
1443402509,1512.07,0.2989,BID
1443402509,1512.18,0.01,BID
1443402509,1512.27,0.01,BID
1443402509,1512.28,0.225,BID
1443402512,1510.6,0.0011,ASK
1443402518,1511.0,0.0359,ASK
1443402518,1511.0,0.2641,ASK
1443402520,1510.99,0.015,BID
1443402520,1510.99,0.0209,BID
1443402523,1511.02,0.0244,ASK
1443402533,1511.01,0.0968,BID
1443402534,1510.61,0.0873,ASK
1443402534,1510.6,0.013,ASK
1443402538,1510.6,0.0165,BID
1443402538,1510.6,0.0873,BID
1443402550,1510.63,0.001,BID
1443402550,1511.79,0.0537,BID
1443402550,1511.79,0.0338,BID
1443402550,1511.8,0.0115,BID
1443402558,1510.61,0.001,ASK
1443402572,1511.76,0.01,BID
1443402572,1511.78,0.006,ASK
1443402572,1511.78,0.0033,ASK
1443402572,1511.75,0.0176,BID
1443402574,1511.78,0.5,ASK
1443402574,1511.78,1.096,ASK
1443402574,1511.78,0.4,ASK
1443402574,1511.78,2.808,ASK
1443402574,1511.78,2.808,ASK
1443402574,1511.78,3.515,ASK
1443402574,1511.78,0.16,ASK
1443402575,1511.78,0.01,ASK
1443402575,1511.78,0.2254,ASK
1443402576,1511.78,0.4885,ASK
1443402576,1511.78,3.3235,ASK
1443402577,1510.64,0.0619,ASK
1443402577,1510.63,0.4381,ASK
1443402577,1510.78,0.01,BID
1443402578,1510.78,0.094,BID
1443402583,1511.48,0.4574,BID
1443402583,1511.48,1.0,BID
1443402583,1511.48,1.0,BID
1443402583,1511.48,2.0,BID
1443402583,1511.5,6.859,BID
1443402584,1511.78,0.0102,BID
1443402584,1511.78,0.4376,BID
1443402584,1511.79,0.0522,BID
1443402584,1511.49,0.0873,ASK
1443402584,1511.79,0.0132,BID
1443402585,1511.79,0.0366,BID
1443402585,1511.79,0.0517,ASK
1443402586,1511.79,0.0155,ASK
1443402586,1511.79,0.0062,ASK
1443402586,1511.49,0.001,ASK
1443402587,1511.79,0.2984,BID
1443402587,1511.8,0.0046,BID
1443402588,1511.49,0.01,ASK
1443402589,1511.8,0.298,BID
1443402593,1511.8,0.01,BID
1443402593,1511.8,0.5,BID
1443402593,1511.8,1.18,BID
1443402596,1511.8,1.18,BID
1443402597,1511.8,1.5896,BID
1443402599,1512.0,0.01,BID
1443402600,1512.0,0.3,BID
1443402600,1512.0,0.7,BID
1443402601,1512.0,0.6614,BID
1443402601,1511.82,0.01,ASK
1443402601,1512.0,0.2197,BID
1443402602,1512.0,0.01,BID
1443402602,1512.0,0.6614,BID
1443402603,1511.99,0.01,BID
1443402603,1512.0,0.6614,BID
1443402604,1512.0,0.41,BID
1443402604,1511.82,0.0049,ASK
1443402604,1512.0,0.6614,BID
1443402624,1511.78,0.0015,ASK
1443402626,1511.78,0.0202,ASK
1443402626,1511.78,0.1776,ASK
1443402626,1511.78,0.011,ASK
1443402627,1511.77,0.2103,ASK
1443402629,1511.77,0.65,ASK
1443402630,1511.77,0.65,ASK
1443402631,1511.77,0.65,ASK
1443402634,1511.77,0.01,ASK
1443402634,1511.77,0.01,ASK
1443402641,1511.78,0.01,ASK
1443402641,1511.78,0.01,ASK
1443402642,1511.77,0.001,ASK
1443402644,1511.78,0.19,BID
1443402647,1511.77,0.01,ASK
1443402654,1511.98,0.0049,BID
1443402654,1511.99,0.0147,BID
1443402654,1512.0,0.2947,BID
1443402654,1512.28,0.1554,BID
1443402654,1512.29,2.5303,BID
1443402662,1512.28,0.001,BID
1443402662,1511.78,0.001,ASK
1443402689,1511.79,0.0107,ASK
1443402689,1511.79,0.1212,ASK
1443402689,1511.79,0.0255,ASK
1443402689,1511.78,0.101,ASK
1443402689,1511.78,0.3228,ASK
1443402690,1511.78,0.0107,ASK
1443402692,1511.79,11.435,ASK
1443402702,1512.28,0.0192,BID
1443402702,1512.29,0.5786,BID
1443402702,1512.32,0.01,BID
1443402702,1512.36,0.01,BID
1443402702,1512.37,0.01,BID
1443402702,1512.39,0.01,BID
1443402702,1512.45,0.01,BID
1443402702,1512.46,0.01,BID
1443402702,1512.47,0.01,BID
1443402702,1512.49,0.01,BID
1443402702,1512.52,0.01,BID
1443402702,1512.54,0.01,BID
1443402702,1512.54,0.1,BID
1443402702,1512.55,0.01,BID
1443402702,1512.55,0.004,BID
1443402702,1512.57,0.01,BID
1443402702,1512.59,0.01,BID
1443402702,1512.65,0.01,BID
1443402702,1512.68,0.01,BID
1443402702,1512.68,0.01,BID
1443402702,1512.71,0.1382,BID
1443402703,1512.7,7.0,BID
1443402703,1512.7,4.632,BID
1443402706,1511.8,0.0024,ASK
1443402722,1511.86,0.001,ASK
1443402722,1512.7,0.01,BID
1443402722,1512.7,0.0192,BID
1443402722,1512.7,0.02,BID
1443402722,1512.71,0.0508,BID
1443402724,1511.86,0.0288,ASK
1443402724,1511.85,0.5094,ASK
1443402724,1511.85,0.0578,ASK
1443402739,1511.89,0.001,ASK
1443402745,1512.64,0.0255,BID
1443402745,1512.65,0.5094,BID
1443402748,1512.7,0.0578,ASK
1443402748,1512.7,0.187,ASK
1443402748,1512.7,0.187,ASK
1443402749,1512.7,0.1679,ASK
1443402750,1512.7,0.155,ASK
1443402750,1512.7,0.4746,ASK
1443402750,1512.7,1.1062,ASK
1443402751,1512.7,0.333,ASK
1443402752,1512.7,0.102,ASK
1443402752,1512.7,0.0317,ASK
1443402754,1512.7,0.152,ASK
1443402754,1512.72,0.01,BID
1443402758,1512.7,0.47,ASK
1443402760,1512.73,0.01,BID
1443402761,1512.7,0.001,ASK
1443402768,1512.74,0.01,BID
1443402768,1512.7,0.177,ASK
1443402770,1512.7,8.44,ASK
1443402775,1512.71,0.102,ASK
1443402775,1512.7,0.229,ASK
1443402775,1512.7,1.0,ASK
1443402778,1512.71,0.001,ASK
1443402778,1512.71,0.046,ASK
1443402778,1512.71,0.064,ASK
1443402782,1512.71,0.0439,ASK
1443402782,1512.71,0.0339,ASK
1443402782,1512.7,0.9222,ASK
1443402782,1512.7,0.077,ASK
1443402785,1512.7,1.0,ASK
1443402791,1512.7,0.035,ASK
1443402793,1512.74,0.01,BID
1443402795,1512.7,0.055,ASK
1443402799,1512.7,0.032,ASK
1443402800,1512.7,1.0,ASK
1443402802,1512.7,0.107,ASK
1443402806,1512.7,0.42,ASK
1443402806,1512.7,1.0,ASK
1443402809,1512.7,0.485,ASK
1443402815,1512.7,1.0,ASK
1443402819,1512.7,0.001,ASK
1443402821,1512.7,1.0,ASK
1443402830,1512.75,0.01,BID
1443402830,1512.75,0.01,BID
1443402835,1512.7,0.001,ASK
1443402840,1512.7,0.032,ASK
1443402841,1512.76,0.01,BID
1443402841,1512.77,0.01,BID
1443402841,1512.79,0.0717,BID
1443402841,1512.79,0.102,BID
1443402841,1512.8,1.8063,BID
1443402842,1512.8,0.1857,BID
1443402842,1512.82,0.01,BID
1443402842,1512.82,0.01,BID
1443402842,1512.84,0.01,BID
1443402842,1512.87,0.01,BID
1443402842,1512.88,0.003,BID
1443402842,1512.9,0.01,BID
1443402842,1512.94,0.01,BID
1443402842,1512.95,0.01,BID
1443402842,1512.96,0.01,BID
1443402842,1512.97,0.01,BID
1443402842,1512.97,0.01,BID
1443402842,1512.98,0.01,BID
1443402842,1512.99,0.01,BID
1443402842,1512.99,0.1,BID
1443402842,1512.99,0.0155,BID
1443402842,1513.0,0.3,BID
1443402842,1513.0,0.01,BID
1443402842,1513.04,0.01,BID
1443402842,1513.1,0.005,BID
1443402842,1513.12,0.003,BID
1443402842,1513.12,0.01,BID
1443402842,1513.12,0.01,BID
1443402842,1513.18,0.002,BID
1443402842,1513.21,0.01,BID
1443402842,1513.23,0.01,BID
1443402842,1513.23,0.01,BID
1443402842,1513.23,0.01,BID
1443402842,1513.26,0.01,BID
1443402842,1513.48,0.0315,BID
1443402842,1513.49,1.1443,BID
1443402844,1512.72,4.0,BID
1443402844,1512.72,12.898,BID
1443402852,1512.74,0.001,ASK
1443402856,1513.46,0.005,BID
1443402858,1513.48,0.0504,BID
1443402861,1513.48,0.036,ASK
1443402862,1513.48,0.0008,ASK
1443402864,1512.98,0.0152,BID
1443402864,1513.49,0.015,BID
1443402864,1513.5,0.1244,BID
1443402864,1512.77,0.021,ASK
1443402864,1512.77,0.015,ASK
1443402868,1512.76,0.0041,ASK
1443402889,1512.79,0.001,ASK
1443402897,1512.79,0.0172,ASK
1443402897,1512.79,0.1038,ASK
1443402900,1512.79,0.0007,ASK
1443402900,1512.78,0.1203,ASK
1443402903,1513.49,0.0143,BID
1443402903,1513.5,0.0857,BID
1443402904,1512.79,0.102,ASK
1443402904,1512.78,2.507,ASK
1443402909,1512.78,0.0079,ASK
1443402928,1512.77,0.0142,ASK
1443402928,1512.77,0.0113,ASK
1443402928,1512.77,0.0143,ASK
1443402928,1512.76,0.1002,ASK
1443402931,1512.76,0.039,ASK
1443402948,1512.77,0.0065,ASK
1443402950,1512.77,0.22,ASK
1443402954,1512.81,0.223,ASK
1443402958,1512.81,0.131,ASK
1443402961,1512.81,1.097,ASK
1443402969,1512.81,0.0146,ASK
1443402972,1513.42,0.0043,BID
1443402985,1512.81,0.0091,ASK
1443402990,1512.82,0.07,ASK
1443402990,1512.81,0.0253,ASK
1443402990,1512.76,4.5747,ASK
1443402995,1512.76,0.7,ASK
1443403000,1512.76,0.458,ASK
1443403004,1512.76,0.06,ASK
1443403009,1512.76,1.712,ASK
1443403013,1512.76,2.0,ASK
1443403013,1512.76,0.16,ASK
1443403018,1512.78,0.01,BID
1443403019,1512.76,0.134,ASK
1443403020,1512.8,0.001,BID
1443403020,1512.8,0.0211,ASK
1443403021,1512.79,0.001,BID
1443403023,1512.76,0.433,ASK
1443403023,1512.78,0.001,BID
1443403026,1512.76,0.063,ASK
1443403029,1512.76,0.001,ASK
1443403030,1512.78,0.001,ASK
1443403030,1512.76,0.265,ASK
1443403034,1512.76,0.035,ASK
1443403041,1512.76,0.1,ASK
1443403045,1512.76,0.083,ASK
1443403047,1512.76,0.0022,ASK
1443403055,1512.76,0.9749,ASK
1443403055,1512.76,0.0251,ASK
1443403062,1512.76,1.0,ASK
1443403063,1512.76,0.001,ASK
1443403068,1512.76,1.0,ASK
1443403068,1512.76,0.2865,ASK
1443403070,1512.75,0.0135,BID
1443403070,1512.75,0.3,BID
1443403070,1513.44,0.01,BID
1443403070,1513.46,0.0872,BID
1443403070,1513.5,0.0899,BID
1443403070,1513.5,0.0293,BID
1443403070,1513.51,0.01,BID
1443403070,1513.51,0.5237,BID
1443403070,1513.51,0.0524,BID
1443403070,1513.52,0.01,BID
1443403070,1513.54,0.01,BID
1443403070,1513.63,1.5069,BID
1443403070,1512.74,0.004,ASK
1443403070,1512.25,0.001,ASK
1443403070,1512.0,0.3,ASK
1443403070,1511.8,0.01,ASK
1443403070,1511.78,0.151,ASK
1443403074,1511.82,1.2321,ASK
1443403074,1511.79,0.0294,ASK
1443403074,1511.79,1.2385,ASK
1443403078,1512.8,0.979,ASK
1443403079,1512.8,0.0011,ASK
1443403079,1512.99,0.01,BID
1443403082,1512.8,0.0199,ASK
1443403082,1512.65,0.002,ASK
1443403082,1512.5,0.0211,ASK
1443403083,1512.6,0.0039,BID
1443403084,1512.6,0.1,BID
1443403084,1512.6,0.01,BID
1443403084,1512.6,0.241,BID
1443403085,1512.6,0.6451,BID
1443403088,1512.61,0.01,ASK
1443403090,1512.61,0.006,ASK
1443403090,1512.61,0.028,ASK
1443403094,1512.62,0.0109,ASK
1443403094,1512.61,0.0211,ASK
1443403096,1512.97,10.694,ASK
1443403096,1512.61,0.001,ASK
1443403100,1512.99,0.01,BID
1443403100,1512.61,0.611,ASK
1443403100,1512.59,0.001,ASK
1443403105,1512.59,0.01,ASK
1443403107,1512.59,0.0036,ASK
1443403107,1512.51,0.01,ASK
1443403107,1512.5,0.0784,ASK
1443403111,1512.5,0.043,ASK
1443403132,1512.58,0.001,BID
1443403141,1512.5,0.001,ASK
1443403179,1512.56,0.0077,BID
1443403184,1512.8,0.066,ASK
1443403185,1512.8,0.2263,ASK
1443403187,1512.5,0.1565,ASK
1443403187,1512.35,0.002,ASK
1443403189,1511.8,0.1335,BID
1443403191,1512.5,0.001,BID
1443403219,1512.54,0.001,BID
1443403258,1512.75,0.0011,BID
1443403260,1512.76,0.005,BID
1443403260,1512.78,0.013,BID
1443403261,1512.78,0.0049,BID
1443403261,1512.79,0.0131,BID
1443403261,1512.79,0.018,BID
1443403262,1512.79,0.018,BID
1443403263,1512.77,0.115,BID
1443403264,1512.77,0.0751,BID
1443403264,1512.78,0.0179,BID
1443403264,1512.79,0.0169,BID
1443403264,1512.79,0.0061,BID
1443403264,1512.79,0.098,BID
1443403270,1512.78,0.041,ASK
1443403272,1512.78,0.1491,ASK
1443403272,1512.78,0.041,ASK
1443403273,1512.78,0.059,ASK
1443403274,1512.75,0.006,ASK
1443403274,1512.5,0.0075,ASK
1443403274,1511.9,0.0179,ASK
1443403274,1511.9,0.0179,ASK
1443403274,1511.89,0.1997,ASK
1443403278,1511.9,0.4,ASK
1443403280,1511.9,0.1,ASK
1443403283,1511.92,0.1,ASK
1443403283,1511.91,0.2,ASK
1443403287,1511.92,0.094,ASK
1443403289,1511.92,0.1,ASK
1443403300,1511.94,0.084,ASK
1443403309,1512.68,0.01,BID
1443403309,1512.69,0.2,BID
1443403309,1512.76,0.024,BID
1443403309,1512.77,0.2311,BID
1443403309,1512.77,0.0491,BID
1443403310,1512.75,0.001,BID
1443403310,1511.95,0.01,ASK
1443403311,1511.96,18.56,BID
1443403312,1512.76,0.01,BID
1443403312,1512.77,0.2,BID
1443403312,1512.79,0.1882,BID
1443403312,1512.99,0.102,BID
1443403312,1512.99,0.015,BID
1443403312,1513.0,0.276,BID
1443403313,1511.96,0.024,ASK
1443403313,1512.8,1.0,BID
1443403313,1512.8,3.0,BID
1443403313,1512.8,0.86,BID
1443403315,1512.79,0.086,ASK
1443403316,1512.79,0.1984,ASK
1443403316,1512.79,0.1138,ASK
1443403317,1511.98,0.0532,BID
1443403317,1513.0,0.024,BID
1443403317,1513.15,0.001,BID
1443403317,1513.45,0.002,BID
1443403317,1513.49,0.015,BID
1443403317,1513.5,0.2468,BID
1443403320,1513.15,0.025,ASK
1443403320,1513.15,0.1,ASK
1443403320,1513.01,0.01,ASK
1443403321,1513.01,0.014,ASK
1443403321,1513.01,0.024,ASK
1443403322,1513.01,0.01,ASK
1443403323,1513.01,1.69,ASK
1443403324,1513.13,0.0125,BID
1443403324,1513.14,0.125,BID
1443403324,1513.14,0.1125,BID
1443403324,1513.02,0.024,ASK
1443403324,1513.02,0.1619,ASK
1443403324,1513.01,1.0231,ASK
1443403326,1513.12,0.024,BID
1443403326,1513.49,0.0125,ASK
1443403326,1513.49,0.012,ASK
1443403327,1513.49,0.2255,ASK
1443403327,1513.02,0.0108,ASK
1443403327,1513.01,0.7637,ASK
1443403327,1513.01,0.0108,ASK
1443403330,1513.01,2.0863,ASK
1443403335,1512.49,0.149,BID
1443403336,1513.0,0.216,BID
1443403338,1513.0,0.284,BID
1443403339,1513.02,0.162,ASK
1443403340,1512.51,0.05,ASK
1443403341,1512.51,0.218,ASK
1443403341,1513.01,0.101,BID
1443403343,1513.0,0.0108,BID
1443403343,1513.01,0.115,BID
1443403344,1513.31,0.172,ASK
1443403345,1513.31,0.1722,ASK
1443403346,1513.3,0.001,ASK
1443403346,1513.3,0.029,ASK
1443403347,1513.3,0.295,ASK
1443403348,1513.31,0.1,ASK
1443403351,1513.02,0.149,ASK
1443403365,1513.5,0.01,BID
1443403368,1513.49,0.01,BID
1443403369,1512.55,0.001,ASK
1443403378,1513.49,0.09,BID
1443403378,1513.5,0.0432,BID
1443403378,1513.57,0.01,BID
1443403378,1513.62,0.0465,BID
1443403378,1513.63,0.0415,BID
1443403378,1513.63,0.9305,BID
1443403378,1513.64,0.7546,BID
1443403378,1513.64,0.0754,BID
1443403378,1513.7,0.1615,BID
1443403378,1513.71,0.4268,BID
1443403383,1513.7,0.034,BID
1443403383,1513.71,1.466,BID
1443403384,1513.71,0.01,BID
1443403386,1513.71,0.027,BID
1443403386,1513.71,3.5636,BID
1443403386,1513.71,0.1,BID
1443403386,1513.73,0.01,BID
1443403386,1513.74,0.01,BID
1443403386,1513.74,0.01,BID
1443403386,1513.75,0.3,BID
1443403386,1513.76,0.01,BID
1443403386,1513.77,0.01,BID
1443403386,1513.78,0.01,BID
1443403386,1513.78,0.01,BID
1443403386,1513.78,0.1,BID
1443403386,1513.79,0.01,BID
1443403386,1513.82,0.01,BID
1443403386,1513.9,0.01,BID
1443403386,1513.96,0.01,BID
1443403386,1513.97,0.01,BID
1443403386,1513.97,0.01,BID
1443403386,1513.98,0.01,BID
1443403386,1513.99,0.01,BID
1443403386,1513.99,0.01,BID
1443403386,1513.99,0.01,BID
1443403386,1514.0,0.3,BID
1443403386,1514.0,0.1679,BID
1443403386,1514.0,0.01,BID
1443403386,1514.0,12.328,BID
1443403386,1514.0,0.1,BID
1443403386,1514.0,0.101,ASK
1443403387,1514.01,19.806,BID
1443403387,1514.02,6.0,BID
1443403387,1514.02,2.245,BID
1443403387,1514.01,1.0,BID
1443403387,1514.01,2.399,BID
1443403391,1513.18,0.014,BID
1443403391,1513.88,0.036,BID
1443403400,1513.01,0.001,ASK
1443403401,1513.88,0.164,BID
1443403406,1514.0,0.0551,BID
1443403421,1514.0,0.01,BID
1443403422,1513.99,3.0,BID
1443403422,1513.99,3.0,BID
1443403422,1513.99,0.99,BID
1443403426,1513.12,0.009,ASK
1443403435,1513.15,0.5,ASK
1443403435,1513.14,0.1876,ASK
1443403435,1513.13,0.7042,ASK
1443403447,1513.99,0.009,BID
1443403447,1514.0,0.091,BID
1443403450,1513.26,0.001,ASK
1443403472,1513.28,0.001,ASK
1443403491,1513.33,0.01,ASK
1443403491,1513.32,0.01,ASK
1443403494,1514.0,0.0149,BID
1443403495,1513.32,0.04,ASK
1443403495,1514.03,0.01,BID
1443403495,1514.03,0.01,BID
1443403495,1514.03,0.008,BID
1443403497,1514.03,0.0149,ASK
1443403499,1513.53,0.014,BID
1443403507,1513.83,1.832,ASK
1443403507,1513.83,0.4,ASK
1443403507,1513.83,0.6,ASK
1443403507,1513.83,0.6,ASK
1443403507,1513.83,0.017,ASK
1443403507,1514.03,12.625,ASK
1443403509,1513.84,0.05,ASK
1443403509,1513.84,0.4592,ASK
1443403509,1513.34,0.04,ASK
1443403509,1513.34,0.01,ASK
1443403510,1513.35,7.0,ASK
1443403510,1513.35,7.0,ASK
1443403510,1513.35,1.701,ASK
1443403512,1513.37,0.018,ASK
1443403533,1513.4,0.001,ASK
1443403545,1513.98,0.01,BID
1443403548,1513.98,0.01,BID
1443403550,1514.04,0.01,BID
1443403554,1513.66,0.01,ASK
1443403554,1513.66,0.001,ASK
1443403558,1513.94,0.01,BID
1443403559,1513.67,1.0,BID
1443403559,1513.67,2.119,BID
1443403560,1513.94,0.01,BID
1443403563,1513.93,0.01,BID
1443403564,1513.92,0.0155,BID
1443403564,1513.92,0.01,BID
1443403564,1513.93,0.4835,BID
1443403564,1513.93,0.01,BID
1443403573,1514.04,0.01,BID
1443403573,1514.04,0.01,BID
1443403573,1514.05,0.01,BID
1443403573,1514.06,0.01,BID
1443403573,1514.06,0.01,BID
1443403573,1514.07,0.014,BID
1443403573,1514.09,0.01,BID
1443403573,1514.1,0.01,BID
1443403573,1514.12,0.01,BID
1443403573,1514.12,0.01,BID
1443403573,1514.12,0.01,BID
1443403573,1514.12,0.01,BID
1443403573,1514.13,0.018,BID
1443403573,1514.17,0.012,BID
1443403573,1514.18,0.01,BID
1443403573,1514.18,0.01,BID
1443403573,1514.19,0.01,BID
1443403573,1514.21,0.01,BID
1443403573,1514.22,0.01,BID
1443403573,1514.23,0.01,BID
1443403573,1514.23,0.01,BID
1443403573,1514.23,0.01,BID
1443403575,1514.23,0.0057,ASK
1443403575,1514.23,0.001,ASK
1443403576,1513.66,0.039,ASK
1443403581,1513.52,0.004,BID
1443403586,1513.83,0.3,ASK
1443403589,1513.84,0.01,ASK
1443403589,1513.84,0.0255,ASK
1443403591,1513.4,0.0032,ASK
1443403593,1513.51,0.001,ASK
1443403593,1513.39,0.009,ASK
1443403609,1513.41,0.001,ASK
1443403610,1513.43,5.0,ASK
1443403610,1513.43,4.185,ASK
1443403622,1513.6,0.01,BID
1443403626,1513.79,0.01,ASK
1443403626,1513.84,0.02,BID
1443403627,1513.9,0.3,ASK
1443403631,1513.53,0.001,ASK
1443403632,1513.88,0.0176,BID
1443403632,1513.89,0.351,BID
1443403633,1514.24,0.01,BID
1443403633,1514.24,0.09,BID
1443403634,1514.2,2.0,BID
1443403634,1514.2,1.779,BID
1443403635,1514.19,0.61,ASK
1443403637,1514.18,0.02,ASK
1443403637,1514.18,3.0264,ASK
1443403639,1513.9,0.149,ASK
1443403640,1513.59,0.5092,BID
1443403640,1513.59,0.4644,BID
1443403641,1513.59,0.458,BID
1443403641,1513.59,0.458,BID
1443403641,1513.59,0.458,BID
1443403641,1513.59,0.186,BID
1443403641,1513.59,0.982,BID
1443403641,1513.59,0.458,BID
1443403641,1513.59,0.458,BID
1443403641,1513.59,0.261,BID
1443403641,1513.59,0.186,BID
1443403641,1513.59,0.09,BID
1443403641,1513.59,0.982,BID
1443403641,1513.59,0.982,BID
1443403642,1513.59,2.0,BID
1443403642,1513.59,0.6607,BID
1443403646,1513.89,0.458,ASK
1443403646,1513.89,0.186,ASK
1443403646,1513.89,0.458,ASK
1443403649,1514.19,0.001,BID
1443403650,1514.2,0.0224,ASK
1443403651,1514.2,0.0776,ASK
1443403653,1514.18,1.9246,ASK
1443403661,1513.62,0.1116,ASK
1443403661,1513.62,0.033,ASK
1443403661,1513.62,0.0254,ASK
1443403661,1513.61,5.0,ASK
1443403662,1513.61,0.5,BID
1443403669,1513.9,0.043,BID
1443403669,1513.9,0.1,BID
1443403670,1513.62,0.5,BID
1443403670,1513.62,1.5,BID
1443403670,1513.62,0.143,BID
1443403671,1513.62,0.143,BID
1443403671,1513.62,0.101,BID
1443403671,1513.62,0.101,BID
1443403671,1513.62,0.1718,BID
1443403678,1514.16,0.0255,BID
1443403678,1514.18,0.001,BID
1443403678,1514.24,0.015,BID
1443403678,1514.25,0.3,BID
1443403678,1514.26,0.01,BID
1443403678,1514.33,0.01,BID
1443403678,1514.34,0.002,BID
1443403678,1514.41,0.01,BID
1443403678,1514.42,0.011,BID
1443403678,1514.45,0.01,BID
1443403678,1514.45,0.01,BID
1443403678,1514.47,0.01,BID
1443403678,1514.48,0.01,BID
1443403678,1514.48,0.01,BID
1443403678,1514.48,0.01,BID
1443403678,1514.48,0.01,BID
1443403678,1514.49,0.0187,BID
1443403678,1514.5,0.2101,BID
1443403678,1514.5,0.01,BID
1443403678,1514.5,0.01,BID
1443403678,1514.5,0.01,BID
1443403678,1514.5,0.1,BID
1443403678,1514.5,0.019,BID
1443403678,1514.5,0.015,BID
1443403678,1514.51,0.014,BID
1443403678,1514.52,0.01,BID
1443403678,1514.53,0.0072,BID
1443403678,1514.53,0.0054,BID
1443403678,1514.54,0.01,BID
1443403678,1514.54,0.01,BID
1443403678,1514.54,0.01,BID
1443403678,1514.54,0.001,BID
1443403678,1514.55,0.01,BID
1443403678,1514.55,0.01,BID
1443403678,1514.56,0.01,BID
1443403678,1514.56,0.01,BID
1443403679,1514.56,0.5092,ASK
1443403680,1514.56,0.1,ASK
1443403681,1514.56,0.2448,ASK
1443403681,1514.46,0.3448,ASK
1443403683,1514.46,0.145,ASK
1443403683,1514.55,0.3552,BID
1443403683,1514.55,0.1448,BID
1443403683,1514.47,4.747,ASK
1443403684,1514.47,0.01,ASK
1443403686,1514.47,0.005,ASK
1443403686,1514.47,0.0254,ASK
1443403686,1514.47,0.0187,ASK
1443403686,1514.46,0.3509,ASK
1443403687,1514.54,0.035,BID
1443403687,1514.54,0.01,BID
1443403687,1514.55,0.2,BID
1443403687,1514.55,0.0515,ASK
1443403687,1514.55,0.2035,ASK
1443403687,1514.46,0.1124,ASK
1443403688,1513.96,0.035,BID
1443403689,1513.96,0.0141,BID
1443403690,1514.55,0.0209,ASK
1443403690,1514.55,0.4361,ASK
1443403691,1514.55,0.001,ASK
1443403691,1514.55,0.0629,ASK
1443403692,1514.54,0.4121,BID
1443403692,1514.54,0.0239,BID
1443403693,1514.53,0.0606,BID
1443403693,1514.54,0.3761,BID
1443403693,1514.54,0.0633,BID
1443403694,1514.27,0.01,ASK
1443403694,1514.17,0.001,ASK
1443403694,1514.0,0.389,BID
1443403694,1514.53,0.0388,BID
1443403694,1514.54,0.3367,BID
1443403694,1514.57,0.01,BID
1443403694,1514.6,0.01,BID
1443403694,1514.62,0.01,BID
1443403694,1514.62,0.001,BID
1443403695,1514.62,0.0168,ASK
1443403695,1514.64,0.01,BID
1443403695,1514.64,0.01,BID
1443403695,1514.65,0.01,BID
1443403695,1514.66,0.01,BID
1443403695,1514.66,0.01,BID
1443403695,1514.66,0.01,BID
1443403695,1514.66,0.01,BID
1443403695,1514.67,0.01,BID
1443403695,1514.67,0.01,BID
1443403695,1514.67,0.01,BID
1443403695,1514.67,0.01,BID
1443403695,1514.68,0.01,BID
1443403695,1514.68,0.01,BID
1443403695,1514.68,0.01,BID
1443403695,1514.69,0.01,BID
1443403695,1514.69,0.01,BID
1443403695,1514.69,0.01,BID
1443403695,1514.7,0.106,BID
1443403695,1514.7,0.01,BID
1443403695,1514.71,0.01,BID
1443403695,1514.73,0.01,BID
1443403695,1514.73,0.01,BID
1443403695,1514.73,0.01,BID
1443403695,1514.73,0.01,BID
1443403695,1514.73,0.01,BID
1443403695,1514.74,0.01,BID
1443403695,1514.74,0.01,BID
1443403695,1514.74,0.01,BID
1443403695,1514.74,0.01,BID
1443403695,1514.74,0.01,BID
1443403695,1514.74,0.01,BID
1443403695,1514.74,0.0162,BID
1443403697,1514.74,0.8366,ASK
1443403698,1514.74,0.0304,ASK
1443403698,1514.62,0.3696,ASK
1443403698,1514.62,0.4502,ASK
1443403698,1514.61,0.041,BID
1443403699,1514.1,0.025,BID
1443403699,1514.1,0.842,BID
1443403699,1514.61,0.0088,BID
1443403699,1514.61,0.5,BID
1443403699,1514.73,0.4,BID
1443403699,1514.73,0.035,BID
1443403699,1514.75,0.3,BID
1443403699,1514.75,0.01,BID
1443403699,1514.75,0.014,BID
1443403699,1514.77,0.001,BID
1443403699,1514.77,0.01,BID
1443403699,1514.78,0.01,BID
1443403699,1514.78,0.01,BID
1443403699,1514.79,0.001,BID
1443403699,1514.79,0.001,BID
1443403699,1514.79,0.001,BID
1443403699,1514.79,0.01,BID
1443403699,1514.79,0.01,BID
1443403699,1514.79,0.013,BID
1443403699,1514.8,0.01,BID
1443403699,1514.8,0.01,BID
1443403699,1514.8,0.01,BID
1443403699,1514.8,0.001,BID
1443403699,1514.8,0.01,BID
1443403699,1514.8,0.004,BID
1443403701,1514.64,0.6,ASK
1443403702,1514.64,0.4,ASK
1443403702,1514.64,0.161,ASK
1443403704,1514.65,0.05,ASK
1443403705,1514.65,0.0165,ASK
1443403705,1514.64,0.4635,ASK
1443403705,1514.64,0.4,ASK
1443403706,1514.64,0.0165,ASK
1443403707,1514.64,0.4,ASK
1443403708,1514.64,1.876,ASK
1443403710,1514.62,0.5,ASK
1443403711,1514.47,2.5952,BID
1443403711,1514.0,0.277,ASK
1443403711,1514.47,0.5,BID
1443403712,1514.47,2.3148,BID
1443403714,1514.48,0.05,ASK
1443403715,1514.48,0.4,ASK
1443403716,1514.48,0.2103,ASK
1443403717,1514.47,0.4397,BID
1443403719,1514.73,0.389,BID
1443403719,1514.73,0.0195,ASK
1443403720,1514.74,0.001,BID
1443403720,1514.74,0.0195,ASK
1443403720,1514.74,0.0603,ASK
1443403722,1514.74,0.0078,ASK
1443403723,1514.8,0.006,BID
1443403723,1514.8,0.004,BID
1443403725,1514.74,0.3004,ASK
1443403725,1514.72,0.01,BID
1443403725,1514.62,0.01,ASK
1443403727,1514.72,0.2896,BID
1443403728,1514.73,0.2896,BID
1443403729,1514.73,0.0108,BID
1443403731,1514.74,0.04,ASK
1443403732,1514.74,0.254,ASK
1443403732,1514.8,0.006,BID
1443403732,1514.8,0.005,BID
1443403733,1514.8,0.005,BID
1443403733,1514.8,0.01,BID
1443403733,1514.8,0.01,BID
1443403733,1514.8,0.01,BID
1443403733,1514.83,0.01,BID
1443403733,1514.83,0.001,BID
1443403733,1514.83,0.01,BID
1443403733,1514.83,0.01,BID
1443403733,1514.83,0.01,BID
1443403733,1514.84,0.001,BID
1443403733,1514.84,0.001,BID
1443403733,1514.84,0.01,BID
1443403733,1514.84,0.01,BID
1443403733,1514.85,0.01,BID
1443403733,1514.86,0.01,BID
1443403733,1514.86,0.01,BID
1443403733,1514.87,0.01,BID
1443403733,1514.87,0.01,BID
1443403733,1514.87,0.01,BID
1443403733,1514.87,0.01,BID
1443403733,1514.87,0.01,BID
1443403733,1514.88,0.001,BID
1443403733,1514.88,0.01,BID
1443403733,1514.88,0.01,BID
1443403733,1514.88,0.01,BID
1443403733,1514.88,0.01,BID
1443403733,1514.88,0.01,BID
1443403733,1514.9,0.01,BID
1443403733,1514.9,0.01,BID
1443403733,1514.91,0.01,BID
1443403733,1514.92,0.01,BID
1443403733,1514.92,0.001,BID
1443403733,1514.93,0.01,BID
1443403733,1514.93,0.01,BID
1443403733,1514.93,0.01,BID
1443403733,1514.95,0.01,BID
1443403733,1514.95,0.016,BID
1443403733,1514.95,0.005,BID
1443403733,1514.96,0.016,BID
1443403733,1514.97,0.01,BID
1443403733,1514.97,0.01,BID
1443403733,1514.97,0.01,BID
1443403733,1514.98,0.001,BID
1443403733,1514.98,0.01,BID
1443403733,1514.98,0.1,BID
1443403733,1514.99,0.01,BID
1443403733,1514.99,0.01,BID
1443403733,1514.99,0.0744,BID
1443403733,1515.0,0.3,BID
1443403733,1515.0,0.01,BID
1443403733,1515.0,0.01,BID
1443403733,1515.0,0.01,BID
1443403733,1515.0,0.01,BID
1443403733,1515.0,0.0478,BID
1443403733,1515.0,0.1,BID
1443403733,1515.0,1.0,BID
1443403733,1515.02,0.01,BID
1443403733,1515.03,0.01,BID
1443403733,1515.03,0.01,BID
1443403733,1515.03,0.01,BID
1443403733,1515.03,0.01,BID
1443403733,1515.03,0.0168,ASK
1443403733,1514.74,0.0064,ASK
1443403733,1514.73,0.2772,ASK
1443403733,1514.73,0.001,ASK
1443403733,1514.73,0.011,ASK
1443403733,1514.72,0.2104,ASK
1443403733,1514.72,0.01,ASK
1443403734,1514.06,19.555,BID
1443403734,1514.16,0.001,BID
1443403735,1514.16,0.027,BID
1443403735,1514.48,0.001,BID
1443403735,1514.99,0.101,BID
1443403735,1515.04,0.01,BID
1443403735,1515.04,0.01,BID
1443403735,1515.04,0.01,BID
1443403735,1515.04,0.01,BID
1443403735,1515.04,0.01,BID
1443403735,1515.04,0.017,BID
1443403737,1515.04,0.04,ASK
1443403737,1515.04,0.015,ASK
1443403738,1515.05,0.001,BID
1443403738,1515.05,0.01,BID
1443403738,1515.05,0.01,BID
1443403738,1515.05,0.01,BID
1443403738,1515.05,0.1,BID
1443403738,1515.05,0.016,BID
1443403738,1515.05,0.353,ASK
1443403738,1515.04,1.6382,ASK
1443403738,1515.04,0.298,ASK
1443403739,1514.52,0.147,BID
1443403740,1514.52,0.072,BID
1443403740,1515.03,0.352,BID
1443403740,1515.04,0.01,BID
1443403744,1515.05,0.01,ASK
1443403744,1515.06,0.01,BID
1443403744,1515.06,0.01,BID
1443403744,1515.06,0.01,BID
1443403744,1515.06,0.01,BID
1443403744,1515.07,0.01,BID
1443403744,1515.08,0.01,BID
1443403744,1515.08,0.01,BID
1443403744,1515.08,0.01,BID
1443403744,1515.09,0.01,BID
1443403744,1515.09,0.01,BID
1443403744,1515.09,0.01,BID
1443403744,1515.09,0.016,ASK
1443403745,1515.09,0.024,ASK
1443403747,1515.09,0.284,ASK
1443403747,1515.05,0.056,ASK
1443403747,1514.53,0.02,ASK
1443403748,1515.09,0.16,ASK
1443403748,1514.54,0.0109,ASK
1443403748,1514.53,0.199,ASK
1443403749,1514.53,0.01,BID
1443403752,1514.53,0.01,BID
1443403756,1514.46,0.0025,BID
1443403756,1514.53,0.0541,BID
1443403756,1515.07,0.0204,BID
1443403756,1515.08,0.124,BID
1443403756,1515.08,0.284,BID
1443403757,1515.08,0.015,ASK
1443403760,1515.08,0.4,ASK
1443403760,1515.08,0.01,ASK
1443403761,1515.1,0.01,BID
1443403761,1515.1,0.001,BID
1443403761,1515.11,0.004,BID
1443403761,1515.08,0.015,ASK
1443403762,1515.08,0.01,ASK
1443403763,1515.08,0.01,ASK
1443403764,1515.1,0.0454,BID
1443403764,1515.1,0.0393,BID
1443403764,1515.11,0.3653,BID
1443403765,1515.08,0.04,ASK
1443403765,1515.11,0.0957,BID
1443403766,1515.11,0.46,BID
1443403767,1514.51,0.04,BID
1443403767,1515.07,0.0365,BID
1443403767,1515.08,0.01,BID
1443403767,1515.11,0.5735,BID
1443403782,1515.0,1.149,ASK
1443403783,1515.01,0.01,ASK
1443403784,1515.01,0.0603,ASK
1443403784,1515.01,0.091,ASK
1443403784,1515.0,1.8487,ASK
1443403785,1515.0,0.0703,ASK
1443403785,1515.01,0.004,BID
1443403785,1515.0,0.1613,ASK
1443403787,1515.0,1.0337,ASK
1443403787,1514.65,0.0353,ASK
1443403787,1514.64,0.1963,ASK
1443403788,1515.01,0.01,ASK
1443403795,1514.64,0.004,ASK
1443403800,1515.1,0.01,BID
1443403800,1515.1,0.0603,BID
1443403800,1515.1,0.091,BID
1443403800,1515.11,0.9524,BID
1443403801,1515.01,0.101,ASK
1443403803,1514.65,0.101,ASK
1443403815,1515.0,0.1,BID
1443403829,1514.66,0.001,ASK
1443403830,1514.66,0.399,BID
1443403830,1514.66,0.1105,BID
1443403831,1514.66,0.4245,BID
1443403832,1514.67,0.01,ASK
1443403833,1514.67,0.2257,ASK
1443403833,1514.33,0.001,ASK
1443403833,1514.22,0.0253,ASK
1443403833,1514.22,0.0209,ASK
1443403833,1514.21,0.3271,ASK
1443403835,1514.21,0.04,ASK
1443403836,1514.21,0.2,ASK
1443403836,1514.21,0.225,ASK
1443403839,1514.21,0.078,ASK
1443403839,1514.21,0.0555,ASK
1443403840,1514.2,0.001,BID
1443403840,1514.19,0.001,ASK
1443403840,1514.0,0.107,ASK
1443403840,1514.0,0.193,ASK
1443403841,1513.97,0.01,ASK
1443403845,1513.97,0.03,ASK
1443403846,1513.91,0.001,ASK
1443403846,1513.89,0.001,ASK
1443403846,1513.75,0.028,ASK
1443403847,1513.75,0.01,ASK
1443403849,1513.75,0.043,ASK
1443403851,1513.75,0.219,ASK
1443403853,1513.73,0.01,ASK
1443403853,1513.74,0.01,BID
1443403855,1513.74,0.01,BID
1443403855,1513.74,0.023,BID
1443403855,1513.74,0.262,BID
1443403855,1513.96,0.03,BID
1443403857,1514.0,0.236,ASK
1443403857,1514.0,1.022,ASK
1443403858,1514.0,0.4,ASK
1443403858,1514.0,0.01,ASK
1443403859,1514.0,0.1622,ASK
1443403859,1513.76,0.2378,ASK
1443403860,1513.76,0.1622,ASK
1443403863,1513.77,0.0141,ASK
1443403863,1513.75,0.1949,ASK
1443403865,1513.75,0.01,ASK
1443403866,1513.75,0.01,ASK
1443403866,1513.75,0.0901,ASK
1443403866,1513.68,0.004,ASK
1443403866,1513.63,0.016,ASK
1443403867,1513.63,0.016,ASK
1443403870,1514.21,0.001,BID
1443403873,1513.63,0.18,ASK
1443403891,1513.75,0.001,BID
1443403900,1514.74,0.015,BID
1443403900,1514.75,0.3,BID
1443403900,1514.92,0.4,BID
1443403900,1514.92,0.0417,BID
1443403900,1514.93,1.2339,BID
1443403900,1514.95,0.01,BID
1443403900,1514.99,0.1199,BID
1443403900,1515.0,0.001,BID
1443403900,1515.0,0.3,BID
1443403900,1515.0,3.0,BID
1443403900,1515.11,2.8061,BID
1443403900,1515.12,0.01,BID
1443403900,1515.13,0.01,BID
1443403900,1515.13,0.01,BID
1443403900,1515.13,0.01,BID
1443403900,1515.14,0.01,BID
1443403900,1515.14,0.01,BID
1443403900,1515.14,0.01,BID
1443403900,1515.15,0.01,BID
1443403900,1515.15,0.01,BID
1443403900,1515.18,0.01,BID
1443403900,1515.18,0.01,BID
1443403900,1515.18,0.01,BID
1443403900,1515.18,0.01,BID
1443403900,1515.18,0.01,BID
1443403900,1515.19,0.01,BID
1443403900,1515.19,0.001,BID
1443403900,1515.2,0.2,BID
1443403900,1515.2,0.001,BID
1443403900,1515.21,0.01,BID
1443403900,1515.22,0.01,BID
1443403900,1515.22,0.01,BID
1443403900,1515.23,0.01,BID
1443403900,1515.23,0.01,BID
1443403900,1515.23,0.01,BID
1443403900,1515.24,0.01,BID
1443403900,1515.25,0.3,BID
1443403900,1515.25,0.01,BID
1443403900,1515.25,0.1,BID
1443403900,1515.26,0.01,BID
1443403900,1515.26,0.01,BID
1443403900,1515.26,0.002,BID
1443403900,1515.28,0.01,BID
1443403900,1515.29,0.01,BID
1443403900,1515.29,0.014,BID
1443403900,1515.29,0.014,BID
1443403900,1515.31,0.015,BID
1443403900,1515.33,0.01,BID
1443403900,1515.36,0.01,BID
1443403900,1515.37,0.015,BID
1443403900,1515.37,0.014,BID
1443403900,1515.38,0.016,BID
1443403900,1515.38,0.012,BID
1443403900,1515.41,0.01,BID
1443403900,1515.44,0.01,BID
1443403900,1515.44,0.01,BID
1443403900,1515.45,0.01,BID
1443403900,1515.45,0.01,BID
1443403900,1515.45,0.2,BID
1443403900,1515.47,0.01,BID
1443403900,1515.47,0.01,BID
1443403900,1515.47,0.01,BID
1443403900,1515.47,0.01,BID
1443403900,1515.47,0.001,BID
1443403900,1515.48,0.01,BID
1443403900,1515.48,0.01,BID
1443403900,1515.48,0.01,BID
1443403900,1515.48,0.01,BID
1443403900,1515.48,0.01,BID
1443403900,1515.48,0.01,BID
1443403900,1515.48,0.01,BID
1443403900,1515.48,0.01,BID
1443403900,1515.48,0.018,BID
1443403900,1515.48,0.001,BID
1443403900,1515.5,0.3,BID
1443403900,1515.5,0.01,BID
1443403900,1515.5,0.01,BID
1443403900,1515.5,0.01,BID
1443403900,1515.5,0.277,BID
1443403900,1515.5,1.51,BID
1443403900,1515.52,0.01,BID
1443403900,1515.54,0.01,BID
1443403900,1515.54,0.01,BID
1443403900,1515.54,0.01,BID
1443403900,1515.55,0.01,BID
1443403900,1515.55,0.01,BID
1443403900,1515.56,0.01,BID
1443403900,1515.56,0.01,BID
1443403900,1515.56,0.015,BID
1443403900,1515.6,0.01,BID
1443403900,1515.6,0.015,BID
1443403900,1515.61,0.001,BID
1443403900,1515.62,0.01,BID
1443403900,1515.64,0.01,BID
1443403900,1515.64,0.01,BID
1443403900,1515.65,0.01,BID
1443403900,1515.65,0.018,BID
1443403900,1515.66,0.01,BID
1443403900,1515.67,0.01,BID
1443403900,1515.67,0.01,BID
1443403900,1515.68,0.01,BID
1443403900,1515.68,0.01,BID
1443403900,1515.69,0.01,BID
1443403900,1515.69,0.01,BID
1443403900,1515.69,0.01,BID
1443403900,1515.7,0.01,BID
1443403900,1515.71,0.01,BID
1443403900,1515.72,0.01,BID
1443403900,1515.73,0.01,BID
1443403900,1515.73,0.01,BID
1443403900,1515.73,0.01,BID
1443403900,1515.73,0.01,BID
1443403900,1515.74,0.01,BID
1443403900,1515.74,0.01,BID
1443403900,1515.74,0.01,BID
1443403900,1515.74,0.01,BID
1443403900,1515.74,0.01,BID
1443403900,1515.74,0.01,BID
1443403900,1515.75,0.3,BID
1443403900,1515.77,0.01,BID
1443403900,1515.79,0.01,BID
1443403900,1515.8,0.01,BID
1443403900,1515.8,0.01,BID
1443403900,1515.8,0.01,BID
1443403900,1515.8,0.01,BID
1443403900,1515.8,0.01,BID
1443403900,1515.8,0.01,BID
1443403900,1515.8,0.01,BID
1443403900,1515.83,0.01,BID
1443403900,1515.83,0.01,BID
1443403900,1515.83,0.01,BID
1443403900,1515.84,0.01,BID
1443403900,1515.84,0.01,BID
1443403900,1515.85,0.01,BID
1443403900,1515.86,0.01,BID
1443403900,1515.86,0.004,BID
1443403900,1515.87,0.01,BID
1443403900,1515.87,0.01,BID
1443403900,1515.87,0.01,BID
1443403900,1515.87,0.01,BID
1443403900,1515.88,0.01,BID
1443403900,1515.88,0.01,BID
1443403900,1515.88,0.01,BID
1443403900,1515.88,0.01,BID
1443403900,1515.91,0.01,BID
1443403900,1515.92,0.01,BID
1443403900,1515.93,0.01,BID
1443403900,1515.95,0.01,BID
1443403900,1515.95,0.01,BID
1443403900,1516.0,0.3,BID
1443403900,1516.0,0.01,BID
1443403900,1516.0,0.01,BID
1443403900,1516.0,3.3804,BID
1443403900,1516.02,0.01,BID
1443403900,1516.04,0.01,BID
1443403900,1516.04,0.01,BID
1443403900,1516.04,0.2,BID
1443403900,1516.05,0.01,BID
1443403900,1516.05,0.01,BID
1443403900,1516.06,0.01,BID
1443403900,1516.06,0.01,BID
1443403900,1516.1,0.1,BID
1443403900,1516.13,0.01,BID
1443403900,1516.13,0.01,BID
1443403900,1516.14,0.01,BID
1443403900,1516.14,0.01,BID
1443403900,1516.15,0.01,BID
1443403900,1516.15,0.01,BID
1443403900,1516.18,0.01,BID
1443403900,1516.18,0.01,BID
1443403900,1516.22,0.01,BID
1443403900,1516.25,0.3,BID
1443403900,1516.26,0.01,BID
1443403900,1516.36,0.01,BID
1443403900,1516.47,0.01,BID
1443403900,1516.48,0.01,BID
1443403900,1516.48,0.01,BID
1443403900,1516.5,0.3,BID
1443403900,1516.72,0.01,BID
1443403900,1516.73,0.943,BID
1443403902,1513.97,13.437,BID
1443403903,1514.72,1.0,BID
1443403903,1514.72,5.368,BID
1443403905,1514.69,19.093,BID
1443403906,1513.97,3.0,BID
1443403906,1513.97,10.582,BID
1443403907,1513.96,0.001,ASK
1443403912,1514.25,0.01,ASK
1443403914,1514.5,0.01,ASK
1443403915,1514.5,0.29,ASK
1443403915,1514.48,0.21,BID
1443403915,1514.69,0.09,BID
1443403915,1514.67,1.0,ASK
1443403915,1514.67,8.894,ASK
1443403916,1514.26,0.0145,ASK
1443403916,1514.25,0.0255,ASK
1443403917,1514.49,0.29,BID
1443403917,1514.49,0.01,BID
1443403919,1514.48,0.0206,BID
1443403919,1514.49,0.2794,BID
1443403919,1514.25,0.018,ASK
1443403920,1514.49,0.0006,BID
1443403920,1514.49,0.3,BID
1443403921,1514.92,0.101,BID
1443403921,1515.15,0.018,BID
1443403921,1515.24,0.014,BID
1443403921,1515.29,0.017,BID
1443403921,1515.32,0.014,BID
1443403921,1515.38,0.012,BID
1443403921,1515.38,0.013,BID
1443403921,1515.43,0.016,BID
1443403922,1515.5,0.0139,ASK
1443403922,1515.5,0.0811,ASK
1443403922,1514.5,0.2794,ASK
1443403924,1514.51,0.0132,ASK
1443403926,1514.49,0.1734,ASK
1443403926,1514.26,0.0132,ASK
1443403926,1514.25,0.0168,ASK
1443403928,1514.5,0.01,BID
1443403928,1514.26,0.002,ASK
1443403929,1514.5,0.085,BID
1443403932,1514.5,0.01,ASK
1443403933,1514.26,0.0095,ASK
1443403933,1514.25,0.0005,ASK
1443403933,1514.25,0.01,ASK
1443403960,1514.5,0.001,BID
1443403964,1514.34,0.004,ASK
1443403964,1514.33,0.002,ASK
1443403964,1514.25,0.005,ASK
1443403966,1514.25,0.089,ASK
1443403966,1515.17,0.001,BID
1443403966,1515.49,0.015,BID
1443403966,1515.5,0.014,BID
1443403967,1514.26,0.0107,ASK
1443403967,1514.25,0.0323,ASK
1443403971,1514.25,0.0929,ASK
1443403982,1514.25,0.002,BID
1443403989,1514.22,0.102,ASK
1443403990,1514.83,0.001,BID
1443403991,1514.21,0.038,ASK
1443403992,1514.21,0.05,ASK
1443403992,1514.21,0.0469,ASK
1443403992,1514.21,0.0151,ASK
1443403992,1514.2,0.088,ASK
1443403993,1514.2,0.038,ASK
1443403994,1514.82,0.1,BID
1443403997,1514.2,0.01,ASK
1443404000,1514.28,0.002,ASK
1443404000,1514.2,0.006,ASK
1443404000,1514.2,0.05,ASK
1443404003,1514.25,0.001,ASK
1443404003,1514.2,0.049,ASK
1443404004,1514.2,0.01,ASK
1443404005,1514.2,0.01,ASK
1443404007,1514.2,0.02,ASK
1443404008,1514.2,0.12,ASK
1443404012,1514.2,0.023,ASK
1443404014,1514.2,0.883,ASK
1443404014,1514.77,0.01,BID
1443404015,1514.2,0.441,ASK
1443404018,1514.28,0.002,ASK
1443404018,1514.21,0.013,ASK
1443404018,1514.2,0.026,ASK
1443404019,1514.2,0.4,ASK
1443404020,1514.76,0.001,BID
1443404021,1514.2,0.011,ASK
1443404021,1514.2,0.4,ASK
1443404022,1514.2,0.01,ASK
1443404038,1514.28,0.001,ASK
1443404050,1514.77,0.001,BID
1443404052,1514.36,0.002,ASK
1443404052,1514.28,0.001,ASK
1443404052,1514.2,0.007,ASK
1443404053,1514.2,0.01,ASK
1443404064,1514.2,0.1,ASK
1443404065,1514.2,0.288,ASK
1443404065,1514.13,0.007,ASK
1443404065,1514.0,0.281,ASK
1443404066,1514.01,10.0,ASK
1443404066,1514.01,5.468,ASK
1443404066,1514.19,0.1,BID
1443404067,1514.19,0.1,BID
1443404067,1514.19,0.1,BID
1443404075,1514.19,0.0025,BID
1443404080,1514.19,0.001,BID
1443404090,1514.19,0.184,BID
1443404090,1514.1,0.184,BID
1443404091,1514.1,0.184,BID
1443404091,1514.1,0.1855,BID
1443404092,1514.1,0.6605,BID
1443404092,1514.1,0.6,BID
1443404093,1514.1,0.6605,BID
1443404094,1514.1,0.6605,BID
1443404094,1514.1,0.255,BID
1443404100,1514.19,0.0005,BID
1443404100,1514.37,0.002,BID
1443404100,1514.79,0.011,BID
1443404100,1515.18,0.01,BID
1443404100,1515.24,0.015,BID
1443404100,1515.25,0.3,BID
1443404100,1515.49,0.0106,BID
1443404100,1515.5,0.286,BID
1443404100,1515.69,0.016,BID
1443404100,1515.7,0.018,BID
1443404100,1515.7,0.012,BID
1443404100,1515.71,0.016,BID
1443404100,1515.72,0.017,BID
1443404100,1515.74,0.015,BID
1443404100,1515.74,0.102,BID
1443404100,1515.75,0.3,BID
1443404100,1515.79,0.012,BID
1443404100,1515.82,0.014,BID
1443404100,1515.82,0.004,BID
1443404100,1515.94,0.0225,BID
1443404100,1515.96,5.0,BID
1443404100,1515.97,0.013,BID
1443404100,1516.0,0.277,BID
1443404100,1516.0,0.3,BID
1443404100,1516.03,0.018,BID
1443404100,1516.1,0.014,BID
1443404100,1516.15,0.01,BID
1443404100,1516.18,0.01,BID
1443404100,1516.25,0.3,BID
1443404100,1516.25,0.1,BID
1443404100,1516.5,0.3,BID
1443404100,1516.5,0.001,BID
1443404100,1516.75,0.3,BID
1443404100,1516.86,0.001,BID
1443404100,1516.97,0.001,BID
1443404100,1516.98,2.16,BID
1443404100,1516.99,0.22,BID
1443404100,1517.0,2.5735,BID
1443404103,1514.99,1.0,BID
1443404103,1514.99,2.309,BID
1443404103,1514.12,0.001,ASK
1443404104,1515.0,0.3,BID
1443404106,1514.19,0.004,ASK
1443404106,1514.12,0.006,ASK
1443404107,1514.13,1.0,ASK
1443404107,1514.13,1.0,ASK
1443404107,1514.13,1.159,ASK
1443404108,1514.12,0.008,ASK
1443404108,1514.12,0.015,ASK
1443404108,1514.12,0.0106,ASK
1443404111,1514.57,0.001,ASK
1443404111,1514.12,0.0144,ASK
1443404111,1514.12,0.0106,ASK
1443404111,1514.11,0.459,ASK
1443404112,1514.25,0.01,ASK
1443404114,1514.25,0.094,ASK
1443404116,1514.5,0.018,ASK
1443404118,1514.75,0.128,ASK
1443404118,1514.75,0.172,ASK
1443404118,1514.5,0.282,ASK
1443404119,1514.25,0.196,ASK
1443404119,1514.11,0.041,ASK
1443404119,1514.25,0.104,BID
1443404119,1514.49,0.128,BID
1443404119,1514.74,0.068,BID
1443404121,1514.5,0.025,ASK
1443404122,1514.72,9.0,ASK
1443404122,1514.72,4.738,ASK
1443404123,1514.73,0.0292,BID
1443404123,1514.73,0.2264,BID
1443404123,1514.74,0.0444,BID
1443404123,1514.5,0.001,ASK
1443404123,1514.5,0.102,ASK
1443404123,1514.11,0.026,ASK
1443404124,1514.72,0.0128,BID
1443404124,1514.73,0.1546,BID
1443404124,1514.74,0.1326,BID
1443404124,1514.74,0.0292,BID
1443404125,1514.11,0.103,ASK
1443404125,1514.74,0.0258,BID
1443404126,1514.74,0.0163,ASK
1443404126,1514.74,0.1345,ASK
1443404126,1514.94,0.01,BID
1443404126,1515.0,0.29,BID
1443404127,1514.74,0.079,ASK
1443404140,1514.11,0.0082,ASK
1443404170,1514.17,0.001,BID
1443404181,1514.37,0.002,BID
1443404181,1514.73,0.098,BID
1443404186,1514.14,0.002,BID
1443404200,1514.14,0.001,BID
1443404214,1514.12,0.0032,ASK
1443404235,1514.14,0.001,ASK
1443404250,1514.36,0.0032,BID
1443404250,1514.37,0.002,BID
1443404251,1514.38,0.014,ASK
1443404252,1514.38,0.0032,ASK
1443404253,1514.38,0.086,ASK
1443404264,1514.2,0.001,ASK
1443404264,1514.16,0.247,ASK
1443404264,1514.16,0.119,ASK
1443404268,1514.15,0.191,ASK
1443404277,1514.38,0.366,BID
1443404278,1514.39,0.001,BID
1443404280,1514.39,0.3,ASK
1443404281,1514.39,0.065,ASK
1443404281,1514.39,0.191,ASK
1443404282,1514.39,0.013,ASK
1443404284,1514.39,0.131,ASK
1443404285,1514.16,0.02,ASK
1443404287,1514.16,0.024,ASK
1443404289,1514.17,0.001,ASK
1443404307,1514.22,0.001,ASK
1443404310,1514.22,0.0053,BID
1443404322,1514.87,0.002,BID
1443404322,1514.99,0.0287,BID
1443404322,1514.99,0.024,BID
1443404322,1515.0,1.133,BID
1443404323,1514.3,0.001,ASK
1443404345,1514.3,0.001,ASK
1443404365,1514.23,0.0019,ASK
1443404372,1514.28,0.001,ASK
1443404372,1514.23,0.0001,ASK
1443404372,1514.15,0.001,ASK
1443404372,1514.15,0.0079,ASK
1443404372,1514.79,0.001,BID
1443404372,1514.8,0.002,BID
1443404372,1514.83,0.097,BID
1443404373,1514.15,0.01,ASK
1443404374,1514.16,13.666,ASK
1443404380,1514.15,0.016,ASK
1443404382,1514.23,0.002,ASK
1443404382,1514.16,0.5098,ASK
1443404382,1514.15,0.076,ASK
1443404382,1514.14,0.4122,ASK
1443404382,1514.14,0.01,ASK
1443404384,1514.14,0.029,ASK
1443404385,1514.14,0.597,ASK
1443404386,1514.14,0.65,ASK
1443404387,1514.14,0.017,ASK
1443404387,1514.14,0.65,ASK
1443404388,1514.14,0.65,ASK
1443404389,1514.14,0.864,ASK
1443404389,1514.14,0.65,ASK
1443404390,1514.14,0.65,ASK
1443404390,1514.14,0.1,ASK
1443404391,1514.14,0.65,ASK
1443404392,1514.14,0.05,ASK
1443404392,1514.14,0.0556,ASK
1443404394,1514.14,0.4642,ASK
1443404394,1514.14,0.4,ASK
1443404394,1514.13,0.004,ASK
1443404394,1514.1,0.1318,ASK
1443404397,1514.05,0.001,ASK
1443404397,1514.0,0.019,ASK
1443404397,1514.0,0.008,ASK
1443404397,1513.97,0.001,ASK
1443404397,1513.83,0.002,ASK
1443404397,1513.75,0.3,ASK
1443404398,1513.5,0.01,ASK
1443404399,1513.52,0.01,BID
1443404399,1513.52,0.4,BID
1443404400,1513.52,0.1272,BID
1443404400,1514.12,0.002,BID
1443404403,1513.53,0.01,ASK
1443404408,1514.12,0.001,BID
1443404420,1513.53,0.5372,ASK
1443404420,1513.53,0.4628,ASK
1443404428,1513.53,0.001,ASK
1443404430,1514.11,0.0063,ASK
1443404430,1513.53,0.0671,ASK
1443404432,1513.53,0.0063,ASK
1443404432,1513.5,0.0037,ASK
1443404433,1513.5,0.01,ASK
1443404434,1513.5,0.2763,ASK
1443404434,1513.31,0.01,ASK
1443404447,1513.5,0.001,BID
1443404455,1513.5,0.0031,BID
1443404455,1513.53,0.5579,BID
1443404456,1513.53,0.561,BID
1443404459,1513.53,0.388,BID
1443404475,1513.53,0.293,BID
1443404476,1513.3,0.0017,ASK
1443404476,1513.53,0.6607,BID
1443404477,1513.53,0.6607,BID
1443404478,1513.53,0.6607,BID
1443404478,1513.5,0.001,ASK
1443404478,1513.3,0.009,ASK
1443404479,1513.53,0.6607,BID
1443404480,1513.51,0.6607,BID
1443404493,1513.3,0.0013,ASK
1443404495,1513.5,0.011,ASK
1443404515,1513.3,0.001,ASK
1443404519,1513.49,0.008,ASK
1443404519,1513.3,0.002,ASK
1443404522,1513.3,0.647,ASK
1443404522,1513.3,0.353,ASK
1443404523,1513.3,0.2036,ASK
1443404523,1513.29,0.01,ASK
1443404526,1513.26,0.3315,ASK
1443404526,1513.26,0.01,ASK
1443404526,1513.25,0.3,ASK
1443404526,1513.22,0.004,ASK
1443404526,1513.15,0.01,ASK
1443404526,1513.0,0.3,ASK
1443404526,1513.0,0.01,ASK
1443404526,1513.0,0.0017,ASK
1443404528,1513.0,0.0328,BID
1443404529,1513.29,0.03,BID
1443404533,1513.29,0.001,BID
1443404535,1513.29,0.4054,BID
1443404535,1513.29,0.65,BID
1443404535,1513.29,0.0006,BID
1443404536,1513.28,1.0,BID
1443404536,1513.28,4.851,BID
1443404547,1513.29,0.0007,BID
1443404547,1513.37,0.002,BID
1443404547,1513.53,0.515,BID
1443404549,1513.53,0.1,BID
1443404563,1513.01,0.0041,ASK
1443404567,1513.28,0.001,ASK
1443404567,1513.01,0.009,ASK
1443404568,1513.01,0.01,ASK
1443404571,1513.01,0.0097,ASK
1443404571,1512.92,0.0003,ASK
1443404572,1512.92,0.0097,ASK
1443404572,1512.87,0.002,ASK
1443404572,1512.82,0.06,ASK
1443404572,1512.75,0.3,ASK
1443404572,1512.73,0.0093,ASK
1443404572,1512.73,0.0007,ASK
1443404572,1512.53,0.0093,ASK
1443404573,1512.53,0.2142,ASK
1443404574,1512.74,0.382,BID
1443404575,1512.74,0.382,BID
1443404576,1512.74,0.382,BID
1443404578,1512.75,0.637,ASK
1443404578,1512.75,0.0241,ASK
1443404578,1512.5,0.0359,ASK
1443404580,1512.5,0.01,ASK
1443404580,1512.74,0.001,BID
1443404582,1512.74,0.168,BID
1443404588,1512.75,0.049,ASK
1443404588,1512.75,0.12,ASK
1443404590,1512.51,0.0127,ASK
1443404590,1512.5,0.2033,ASK
1443404590,1512.74,0.049,BID
1443404590,1512.74,0.051,BID
1443404591,1512.5,0.0508,ASK
1443404596,1512.49,0.118,BID
1443404599,1512.49,0.2541,BID
1443404602,1512.75,0.001,BID
1443404613,1512.5,0.134,ASK
1443404619,1513.48,0.0019,BID
1443404621,1512.51,0.0187,ASK
1443404621,1512.5,0.1201,ASK
1443404621,1512.5,0.2354,ASK
1443404626,1512.45,0.011,ASK
1443404628,1512.44,0.1464,ASK
1443404630,1512.51,0.306,ASK
1443404631,1512.51,0.011,ASK
1443404632,1512.51,0.061,ASK
1443404634,1512.51,0.0743,ASK
1443404634,1512.44,0.061,ASK
1443404635,1512.44,0.028,ASK
1443404636,1512.44,0.028,ASK
1443404638,1512.45,0.528,ASK
1443404640,1512.49,0.003,BID
1443404641,1512.49,0.0157,BID
1443404641,1512.56,0.0206,BID
1443404641,1512.56,0.011,BID
1443404641,1512.57,0.0727,BID
1443404641,1512.51,0.021,ASK
1443404644,1512.51,0.01,ASK
1443404646,1512.57,0.049,BID
1443404646,1512.57,0.029,BID
1443404647,1512.57,0.081,BID
1443404647,1512.57,0.6611,BID
1443404648,1512.5,0.108,ASK
1443404648,1512.5,0.108,ASK
1443404648,1512.5,0.0381,ASK
1443404648,1512.49,0.045,ASK
1443404648,1512.43,0.01,ASK
1443404648,1512.33,0.01,ASK
1443404648,1512.32,0.01,ASK
1443404648,1512.29,0.01,ASK
1443404648,1512.26,0.01,ASK
1443404648,1512.2,0.05,ASK
1443404648,1512.15,0.01,ASK
1443404648,1512.02,0.013,ASK
1443404648,1512.48,0.301,BID
1443404648,1512.5,0.0539,BID
1443404648,1512.57,0.1072,BID
1443404648,1512.58,0.037,ASK
1443404649,1512.58,0.031,ASK
1443404650,1512.58,0.131,ASK
1443404650,1512.01,0.008,ASK
1443404650,1512.01,0.023,ASK
1443404650,1512.58,0.123,ASK
1443404650,1512.58,0.123,ASK
1443404650,1512.58,0.108,ASK
1443404650,1512.58,0.108,ASK
1443404651,1512.58,0.131,ASK
1443404653,1512.58,0.061,ASK
1443404654,1512.58,0.0071,ASK
1443404661,1512.05,0.001,BID
1443404662,1512.05,0.021,BID
1443404662,1512.05,0.079,ASK
1443404663,1512.04,0.022,BID
1443404664,1512.04,0.4088,BID
1443404676,1512.5,0.072,ASK
1443404677,1512.5,0.1821,ASK
1443404678,1512.34,0.011,ASK
1443404683,1512.48,0.0032,BID
1443404683,1512.48,0.0098,BID
1443404683,1512.49,0.072,BID
1443404683,1512.49,0.2541,BID
1443404683,1512.87,0.002,BID
1443404683,1513.5,0.3,BID
1443404683,1513.52,0.2634,BID
1443404683,1513.53,1.8516,BID
1443404683,1513.73,0.01,BID
1443404683,1513.75,0.3,BID
1443404683,1513.87,0.002,BID
1443404683,1514.0,0.3,BID
1443404683,1514.1,0.0328,BID
1443404683,1514.25,0.3,BID
1443404683,1514.37,0.002,BID
1443404683,1514.49,0.01,BID
1443404683,1514.5,0.3,BID
1443404683,1514.53,0.1,BID
1443404683,1514.65,1.2107,BID
1443404683,1514.66,4.7546,BID
1443404688,1512.58,0.0126,ASK
1443404688,1512.57,0.3491,ASK
1443404688,1512.5,0.339,ASK
1443404688,1512.4,0.2993,ASK
1443404688,1512.35,0.212,ASK
1443404690,1512.42,8.0,ASK
1443404690,1512.42,2.883,ASK
1443404691,1512.39,13.0,ASK
1443404691,1512.39,3.822,ASK
1443404692,1512.39,0.0331,ASK
1443404692,1512.38,0.6279,ASK
1443404693,1512.38,0.0331,ASK
1443404695,1512.37,0.65,BID
1443404697,1512.44,0.006,ASK
1443404697,1512.38,0.171,ASK
1443404697,1512.37,0.405,ASK
1443404697,1512.37,0.002,ASK
1443404698,1512.37,0.65,ASK
1443404699,1512.47,0.212,BID
1443404699,1512.48,0.0149,BID
1443404699,1512.48,0.0128,BID
1443404699,1512.49,0.299,BID
1443404699,1512.49,0.2541,BID
1443404699,1512.54,0.018,BID
1443404699,1512.55,0.343,BID
1443404702,1512.48,0.056,ASK
1443404705,1512.55,0.018,ASK
1443404705,1512.48,0.156,ASK
1443404706,1512.39,0.0138,ASK
1443404706,1512.39,0.0042,ASK
1443404709,1512.45,0.487,BID
1443404709,1513.52,0.102,BID
1443404709,1514.0,0.0328,BID
1443404709,1514.15,0.013,BID
1443404709,1514.46,0.002,BID
1443404709,1514.69,0.006,BID
1443404709,1514.72,0.016,BID
1443404709,1514.72,0.3412,BID
1443404717,1512.56,0.0407,ASK
1443404717,1512.55,0.1993,ASK
1443404733,1512.77,0.01,ASK
1443404734,1514.37,0.002,BID
1443404734,1514.64,0.098,BID
1443404739,1513.01,0.001,ASK
1443404739,1514.59,0.01,BID
1443404745,1513.02,0.0082,ASK
1443404746,1514.57,2.0,ASK
1443404746,1514.57,4.508,ASK
1443404748,1513.26,0.013,ASK
1443404749,1513.26,0.0019,ASK
1443404749,1513.25,0.0081,ASK
1443404751,1513.25,0.01,ASK
1443404752,1513.26,0.0146,ASK
1443404754,1513.25,0.01,ASK
1443404758,1513.5,0.012,ASK
1443404759,1513.51,0.015,ASK
1443404759,1513.5,0.106,ASK
1443404759,1513.5,0.121,ASK
1443404759,1513.5,0.061,ASK
1443404759,1513.26,0.0136,ASK
1443404759,1513.25,0.0044,ASK
1443404759,1513.49,0.002,BID
1443404760,1513.25,0.0146,ASK
1443404765,1513.48,0.3,BID
1443404765,1513.26,0.01,ASK
1443404766,1513.47,0.001,BID
1443404766,1513.47,0.015,BID
1443404766,1513.48,0.0295,BID
1443404766,1513.49,0.253,BID
1443404766,1513.49,0.0015,BID
1443404766,1513.27,9.0,BID
1443404766,1513.27,7.062,BID
1443404767,1513.49,0.2515,BID
1443404768,1513.49,0.0379,ASK
1443404771,1513.5,0.034,ASK
1443404771,1513.5,0.141,ASK
1443404771,1513.49,0.048,ASK
1443404772,1513.49,0.7226,ASK
1443404772,1513.49,0.3,ASK
1443404772,1513.28,0.0254,ASK
1443404772,1513.27,0.5084,ASK
1443404772,1513.27,6.6683,ASK
1443404772,1513.25,0.2529,ASK
1443404772,1513.11,0.0293,ASK
1443404772,1513.07,2.16,ASK
1443404772,1513.0,0.3,ASK
1443404772,1512.9,4.5331,ASK
1443404773,1512.99,0.034,BID
1443404774,1513.12,7.1,BID
1443404778,1513.25,0.05,BID
1443404778,1513.26,0.35,BID
1443404779,1513.26,0.65,BID
1443404779,1513.27,0.0071,ASK
1443404781,1513.47,0.001,ASK
1443404781,1513.27,0.0037,ASK
1443404784,1513.99,0.002,BID
1443404786,1514.0,0.008,ASK
1443404788,1513.19,0.002,ASK
1443404788,1512.87,0.004,ASK
1443404788,1512.82,0.004,ASK
1443404821,1512.84,0.001,ASK
1443404822,1513.93,0.0082,BID
1443404843,1512.84,0.001,ASK
1443404843,1513.87,0.0032,BID
1443404850,1512.9,0.002,ASK
1443404850,1512.82,0.008,ASK
1443404864,1512.78,0.05,ASK
1443404864,1512.76,0.015,ASK
1443404864,1512.75,0.3,ASK
1443404866,1512.73,0.002,BID
1443404866,1512.73,0.001,BID
1443404868,1512.51,0.015,ASK
1443404868,1512.5,0.087,ASK
1443404868,1512.73,0.099,BID
1443404868,1512.81,0.001,BID
1443404868,1513.69,0.006,BID
1443404868,1513.72,0.0254,BID
1443404868,1513.72,0.0148,BID
1443404868,1513.73,5.0,BID
1443404868,1513.77,5.0,BID
1443404868,1513.89,0.0093,ASK
1443404868,1513.89,0.0298,ASK
1443404869,1513.89,6.6683,ASK
1443404870,1513.89,0.759,ASK
1443404870,1513.89,1.876,ASK
1443404870,1513.89,0.9,ASK
1443404870,1513.89,0.5,ASK
1443404870,1513.89,1.366,ASK
1443404870,1513.89,1.077,ASK
1443404870,1513.89,2.76,ASK
1443404870,1513.89,1.996,ASK
1443404870,1513.89,2.063,ASK
1443404870,1513.89,0.3,ASK
1443404870,1513.89,1.237,ASK
1443404870,1513.89,0.611,ASK
1443404870,1513.89,0.03,ASK
1443404871,1513.89,2.063,ASK
1443404871,1513.89,2.063,ASK
1443404871,1513.89,0.1,ASK
1443404871,1513.89,0.4454,ASK
1443404871,1512.74,0.03,ASK
1443404876,1512.79,0.587,BID
1443404877,1512.79,0.556,BID
1443404880,1513.27,0.259,BID
1443404884,1513.23,0.002,BID
1443404884,1513.28,0.05,BID
1443404884,1513.39,0.209,BID
1443404884,1513.58,0.0334,BID
1443404884,1513.87,0.015,BID
1443404884,1513.88,0.087,BID
1443404887,1513.58,0.081,ASK
1443404893,1513.58,1.0,ASK
1443404895,1513.58,0.216,ASK
1443404897,1513.58,0.3,ASK
1443404899,1513.66,0.002,ASK
1443404903,1513.05,0.04,BID
1443404903,1513.37,0.96,BID
1443404904,1513.37,0.04,BID
1443404905,1513.38,0.2494,ASK
1443404912,1513.57,0.001,BID
1443404913,1513.88,0.1,BID
1443404913,1513.86,0.001,ASK
1443404913,1513.39,0.009,ASK
1443404917,1513.88,0.463,BID
1443404917,1513.88,0.137,BID
1443404917,1513.88,0.408,BID
1443404921,1513.48,0.1,ASK
1443404921,1513.88,0.105,BID
1443404923,1513.49,0.0255,ASK
1443404923,1513.47,0.002,ASK
1443404923,1513.06,0.04,ASK
1443404923,1513.01,0.02,ASK
1443404923,1513.0,0.4,ASK
1443404925,1512.96,0.0218,BID
1443404948,1513.87,0.002,BID
1443404948,1513.98,0.0011,BID
1443404948,1513.99,0.015,BID
1443404948,1514.0,0.3,BID
1443404950,1514.01,0.0009,ASK
1443404950,1514.01,0.319,ASK
1443404978,1513.55,0.001,ASK
1443404987,1513.98,0.0159,BID
1443404987,1513.99,0.1331,BID
1443404987,1513.99,0.149,BID
1443404996,1513.55,0.001,ASK
1443405002,1513.53,0.1,BID
1443405002,1513.54,0.004,BID
1443405002,1513.54,0.0003,BID
1443405013,1513.63,0.002,ASK
1443405013,1513.37,0.002,ASK
1443405013,1513.12,0.006,ASK
1443405014,1513.64,0.01,ASK
1443405019,1513.48,0.001,ASK
1443405037,1513.99,0.0369,BID
1443405037,1514.0,0.05,BID
1443405037,1514.08,0.008,BID
1443405038,1514.09,0.0101,ASK
1443405045,1513.6,0.001,ASK
1443405061,1513.6,0.001,ASK
1443405088,1513.56,0.0011,ASK
1443405094,1513.64,0.002,ASK
1443405094,1513.58,0.001,ASK
1443405094,1513.56,0.0009,ASK
1443405094,1513.48,0.005,ASK
1443405094,1513.18,0.0011,ASK
1443405096,1514.1,0.002,BID
1443405096,1514.24,0.015,BID
1443405096,1514.25,0.083,BID
1443405096,1513.18,0.0009,ASK
1443405096,1513.13,0.0091,ASK
1443405108,1513.18,0.0011,BID
1443405108,1514.14,0.01,BID
1443405108,1514.15,0.004,BID
1443405108,1514.24,0.0108,BID
1443405108,1514.25,0.199,BID
1443405128,1513.25,0.0058,ASK
1443405137,1513.27,0.4998,ASK
1443405140,1513.26,0.0436,ASK
1443405140,1513.25,0.3914,ASK
1443405141,1514.24,0.01,BID
1443405141,1514.25,0.018,BID
1443405141,1514.37,0.002,BID
1443405141,1514.41,0.013,BID
1443405141,1514.48,0.0187,BID
1443405141,1514.49,0.5,BID
1443405141,1514.5,0.3,BID
1443405141,1514.52,0.016,BID
1443405141,1514.55,0.017,BID
1443405141,1514.64,0.013,BID
1443405141,1514.72,0.012,BID
1443405141,1514.72,0.014,BID
1443405141,1514.75,0.056,BID
1443405149,1513.26,0.0011,ASK
1443405163,1513.51,0.015,ASK
1443405164,1513.5,0.01,ASK
1443405167,1514.69,1.0,ASK
1443405167,1514.69,5.035,ASK
1443405170,1513.51,0.001,ASK
1443405183,1513.51,0.0135,ASK
1443405183,1513.5,0.2895,ASK
1443405185,1513.5,0.0005,ASK
1443405185,1513.34,0.002,ASK
1443405185,1513.34,0.002,ASK
1443405185,1513.28,0.0055,ASK
1443405186,1513.28,0.01,ASK
1443405188,1513.48,0.303,BID
1443405192,1513.49,0.172,ASK
1443405193,1513.49,0.042,ASK
1443405193,1513.49,0.089,ASK
1443405194,1513.48,0.002,BID
1443405194,1513.48,0.001,BID
1443405194,1513.29,0.0764,ASK
1443405194,1513.29,0.015,ASK
1443405194,1513.29,0.0155,ASK
1443405194,1513.25,0.0241,ASK
1443405212,1513.38,0.002,ASK
1443405212,1513.3,0.008,ASK
1443405214,1513.3,0.001,ASK
1443405214,1513.45,0.001,BID
1443405216,1513.31,18.561,ASK
1443405228,1513.38,0.002,ASK
1443405228,1513.3,0.008,ASK
1443405234,1513.3,0.001,ASK
1443405236,1513.43,0.001,BID
1443405254,1513.42,0.4998,BID
1443405254,1513.47,0.0142,BID
1443405255,1513.41,0.025,BID
1443405256,1513.43,0.4748,ASK
1443405257,1513.3,0.001,ASK
1443405257,1513.47,0.0115,BID
1443405257,1513.48,0.211,BID
1443405257,1513.48,0.303,BID
1443405258,1513.48,0.0142,ASK
1443405259,1513.48,0.478,ASK
1443405259,1513.46,0.001,ASK
1443405259,1513.31,0.0132,ASK
1443405260,1513.87,0.002,BID
1443405260,1513.9,0.008,BID
1443405273,1514.47,0.0201,BID
1443405273,1514.47,0.0132,BID
1443405273,1514.47,0.025,BID
1443405273,1514.48,0.0417,BID
1443405273,1513.3,0.001,ASK
1443405279,1513.46,0.001,ASK
1443405279,1513.37,0.002,ASK
1443405279,1513.32,0.007,ASK
1443405280,1513.32,0.01,ASK
1443405281,1513.3,0.0185,ASK
1443405286,1513.31,0.5094,ASK
1443405294,1513.31,0.8863,ASK
1443405308,1513.3,0.0615,ASK
1443405309,1513.25,0.018,ASK
1443405319,1513.29,0.001,BID
1443405335,1513.29,0.0605,BID
1443405335,1513.29,0.0013,BID
1443405339,1513.3,0.0618,ASK
1443405340,1513.29,0.0618,ASK
1443405342,1513.29,0.65,ASK
1443405343,1513.29,0.65,ASK
1443405345,1513.29,0.65,ASK
1443405345,1513.29,0.001,ASK
1443405346,1513.29,0.65,ASK
1443405347,1513.29,0.65,ASK
1443405348,1513.29,0.4815,ASK
1443405348,1513.28,0.001,ASK
1443405348,1513.28,0.1675,BID
1443405348,1513.36,0.3415,BID
1443405348,1513.36,0.1679,BID
1443405348,1513.37,0.002,BID
1443405349,1513.37,0.0255,ASK
1443405349,1513.37,0.2046,ASK
1443405349,1513.25,0.2579,ASK
1443405349,1513.21,0.0009,ASK
1443405349,1513.1,0.001,ASK
1443405349,1513.0,0.0171,ASK
1443405350,1513.26,0.0129,ASK
1443405350,1513.01,0.015,ASK
1443405350,1513.0,0.2022,ASK
1443405350,1513.28,0.202,BID
1443405366,1513.27,0.001,BID
1443405389,1513.25,0.0053,ASK
1443405389,1513.0,0.0807,ASK
1443405389,1512.96,0.089,ASK
1443405394,1513.27,0.0214,BID
1443405394,1513.28,0.1766,BID
1443405400,1512.97,0.01,ASK
1443405400,1512.96,0.188,ASK
1443405401,1513.27,0.0101,BID
1443405401,1513.28,0.2714,BID
1443405403,1513.36,3.1385,ASK
1443405404,1513.37,0.002,BID
1443405417,1513.25,0.001,ASK
1443405417,1512.97,0.009,ASK
1443405433,1513.25,0.0013,BID
1443405435,1513.33,0.0028,ASK
1443405435,1512.97,0.0072,ASK
1443405435,1513.34,0.0325,BID
1443405435,1513.35,0.0465,BID
1443405436,1512.97,0.01,ASK
1443405437,1513.34,0.018,BID
1443405437,1513.35,0.0145,BID
1443405438,1512.99,3.0,ASK
1443405438,1512.99,5.0,ASK
1443405438,1512.99,8.26,ASK
1443405451,1513.34,0.0011,BID
1443405455,1513.34,0.0111,BID
1443405455,1513.34,0.015,BID
1443405455,1513.35,0.4009,BID
1443405457,1513.35,0.1,BID
1443405459,1513.34,0.016,ASK
1443405461,1513.34,0.314,ASK
1443405462,1512.98,0.011,ASK
1443405462,1513.32,5.0,ASK
1443405462,1513.32,2.754,ASK
1443405470,1513.32,0.016,BID
1443405470,1513.33,0.33,BID
1443405470,1513.37,0.002,BID
1443405470,1513.44,0.001,BID
1443405470,1513.69,0.002,BID
1443405470,1513.75,0.002,BID
1443405470,1513.87,0.002,BID
1443405470,1513.99,0.015,BID
1443405470,1514.0,0.092,BID
1443405471,1513.33,0.001,ASK
1443405471,1512.97,0.1401,ASK
1443405472,1512.97,0.0453,BID
1443405472,1512.97,0.0111,BID
1443405479,1512.96,0.093,ASK
1443405480,1512.97,0.4884,ASK
1443405483,1512.97,0.0212,ASK
1443405483,1512.96,0.9788,ASK
1443405487,1512.96,0.126,ASK
1443405489,1512.97,0.001,ASK
1443405489,1512.96,0.499,ASK
1443405490,1512.96,0.126,ASK
1443405490,1512.96,0.01,ASK
1443405493,1512.96,0.4,ASK
1443405493,1512.96,1.0,ASK
1443405494,1512.96,0.4,ASK
1443405495,1513.0,0.008,ASK
1443405495,1512.96,0.136,ASK
1443405495,1512.96,1.041,ASK
1443405495,1512.96,0.6,ASK
1443405495,1512.96,0.6,ASK
1443405495,1513.32,0.066,ASK
1443405495,1512.96,0.3232,ASK
1443405496,1512.9,0.01,ASK
1443405498,1512.89,0.002,ASK
1443405498,1512.8,0.002,ASK
1443405498,1512.75,0.006,ASK
1443405499,1512.75,0.01,ASK
1443405499,1512.75,0.284,ASK
1443405503,1512.5,0.213,ASK
1443405503,1512.48,0.084,ASK
1443405505,1512.48,0.01,ASK
1443405506,1512.48,0.2031,ASK
1443405510,1512.47,0.0099,BID
1443405510,1512.49,0.213,BID
1443405510,1512.64,0.2281,BID
1443405513,1512.5,0.223,ASK
1443405513,1512.44,0.0014,ASK
1443405513,1512.19,0.004,ASK
1443405513,1512.1,0.3876,ASK
1443405517,1512.0,0.3,ASK
1443405517,1512.0,0.188,ASK
1443405519,1512.45,0.05,BID
1443405519,1512.46,0.5448,BID
1443405534,1512.64,0.001,ASK
1443405537,1512.07,0.01,BID
1443405537,1512.14,0.009,BID
1443405541,1512.37,0.383,ASK
1443405547,1512.87,0.002,BID
1443405547,1512.99,0.015,BID
1443405547,1513.0,0.3,BID
1443405549,1513.01,0.2,ASK
1443405550,1513.01,0.117,ASK
1443405550,1512.86,0.0032,ASK
1443405550,1512.46,0.001,ASK
1443405554,1512.46,0.1958,BID
1443405566,1512.96,0.001,BID
1443405587,1513.33,0.001,BID
1443405609,1513.0,0.4,ASK
1443405609,1513.0,0.1,ASK
1443405625,1513.32,0.6,ASK
1443405625,1513.32,0.6,ASK
1443405625,1513.32,0.457,ASK
1443405625,1513.32,0.418,ASK
1443405625,1513.32,0.09,ASK
1443405626,1513.32,0.893,ASK
1443405626,1513.32,0.5,ASK
1443405626,1513.32,0.015,ASK
1443405626,1513.32,0.4,ASK
1443405627,1513.32,0.5,ASK
1443405627,1513.32,1.927,ASK
1443405630,1512.53,0.09,BID
1443405631,1512.53,0.6611,BID
1443405632,1512.53,0.6611,BID
1443405633,1512.53,0.6611,BID
1443405634,1512.53,0.2347,BID
1443405637,1512.87,0.002,BID
1443405637,1513.26,0.098,BID
1443405665,1512.55,0.0213,ASK
1443405665,1512.55,0.0151,ASK
1443405665,1512.55,0.018,ASK
1443405665,1512.54,0.0076,ASK
1443405673,1512.54,0.14,ASK
1443405683,1513.25,0.001,ASK
1443405683,1512.54,0.009,ASK
1443405684,1512.54,0.03,ASK
1443405740,1512.64,0.002,ASK
1443405740,1512.56,0.9009,ASK
1443405740,1512.54,0.0971,ASK
1443405744,1513.26,0.001,ASK
1443405744,1512.54,0.009,ASK
1443405745,1512.54,0.01,ASK
1443405746,1512.55,0.0116,ASK
1443405746,1512.54,0.1237,ASK
1443405746,1512.54,0.6611,ASK
1443405746,1512.54,0.2036,ASK
1443405752,1513.24,0.0255,BID
1443405752,1513.25,0.1066,BID
1443405752,1512.62,0.002,ASK
1443405752,1512.54,0.008,ASK
1443405754,1512.54,1.0,ASK
1443405760,1512.56,0.9009,ASK
1443405760,1512.54,0.0991,ASK
1443405762,1513.25,0.0017,BID
1443405766,1512.62,0.002,ASK
1443405766,1512.55,0.008,ASK
1443405768,1512.55,0.0175,ASK
1443405768,1512.54,0.9825,ASK
1443405776,1512.54,1.0,ASK
1443405779,1513.22,0.0013,ASK
1443405779,1512.54,0.4987,ASK
1443405781,1512.54,0.3,ASK
1443405782,1512.62,0.002,ASK
1443405782,1512.54,0.998,ASK
1443405784,1512.54,0.01,ASK
1443405785,1512.54,1.0,ASK
1443405787,1512.54,0.244,ASK
1443405789,1512.54,0.501,ASK
1443405790,1512.54,0.4,ASK
1443405792,1512.54,1.0,ASK
1443405795,1512.54,0.4,ASK
1443405795,1513.18,0.0013,BID
1443405796,1512.54,0.48,ASK
1443405800,1512.62,0.002,ASK
1443405800,1512.54,0.998,ASK
1443405802,1512.54,9.755,ASK
1443405803,1512.54,0.047,ASK
1443405807,1512.54,1.0,ASK
1443405816,1513.17,0.0013,BID
1443405819,1512.62,0.002,ASK
1443405819,1512.54,2.9826,ASK
1443405822,1513.13,0.01,ASK
1443405823,1513.13,0.09,ASK
1443405823,1512.54,0.01,ASK
1443405823,1513.16,7.878,ASK
1443405825,1512.54,0.09,ASK
1443405834,1513.1,0.001,BID
1443405844,1513.09,0.198,BID
1443405863,1513.09,0.01,BID
1443405879,1513.11,0.001,BID
1443405900,1513.12,0.1,BID
1443405900,1513.16,0.0127,BID
1443405900,1513.36,0.004,BID
1443405900,1513.37,0.002,BID
1443405900,1513.49,0.015,BID
1443405900,1513.5,0.092,BID
1443405902,1513.1,0.001,ASK
1443405902,1512.62,0.002,ASK
1443405902,1512.55,0.007,ASK
1443405903,1512.55,0.009,ASK
1443405903,1512.54,0.001,ASK
1443405925,1513.1,0.001,ASK
1443405925,1512.62,0.002,ASK
1443405925,1512.54,0.007,ASK
1443405933,1513.33,0.004,BID
1443405933,1513.48,0.007,BID
1443405947,1513.08,0.184,BID
1443405963,1513.08,0.01,ASK
1443405965,1513.08,0.4,ASK
1443405967,1513.07,0.001,ASK
1443405967,1512.7,0.002,ASK
1443405967,1512.62,0.002,ASK
1443405967,1512.54,0.005,ASK
1443405981,1513.41,0.004,BID
1443405981,1513.49,0.0104,BID
1443405983,1513.49,0.4,ASK
1443405984,1513.49,0.41,ASK
1443405984,1513.49,0.111,ASK
1443405984,1513.49,0.111,ASK
1443405984,1513.49,0.123,ASK
1443405985,1513.49,0.4306,ASK
1443405985,1512.62,0.002,ASK
1443405985,1512.55,0.0104,ASK
1443405985,1512.54,0.057,ASK
