timestamp,price,amount,side
1444002458,1540.86,0.0014,BID
1444002465,1540.86,0.0686,BID
1444002465,1540.99,0.0314,BID
1444002472,1540.88,0.01,ASK
1444002480,1540.89,0.01,ASK
1444002489,1540.88,0.01,ASK
1444002501,1540.94,0.01,BID
1444002501,1540.94,0.025,BID
1444002501,1540.95,0.085,BID
1444002504,1540.95,0.0014,BID
1444002506,1540.88,0.05,ASK
1444002506,1540.87,0.01,ASK
1444002507,1540.87,0.05,ASK
1444002520,1540.87,0.0086,ASK
1444002528,1540.79,0.0046,BID
1444002548,1540.78,0.06,BID
1444002549,1540.79,0.0468,BID
1444002570,1540.94,0.008,BID
1444002594,1540.8,0.06,ASK
1444002595,1540.94,0.0012,BID
1444002610,1540.93,0.06,BID
1444002610,1540.94,0.0115,BID
1444002610,1540.95,0.4135,BID
1444002613,1540.95,0.0001,BID
1444002613,1540.98,0.0239,BID
1444002613,1540.99,0.3686,BID
1444002613,1540.99,0.0624,BID
1444002616,1540.99,0.0476,BID
1444002616,1540.99,0.0522,BID
1444002616,1541.0,0.3122,BID
1444002617,1541.0,0.0998,BID
1444002619,1541.0,0.8,BID
1444002620,1541.0,0.6489,BID
1444002621,1541.0,0.6489,BID
1444002625,1541.03,0.5253,ASK
1444002625,1541.02,0.6277,ASK
1444002625,1541.19,1.18,BID
1444002626,1541.19,0.11,BID
1444002626,1541.01,0.6489,ASK
1444002626,1541.01,0.0011,ASK
1444002627,1541.19,0.6488,BID
1444002628,1541.19,0.6488,BID
1444002629,1541.18,0.5253,BID
1444002629,1541.19,0.1235,BID
1444002631,1541.19,0.6488,BID
1444002656,1541.19,0.105,BID
1444002657,1541.19,0.6488,BID
1444002658,1541.17,0.2427,BID
1444002658,1541.19,0.4061,BID
1444002675,1541.18,0.0012,ASK
1444002675,1541.18,0.01,ASK
1444002675,1541.19,0.0054,BID
1444002682,1541.18,0.2315,ASK
1444002682,1541.14,0.06,ASK
1444002682,1541.02,0.0104,ASK
1444002682,1541.01,0.1089,ASK
1444002682,1541.01,0.11,ASK
1444002682,1540.82,0.0614,ASK
1444002682,1540.81,0.0071,ASK
1444002682,1540.81,1.153,ASK
1444002682,1540.8,0.2814,ASK
1444002688,1541.19,0.1,BID
1444002695,1541.17,0.001,BID
1444002715,1541.16,0.06,BID
1444002715,1541.17,0.0581,BID
1444002715,1541.18,0.2599,BID
1444002717,1541.18,0.055,BID
1444002719,1541.17,0.001,ASK
1444002725,1540.99,0.8,BID
1444002726,1540.99,0.6489,BID
1444002726,1540.99,1.0,BID
1444002727,1540.99,0.4,BID
1444002727,1540.99,0.6489,BID
1444002728,1540.99,0.01,BID
1444002728,1540.99,1.0222,BID
1444002738,1541.17,0.001,BID
1444002758,1541.03,0.008,ASK
1444002758,1541.17,0.0117,BID
1444002766,1541.17,0.002,ASK
1444002780,1541.16,0.01,BID
1444002783,1541.17,0.0021,BID
1444002785,1541.04,0.05,ASK
1444002785,1541.01,0.0649,ASK
1444002785,1541.0,0.6489,ASK
1444002785,1541.0,0.6489,ASK
1444002785,1540.8,1.0763,ASK
1444002785,1540.79,0.0132,ASK
1444002785,1540.7,10.5,ASK
1444002785,1540.61,0.001,ASK
1444002785,1540.61,0.001,ASK
1444002785,1540.61,0.001,ASK
1444002785,1540.61,0.001,ASK
1444002785,1540.61,0.001,ASK
1444002785,1540.61,0.001,ASK
1444002785,1540.61,0.001,ASK
1444002785,1540.61,0.001,ASK
1444002785,1540.61,0.001,ASK
1444002785,1540.6,0.001,ASK
1444002785,1540.6,0.001,ASK
1444002785,1540.6,0.001,ASK
1444002785,1540.6,0.001,ASK
1444002785,1540.59,0.001,ASK
1444002785,1540.59,0.001,ASK
1444002785,1540.57,0.002,ASK
1444002785,1540.51,0.001,ASK
1444002785,1540.5,0.001,ASK
1444002785,1540.5,0.001,ASK
1444002785,1540.5,0.001,ASK
1444002785,1540.49,0.001,ASK
1444002785,1540.45,0.001,ASK
1444002785,1540.4,0.0174,ASK
1444002785,1540.4,0.001,ASK
1444002785,1540.4,0.001,ASK
1444002785,1540.4,0.001,ASK
1444002785,1540.4,0.001,ASK
1444002785,1540.39,0.001,ASK
1444002785,1540.39,0.001,ASK
1444002785,1540.39,0.001,ASK
1444002785,1540.39,0.001,ASK
1444002785,1540.39,0.001,ASK
1444002785,1540.39,0.001,ASK
1444002785,1540.39,0.001,ASK
1444002785,1540.39,0.4,ASK
1444002785,1540.38,0.2121,ASK
1444002785,1540.38,0.001,ASK
1444002785,1540.37,0.056,ASK
1444002785,1540.37,0.001,ASK
1444002785,1540.36,0.001,ASK
1444002785,1540.35,0.0918,ASK
1444002785,1540.35,0.001,ASK
1444002785,1540.35,0.001,ASK
1444002785,1540.35,0.001,ASK
1444002785,1540.35,0.001,ASK
1444002785,1540.31,5.8517,ASK
1444002785,1540.3,0.001,ASK
1444002785,1540.3,0.001,ASK
1444002785,1540.3,0.001,ASK
1444002785,1540.3,0.001,ASK
1444002785,1540.29,0.001,ASK
1444002785,1540.26,0.001,ASK
1444002785,1540.26,0.001,ASK
1444002785,1540.26,0.001,ASK
1444002785,1540.26,0.001,ASK
1444002785,1540.17,0.001,ASK
1444002785,1540.13,0.001,ASK
1444002785,1540.13,0.001,ASK
1444002785,1540.13,0.001,ASK
1444002785,1540.13,0.001,ASK
1444002785,1540.12,0.001,ASK
1444002785,1540.12,0.001,ASK
1444002785,1540.12,0.001,ASK
1444002785,1540.11,0.7571,ASK
1444002785,1540.1,0.1,ASK
1444002785,1540.0,0.6656,ASK
1444002785,1540.0,6.1318,ASK
1444002785,1540.0,0.3,ASK
1444002785,1540.0,3.2534,ASK
1444002785,1540.0,0.1029,ASK
1444002786,1541.07,0.05,ASK
1444002788,1541.16,13.112,ASK
1444002791,1541.08,0.01,ASK
1444002794,1540.99,0.0145,BID
1444002794,1541.0,0.2895,BID
1444002805,1540.99,0.0046,BID
1444002828,1540.99,0.0554,BID
1444002852,1540.99,0.0022,BID
1444002854,1540.92,0.01,BID
1444002858,1540.99,0.0024,BID
1444002858,1541.0,0.0005,BID
1444002858,1541.0,0.7319,BID
1444002865,1541.0,0.01,BID
1444002867,1540.94,0.1254,BID
1444002867,1541.0,0.2366,BID
1444002872,1541.0,0.0005,BID
1444002872,1541.0,0.5995,BID
1444002875,1540.99,0.0155,BID
1444002875,1540.99,0.0236,BID
1444002875,1541.0,0.4709,BID
1444002879,1540.99,0.001,BID
1444002899,1540.99,0.001,BID
1444002918,1540.99,0.001,BID
1444002938,1540.97,0.001,BID
1444002942,1540.97,0.01,BID
1444002949,1540.97,0.2089,BID
1444002949,1540.98,0.834,BID
1444002949,1540.99,0.5071,BID
1444002951,1540.98,2.0,BID
1444002951,1540.98,7.338,BID
1444002968,1540.97,0.0039,ASK
1444002987,1540.91,0.0061,BID
1444002987,1540.97,0.0216,BID
1444003010,1540.96,0.001,BID
1444003033,1540.95,0.002,BID
1444003045,1540.69,0.06,ASK
1444003048,1540.69,1.025,BID
1444003051,1540.68,0.06,BID
1444003051,1540.69,0.212,BID
1444003051,1540.69,0.06,BID
1444003053,1540.95,0.001,BID
1444003078,1540.95,0.001,BID
1444003101,1540.95,0.0015,BID
1444003115,1540.95,0.01,BID
1444003117,1540.95,0.0379,BID
1444003117,1540.95,0.0113,BID
1444003117,1540.96,0.0008,BID
1444003124,1540.94,0.0073,BID
1444003131,1540.69,0.06,ASK
1444003131,1540.63,0.001,ASK
1444003136,1540.63,1.074,BID
1444003137,1540.63,0.6491,BID
1444003138,1540.63,0.6491,BID
1444003139,1540.63,0.539,BID
1444003139,1540.62,0.6491,BID
1444003140,1540.62,0.1997,BID
1444003140,1540.63,0.3471,BID
1444003148,1540.94,0.001,BID
1444003159,1540.93,0.044,BID
1444003180,1540.94,0.01,BID
1444003194,1540.94,0.001,BID
1444003205,1540.93,0.02,BID
1444003205,1540.94,0.0321,BID
1444003207,1540.97,5.3825,BID
1444003207,1540.99,0.4,BID
1444003207,1541.0,0.6975,BID
1444003213,1540.94,1.2458,ASK
1444003213,1540.67,0.04,ASK
1444003213,1540.65,0.093,ASK
1444003213,1540.64,0.1023,ASK
1444003213,1540.64,0.4,ASK
1444003213,1540.64,1.3578,ASK
1444003213,1540.64,0.0325,ASK
1444003213,1540.63,0.6491,ASK
1444003213,1540.6,0.001,ASK
1444003213,1540.6,3.1241,ASK
1444003222,1540.94,0.02,ASK
1444003225,1540.94,0.01,BID
1444003228,1540.94,0.02,BID
1444003240,1540.94,0.002,BID
1444003251,1540.93,0.01,BID
1444003263,1540.93,0.0321,BID
1444003279,1540.93,0.01,BID
1444003280,1540.94,0.01,BID
1444003314,1540.94,0.001,BID
1444003337,1540.94,0.001,BID
1444003344,1540.94,0.01,BID
1444003345,1540.94,0.01,BID
1444003356,1540.94,0.0013,BID
1444003376,1540.94,0.0267,BID
1444003377,1540.93,11.0,BID
1444003377,1540.93,0.54,BID
1444003378,1540.94,0.104,BID
1444003378,1540.94,0.05,BID
1444003378,1540.94,0.05,BID
1444003396,1540.98,0.0354,BID
1444003396,1540.98,0.0325,BID
1444003396,1540.99,0.075,BID
1444003397,1540.99,0.0679,BID
1444003399,1540.98,0.0576,BID
1444003399,1540.99,0.0473,BID
1444003400,1540.95,0.0267,ASK
1444003400,1540.95,0.0054,ASK
1444003400,1540.99,0.6489,BID
1444003401,1540.98,0.0015,ASK
1444003401,1540.95,0.1986,ASK
1444003401,1540.94,0.0306,ASK
1444003401,1540.99,0.129,BID
1444003402,1540.94,0.0694,ASK
1444003404,1540.94,0.06,BID
1444003405,1540.94,0.1013,BID
1444003405,1540.99,0.3897,BID
1444003405,1541.0,4.5989,BID
1444003408,1541.0,0.01,BID
1444003409,1540.96,18.0,BID
1444003409,1540.96,1.347,BID
1444003411,1541.0,0.0919,BID
1444003412,1541.0,0.6489,BID
1444003413,1541.0,0.114,BID
1444003413,1541.0,0.6489,BID
1444003413,1541.0,1.6505,BID
1444003413,1541.0,0.06,ASK
1444003416,1541.09,0.001,BID
1444003416,1541.1,0.001,BID
1444003416,1541.1,0.001,BID
1444003416,1541.1,0.001,BID
1444003416,1541.1,0.001,BID
1444003416,1541.1,0.001,BID
1444003416,1541.1,0.001,BID
1444003416,1541.14,0.002,BID
1444003416,1541.19,1.171,BID
1444003437,1541.19,0.01,BID
1444003441,1541.05,0.05,ASK
1444003447,1541.04,0.049,ASK
1444003448,1541.04,0.011,ASK
1444003451,1541.03,0.0038,BID
1444003473,1540.95,0.001,ASK
1444003480,1541.01,0.001,ASK
1444003480,1540.95,0.159,ASK
1444003492,1540.95,0.0013,ASK
1444003492,1540.72,0.0572,ASK
1444003492,1540.71,1.1215,ASK
1444003494,1540.72,0.1,ASK
1444003494,1540.71,0.2365,ASK
1444003494,1540.6,0.8435,ASK
1444003496,1541.0,0.001,BID
1444003543,1540.95,0.0031,ASK
1444003544,1540.94,0.0469,BID
1444003551,1541.0,0.001,ASK
1444003562,1541.03,0.0452,BID
1444003562,1541.17,0.0572,BID
1444003562,1541.18,0.0026,BID
1444003564,1541.07,0.06,ASK
1444003565,1541.07,0.001,ASK
1444003569,1541.18,0.105,BID
1444003571,1541.18,0.6489,BID
1444003572,1541.18,0.6015,BID
1444003572,1541.19,0.0474,BID
1444003573,1541.19,0.6489,BID
1444003575,1541.11,0.001,ASK
1444003583,1541.19,0.01,BID
1444003588,1541.19,1.18,BID
1444003589,1541.19,0.6488,BID
1444003590,1541.19,0.6488,BID
1444003591,1541.19,0.9099,BID
1444003591,1541.19,0.001,BID
1444003591,1541.19,0.001,BID
1444003591,1541.19,0.2681,BID
1444003591,1541.19,0.6488,BID
1444003592,1541.19,0.6488,BID
1444003593,1541.19,0.6488,BID
1444003594,1541.19,0.6488,BID
1444003595,1541.19,0.6488,BID
1444003596,1541.19,0.6488,BID
1444003597,1541.19,0.6488,BID
1444003598,1541.19,0.6488,BID
1444003599,1541.19,0.6488,BID
1444003600,1541.19,0.6488,BID
1444003601,1541.19,0.6488,BID
1444003606,1541.1,0.001,BID
1444003607,1541.1,0.0257,BID
1444003630,1541.14,0.001,BID
1444003630,1541.19,0.0026,BID
1444003631,1541.13,9.469,BID
1444003651,1541.12,0.0031,ASK
1444003651,1541.18,0.0041,BID
1444003670,1541.18,0.0259,BID
1444003670,1541.19,0.064,BID
1444003671,1541.19,0.4,BID
1444003671,1541.19,0.461,BID
1444003671,1541.19,0.0259,BID
1444003676,1541.12,0.001,ASK
1444003681,1541.19,0.065,BID
1444003687,1541.19,0.133,BID
1444003691,1541.19,0.115,BID
1444003692,1541.18,0.001,ASK
1444003692,1541.14,0.1,ASK
1444003693,1541.13,0.059,BID
1444003697,1541.14,0.001,ASK
1444003697,1541.14,0.059,ASK
1444003701,1541.13,0.001,BID
1444003701,1541.22,0.068,BID
1444003702,1541.11,0.0267,ASK
1444003704,1541.1,0.0003,BID
1444003704,1541.1,0.0267,BID
1444003704,1541.18,0.001,BID
1444003704,1541.22,0.104,BID
1444003704,1541.09,0.001,BID
1444003705,1541.09,0.027,BID
1444003725,1541.11,0.0701,ASK
1444003725,1541.1,1.1099,ASK
1444003726,1541.1,0.65,ASK
1444003728,1541.11,0.0073,ASK
1444003740,1541.2,0.04,BID
1444003740,1541.21,0.0711,BID
1444003741,1541.22,0.132,BID
1444003747,1541.22,0.1089,BID
1444003749,1541.22,0.6488,BID
1444003750,1541.22,0.2126,BID
1444003754,1541.22,0.4,BID
1444003754,1541.22,0.6,BID
1444003755,1541.22,3.781,BID
1444003756,1541.21,0.0015,ASK
1444003756,1541.22,0.2,BID
1444003757,1541.22,1.18,BID
1444003759,1541.22,0.2,BID
1444003760,1541.22,0.112,BID
1444003760,1541.22,0.2,BID
1444003761,1541.22,0.227,BID
1444003765,1541.22,0.6,BID
1444003766,1541.22,0.01,BID
1444003767,1541.22,0.173,BID
1444003768,1541.22,0.2,BID
1444003769,1541.22,0.6,BID
1444003769,1541.22,0.6,BID
1444003769,1541.22,1.0,BID
1444003770,1541.22,0.023,BID
1444003771,1541.22,0.3016,BID
1444003771,1541.23,0.001,BID
1444003771,1541.23,0.001,BID
1444003771,1541.23,0.001,BID
1444003771,1541.23,0.001,BID
1444003772,1541.24,0.001,BID
1444003772,1541.24,0.001,BID
1444003772,1541.25,0.3226,BID
1444003772,1541.25,0.2,BID
1444003772,1541.25,0.6,BID
1444003774,1541.25,0.382,BID
1444003778,1541.23,0.1544,ASK
1444003778,1541.22,0.0214,ASK
1444003778,1541.21,0.3874,ASK
1444003778,1541.21,0.04,ASK
1444003778,1541.21,0.001,ASK
1444003778,1541.2,0.06,ASK
1444003781,1541.18,0.01,BID
1444003785,1541.18,0.2,BID
1444003786,1541.18,0.6,BID
1444003787,1541.18,0.043,BID
1444003789,1541.18,1.18,BID
1444003789,1541.18,0.001,BID
1444003790,1541.18,0.1,BID
1444003790,1541.18,0.0594,BID
1444003791,1541.18,0.4,BID
1444003792,1541.17,0.06,BID
1444003792,1541.18,0.64,BID
1444003797,1541.18,0.6,BID
1444003804,1541.18,0.055,BID
1444003805,1541.18,0.018,BID
1444003807,1541.18,0.1,BID
1444003807,1541.18,0.4,BID
1444003807,1541.18,0.055,BID
1444003811,1541.18,0.002,BID
1444003812,1541.18,0.227,BID
1444003813,1541.18,0.195,BID
1444003813,1541.18,0.1,BID
1444003814,1541.18,0.1,BID
1444003815,1541.18,0.2,BID
1444003817,1541.18,0.5,BID
1444003817,1541.18,0.1,BID
1444003821,1541.18,0.2,BID
1444003821,1541.18,0.1,BID
1444003821,1541.18,0.5,BID
1444003821,1541.18,0.2,BID
1444003824,1541.18,0.5,BID
1444003824,1541.18,0.1,BID
1444003825,1541.18,0.2,BID
1444003825,1541.18,0.399,BID
1444003826,1541.18,0.5,BID
1444003828,1541.18,0.1728,BID
1444003829,1541.18,0.1,BID
1444003832,1541.18,0.01,BID
1444003833,1541.18,0.144,BID
1444003833,1541.18,0.144,BID
1444003833,1541.18,0.144,BID
1444003833,1541.18,0.144,BID
1444003834,1541.18,0.644,BID
1444003834,1541.18,9.193,BID
1444003835,1541.18,0.001,BID
1444003836,1541.18,0.2,BID
1444003837,1541.18,0.495,BID
1444003837,1541.18,0.495,BID
1444003837,1541.18,0.2165,BID
1444003838,1541.18,0.283,BID
1444003838,1541.18,0.283,BID
1444003839,1541.18,0.629,BID
1444003847,1541.18,0.5,BID
1444003847,1541.18,0.0024,BID
1444003847,1541.18,0.01,BID
1444003853,1541.18,0.02,BID
1444003855,1541.18,0.001,BID
1444003859,1541.18,0.01,BID
1444003859,1541.18,0.01,BID
1444003861,1541.18,0.01,BID
1444003864,1541.18,0.208,BID
1444003869,1541.18,0.463,BID
1444003872,1541.18,0.19,BID
1444003873,1541.18,0.4,BID
1444003875,1541.18,0.0054,BID
1444003884,1541.22,0.1544,BID
1444003887,1541.24,0.0214,BID
1444003892,1541.25,0.1,BID
1444003893,1541.25,0.2364,BID
1444003893,1541.25,0.183,BID
1444003895,1541.25,0.135,BID
1444003898,1541.25,1.0,BID
1444003899,1541.25,0.626,BID
1444003918,1541.22,0.1646,ASK
1444003918,1541.22,0.0011,ASK
1444003921,1541.18,0.13,BID
1444003925,1541.18,0.05,BID
1444003926,1541.18,0.1,BID
1444003928,1541.18,0.0012,BID
1444003935,1541.18,0.1,BID
1444003935,1541.18,0.071,BID
1444003936,1541.18,0.118,BID
1444003936,1541.18,0.118,BID
1444003938,1541.18,0.01,BID
1444003940,1541.18,0.197,BID
1444003941,1541.18,0.197,BID
1444003949,1541.18,0.01,BID
1444003950,1541.18,0.001,BID
1444003963,1541.18,0.01,BID
1444003969,1541.18,0.0013,BID
1444003971,1541.18,0.2,BID
1444003979,1540.84,0.052,ASK
1444003983,1541.17,0.01,BID
1444003992,1541.17,0.0013,BID
1444004012,1541.17,0.0034,BID
1444004022,1540.83,0.06,ASK
1444004022,1540.82,0.04,ASK
1444004025,1540.82,0.46,ASK
1444004036,1541.16,0.008,BID
1444004071,1541.15,0.0039,ASK
1444004081,1540.79,0.47,ASK
1444004084,1541.07,0.03,BID
1444004085,1540.8,0.01,ASK
1444004085,1540.79,0.29,ASK
1444004091,1540.79,0.255,ASK
1444004092,1540.79,0.255,ASK
1444004093,1540.79,0.0884,ASK
1444004099,1540.78,0.2546,BID
1444004105,1541.06,0.06,BID
1444004105,1541.15,0.002,BID
1444004105,1541.17,0.438,BID
1444004109,1540.95,0.055,ASK
1444004112,1540.78,0.0018,BID
1444004159,1540.93,0.008,BID
1444004182,1540.93,0.0037,BID
1444004188,1540.65,0.06,ASK
1444004188,1540.64,0.002,ASK
1444004188,1540.62,0.0605,ASK
1444004188,1540.61,0.1295,ASK
1444004202,1540.93,0.003,BID
1444004221,1540.92,0.0015,BID
1444004245,1540.91,0.001,BID
1444004268,1540.91,0.001,BID
1444004289,1540.91,0.0018,BID
1444004309,1540.91,0.001,BID
1444004313,1540.91,0.0552,BID
1444004314,1540.94,0.055,BID
1444004335,1541.05,0.4,ASK
1444004335,1541.05,0.3,ASK
1444004336,1541.05,0.65,ASK
1444004346,1541.06,0.06,ASK
1444004346,1541.05,0.0243,ASK
1444004346,1540.94,0.001,ASK
1444004348,1540.68,0.3,BID
1444004349,1540.68,0.6491,BID
1444004351,1540.68,0.634,BID
1444004352,1540.68,0.0334,BID
1444004355,1540.67,0.0014,BID
1444004357,1540.67,0.0014,BID
1444004358,1540.67,0.001,BID
1444004358,1540.62,0.4,ASK
1444004358,1540.61,0.78,ASK
1444004359,1540.61,0.2435,ASK
1444004359,1540.61,0.0872,ASK
1444004359,1540.61,0.0014,BID
1444004360,1540.61,0.1234,BID
1444004360,1540.67,0.2156,BID
1444004361,1540.61,0.003,BID
1444004361,1540.67,0.0531,BID
1444004363,1540.65,0.0014,BID
1444004365,1540.65,0.0014,BID
1444004366,1540.65,0.0014,BID
1444004369,1540.6,0.004,ASK
1444004371,1540.65,0.0014,BID
1444004374,1540.65,0.0014,BID
1444004375,1540.61,0.003,ASK
1444004377,1540.64,3.0,ASK
1444004377,1540.64,3.0,ASK
1444004377,1540.64,7.453,ASK
1444004383,1540.66,0.0014,BID
1444004383,1540.66,0.0337,BID
1444004383,1540.67,0.6479,BID
1444004383,1540.68,0.05,BID
1444004385,1540.71,4.0,BID
1444004385,1540.71,2.04,BID
1444004400,1540.74,0.06,ASK
1444004401,1540.74,0.06,ASK
1444004406,1540.71,0.0014,ASK
1444004406,1540.7,0.0086,ASK
1444004407,1540.72,0.0014,BID
1444004409,1540.7,0.004,ASK
1444004411,1540.72,0.001,BID
1444004412,1540.72,0.0014,BID
1444004414,1540.72,0.0014,BID
1444004415,1540.72,0.0093,BID
1444004415,1540.72,0.0139,BID
1444004415,1540.73,0.5768,BID
1444004419,1540.71,0.003,ASK
1444004433,1540.73,0.0029,BID
1444004434,1540.72,0.1465,ASK
1444004435,1540.72,0.65,ASK
1444004436,1540.72,0.65,ASK
1444004437,1540.72,0.65,ASK
1444004438,1540.72,0.65,ASK
1444004439,1540.72,0.65,ASK
1444004440,1540.72,0.65,ASK
1444004441,1540.72,0.65,ASK
1444004442,1540.72,0.65,ASK
1444004443,1540.72,0.65,ASK
1444004444,1540.72,0.1596,ASK
1444004444,1540.71,0.1509,ASK
1444004453,1540.71,0.001,BID
1444004456,1540.71,0.0014,BID
1444004458,1540.71,0.3371,BID
1444004458,1540.71,0.4011,BID
1444004459,1540.71,0.2489,BID
1444004465,1540.72,0.4002,ASK
1444004465,1540.72,0.4778,ASK
1444004466,1540.72,0.1713,ASK
1444004466,1540.7,6.2219,ASK
1444004466,1540.73,0.0014,BID
1444004480,1540.73,0.0014,BID
1444004484,1540.71,0.0014,ASK
1444004484,1540.71,0.0026,ASK
1444004484,1540.73,0.01,BID
1444004490,1540.73,0.039,BID
1444004490,1540.73,0.0185,BID
1444004490,1540.76,0.06,BID
1444004491,1540.9,0.06,BID
1444004518,1541.04,0.0241,BID
1444004518,1541.05,0.06,BID
1444004518,1541.13,0.002,BID
1444004518,1541.23,0.0365,BID
1444004532,1541.07,0.0014,ASK
1444004533,1541.07,0.0586,ASK
1444004533,1541.05,0.0014,ASK
1444004535,1541.05,0.0227,ASK
1444004535,1541.04,0.0058,ASK
1444004535,1541.01,0.9942,ASK
1444004535,1541.05,0.3773,BID
1444004535,1541.06,0.06,BID
1444004535,1541.06,0.088,ASK
1444004544,1541.05,0.1344,BID
1444004545,1541.05,0.1776,BID
1444004545,1541.06,0.06,BID
1444004553,1541.06,0.001,ASK
1444004560,1541.07,0.0323,ASK
1444004567,1541.07,0.0277,ASK
1444004567,1541.06,0.0734,ASK
1444004567,1541.06,0.3119,ASK
1444004568,1541.06,0.0001,ASK
1444004570,1541.04,0.0018,ASK
1444004574,1540.91,0.06,ASK
1444004574,1540.88,0.0014,ASK
1444004585,1540.89,0.001,BID
1444004604,1540.81,0.0014,ASK
1444004604,1540.77,0.0385,ASK
1444004604,1540.74,0.0575,ASK
1444004604,1540.74,0.0365,ASK
1444004604,1540.74,0.0401,ASK
1444004604,1540.73,0.2402,ASK
1444004607,1540.73,0.003,ASK
1444004612,1540.79,0.0014,ASK
1444004612,1540.76,0.0015,BID
1444004612,1540.89,0.0013,BID
1444004613,1540.89,0.0577,BID
1444004613,1540.9,0.06,BID
1444004633,1541.0,0.0028,ASK
1444004650,1541.03,0.0206,BID
1444004650,1541.04,0.4112,BID
1444004650,1541.06,0.0276,BID
1444004650,1541.15,0.023,BID
1444004650,1541.15,0.0576,BID
1444004650,1541.16,0.06,BID
1444004650,1541.16,0.4,BID
1444004650,1541.16,1.153,BID
1444004650,1541.17,8.227,BID
1444004653,1541.16,13.795,BID
1444004655,1541.04,0.0206,ASK
1444004655,1541.02,0.001,ASK
1444004655,1541.01,0.0206,ASK
1444004655,1541.01,0.0576,ASK
1444004655,1541.01,0.0172,ASK
1444004665,1541.01,0.0058,ASK
1444004665,1541.01,0.1433,ASK
1444004665,1541.0,0.5429,ASK
1444004665,1541.0,0.1,ASK
1444004666,1541.01,0.001,BID
1444004668,1541.0,4.0,ASK
1444004686,1541.0,0.001,ASK
1444004692,1541.02,0.001,ASK
1444004692,1541.0,0.059,ASK
1444004698,1541.03,0.0206,BID
1444004698,1541.16,0.0954,BID
1444004698,1541.16,0.0477,BID
1444004698,1541.16,0.0477,BID
1444004698,1541.17,0.9686,BID
1444004710,1541.05,0.0018,ASK
1444004727,1541.08,0.0014,ASK
1444004727,1541.05,0.0582,ASK
1444004727,1541.04,0.0206,ASK
1444004727,1541.02,0.001,ASK
1444004727,1541.02,0.0475,ASK
1444004727,1541.01,0.3583,ASK
1444004736,1541.04,0.001,BID
1444004743,1541.04,0.008,BID
1444004757,1541.01,0.06,ASK
1444004759,1541.01,0.001,ASK
1444004762,1541.03,0.0024,ASK
1444004762,1541.01,0.0076,ASK
1444004784,1541.01,0.001,ASK
1444004788,1541.03,0.0032,ASK
1444004788,1541.01,0.2598,ASK
1444004799,1541.04,0.0492,BID
1444004799,1541.06,0.06,BID
1444004799,1541.19,0.001,BID
1444004799,1541.24,0.1774,BID
1444004799,1541.25,3.5481,BID
1444004799,1541.26,0.001,BID
1444004799,1541.26,0.001,BID
1444004799,1541.27,0.001,BID
1444004799,1541.27,0.001,BID
1444004799,1541.28,0.001,BID
1444004799,1541.29,0.001,BID
1444004799,1541.3,0.001,BID
1444004799,1541.3,0.001,BID
1444004799,1541.3,0.001,BID
1444004799,1541.3,0.001,BID
1444004799,1541.31,0.001,BID
1444004799,1541.33,0.001,BID
1444004799,1541.33,0.001,BID
1444004799,1541.35,0.001,BID
1444004799,1541.35,0.001,BID
1444004799,1541.35,0.001,BID
1444004799,1541.35,0.001,BID
1444004799,1541.35,0.001,BID
1444004799,1541.35,0.001,BID
1444004799,1541.35,0.001,BID
1444004799,1541.35,0.001,BID
1444004799,1541.36,0.001,BID
1444004799,1541.36,0.001,BID
1444004799,1541.36,0.001,BID
1444004799,1541.39,0.001,BID
1444004799,1541.45,0.001,BID
1444004799,1541.46,0.001,BID
1444004799,1541.46,0.001,BID
1444004799,1541.46,0.001,BID
1444004799,1541.46,0.001,BID
1444004799,1541.47,0.001,BID
1444004799,1541.49,0.002,BID
1444004799,1541.52,0.163,BID
1444004799,1541.55,0.001,BID
1444004799,1541.55,0.001,BID
1444004799,1541.56,0.001,BID
1444004799,1541.57,0.001,BID
1444004799,1541.57,0.001,BID
1444004799,1541.59,0.001,BID
1444004799,1541.59,0.001,BID
1444004799,1541.59,0.001,BID
1444004799,1541.59,0.001,BID
1444004799,1541.59,0.001,BID
1444004799,1541.59,0.001,BID
1444004799,1541.59,0.001,BID
1444004799,1541.6,0.001,BID
1444004799,1541.6,0.001,BID
1444004799,1541.6,0.001,BID
1444004799,1541.65,0.001,BID
1444004799,1541.65,0.001,BID
1444004799,1541.7,0.001,BID
1444004799,1541.7,0.001,BID
1444004799,1541.7,0.001,BID
1444004799,1541.71,0.001,BID
1444004799,1541.72,0.001,BID
1444004799,1541.74,0.001,BID
1444004799,1541.74,0.001,BID
1444004799,1541.74,0.001,BID
1444004799,1541.77,0.001,BID
1444004799,1541.79,0.001,BID
1444004799,1541.79,0.001,BID
1444004799,1541.79,0.001,BID
1444004799,1541.79,0.001,BID
1444004799,1541.79,0.001,BID
1444004799,1541.79,0.001,BID
1444004799,1541.79,0.001,BID
1444004799,1541.79,0.001,BID
1444004799,1541.79,0.001,BID
1444004799,1541.79,0.001,BID
1444004799,1541.79,0.001,BID
1444004799,1541.8,0.001,BID
1444004799,1541.8,0.001,BID
1444004799,1541.8,0.001,BID
1444004799,1541.8,0.001,BID
1444004799,1541.8,0.001,BID
1444004799,1541.8,0.001,BID
1444004799,1541.81,0.001,BID
1444004799,1541.81,0.001,BID
1444004799,1541.81,0.001,BID
1444004799,1541.81,0.001,BID
1444004799,1541.81,0.001,BID
1444004799,1541.81,0.001,BID
1444004799,1541.81,0.001,BID
1444004799,1541.81,0.001,BID
1444004799,1541.81,0.001,BID
1444004799,1541.81,0.001,BID
1444004799,1541.81,0.163,BID
1444004799,1541.82,0.001,BID
1444004799,1541.82,0.001,BID
1444004799,1541.83,0.001,BID
1444004799,1541.83,0.001,BID
1444004799,1541.83,0.001,BID
1444004799,1541.84,0.001,BID
1444004799,1541.84,0.001,BID
1444004799,1541.84,0.001,BID
1444004799,1541.85,0.001,BID
1444004799,1541.85,0.001,BID
1444004799,1541.85,0.001,BID
1444004799,1541.85,0.001,BID
1444004799,1541.85,0.001,BID
1444004799,1541.85,0.001,BID
1444004799,1541.85,0.001,BID
1444004799,1541.85,0.001,BID
1444004799,1541.87,0.001,BID
1444004799,1541.87,0.001,BID
1444004799,1541.87,0.001,BID
1444004799,1541.87,0.001,BID
1444004799,1541.87,0.001,BID
1444004799,1541.88,0.001,BID
1444004799,1541.88,0.001,BID
1444004799,1541.89,0.001,BID
1444004799,1541.89,0.001,BID
1444004799,1541.89,0.001,BID
1444004799,1541.89,0.001,BID
1444004799,1541.89,0.001,BID
1444004799,1541.89,0.001,BID
1444004799,1541.89,0.001,BID
1444004799,1541.89,0.001,BID
1444004799,1541.89,0.001,BID
1444004799,1541.89,0.001,BID
1444004799,1541.89,0.001,BID
1444004799,1541.9,0.001,BID
1444004799,1541.9,0.001,BID
1444004799,1541.9,0.001,BID
1444004799,1541.91,0.001,BID
1444004799,1541.92,0.001,BID
1444004799,1541.92,0.001,BID
1444004799,1541.93,0.001,BID
1444004799,1541.94,0.1,BID
1444004799,1541.95,0.001,BID
1444004799,1541.98,0.001,BID
1444004799,1541.99,0.001,BID
1444004799,1541.99,0.001,BID
1444004799,1541.99,0.001,BID
1444004799,1541.99,0.001,BID
1444004799,1541.99,0.001,BID
1444004799,1541.99,0.001,BID
1444004799,1541.99,0.001,BID
1444004799,1542.0,0.01,BID
1444004799,1542.0,0.3,BID
1444004799,1542.0,0.001,BID
1444004799,1542.0,2.2336,BID
1444004799,1542.03,0.001,BID
1444004799,1542.03,0.001,BID
1444004799,1542.04,0.001,BID
1444004799,1542.04,0.001,BID
1444004799,1542.04,0.001,BID
1444004799,1542.04,0.001,BID
1444004799,1542.05,0.001,BID
1444004799,1542.05,0.001,BID
1444004799,1542.05,0.001,BID
1444004799,1542.05,0.001,BID
1444004799,1542.11,0.004,BID
1444004799,1542.15,0.001,BID
1444004799,1542.15,0.001,BID
1444004799,1542.15,0.001,BID
1444004799,1542.18,0.001,BID
1444004799,1542.27,0.001,BID
1444004799,1542.28,0.3685,BID
1444004799,1542.28,0.001,BID
1444004799,1542.28,0.001,BID
1444004799,1542.28,0.001,BID
1444004799,1542.3,0.2867,BID
1444004799,1542.3,2.0,BID
1444004799,1542.31,0.0715,BID
1444004799,1542.32,0.002,BID
1444004799,1542.33,0.001,BID
1444004799,1542.33,0.001,BID
1444004799,1542.34,0.001,BID
1444004799,1542.36,0.001,BID
1444004799,1542.36,0.001,BID
1444004799,1542.36,0.001,BID
1444004799,1542.36,0.001,BID
1444004799,1542.36,0.001,BID
1444004799,1542.37,0.001,BID
1444004799,1542.38,0.001,BID
1444004799,1542.38,0.001,BID
1444004799,1542.4,0.001,BID
1444004799,1542.46,0.005,BID
1444004799,1542.46,0.001,BID
1444004799,1542.5,0.001,BID
1444004799,1542.5,0.001,BID
1444004799,1542.54,0.001,BID
1444004799,1542.57,0.001,BID
1444004799,1542.57,0.001,BID
1444004799,1542.57,0.001,BID
1444004799,1542.58,0.001,BID
1444004799,1542.65,0.002,BID
1444004799,1542.65,0.227,BID
1444004799,1542.67,0.001,BID
1444004799,1542.67,0.001,BID
1444004799,1542.67,0.001,BID
1444004799,1542.67,0.001,BID
1444004799,1542.72,0.001,BID
1444004799,1542.72,0.001,BID
1444004799,1542.73,0.001,BID
1444004799,1542.73,0.001,BID
1444004799,1542.73,0.001,BID
1444004799,1542.73,0.001,BID
1444004799,1542.78,0.001,BID
1444004799,1542.78,0.001,BID
1444004799,1542.78,0.001,BID
1444004799,1542.81,0.001,BID
1444004799,1542.81,0.001,BID
1444004799,1542.82,0.001,BID
1444004799,1542.85,0.001,BID
1444004799,1542.86,0.001,BID
1444004799,1542.86,0.001,BID
1444004799,1542.87,0.001,BID
1444004799,1542.87,0.001,BID
1444004799,1542.88,0.001,BID
1444004799,1542.88,0.001,BID
1444004799,1542.88,0.001,BID
1444004799,1542.88,0.001,BID
1444004799,1542.88,0.001,BID
1444004799,1542.88,0.001,BID
1444004799,1542.9,0.001,BID
1444004799,1542.92,0.001,BID
1444004799,1542.92,2.497,BID
1444004801,1542.91,16.0,BID
1444004801,1542.91,3.265,BID
1444004802,1541.06,6.0,BID
1444004802,1541.06,2.296,BID
1444004804,1541.09,0.002,ASK
1444004804,1541.09,0.002,ASK
1444004804,1541.07,0.004,ASK
1444004804,1541.07,0.001,ASK
1444004804,1541.05,0.0492,ASK
1444004804,1541.01,0.4653,ASK
1444004804,1541.0,2.0645,ASK
1444004819,1541.05,0.0125,ASK
1444004819,1541.05,0.015,ASK
1444004819,1541.05,0.0434,ASK
1444004819,1541.04,0.06,ASK
1444004819,1541.04,1.3582,ASK
1444004819,1541.03,0.0018,ASK
1444004819,1541.0,0.4521,ASK
1444004822,1541.0,0.01,BID
1444004833,1540.99,0.0138,BID
1444004837,1540.99,0.01,BID
1444004838,1540.99,0.0362,BID
1444004838,1540.99,0.7728,BID
1444004839,1540.99,0.5854,BID
1444004839,1540.99,0.0635,BID
1444004841,1540.99,0.6489,BID
1444004842,1540.99,0.1,BID
1444004842,1540.99,0.3406,BID
1444004842,1541.0,0.3083,BID
1444004843,1541.0,0.6489,BID
1444004847,1540.95,0.01,BID
1444004853,1540.95,0.01,BID
1444004855,1540.95,0.01,BID
1444004861,1540.95,0.001,BID
1444004875,1540.95,0.2166,BID
1444004876,1540.95,0.5614,BID
1444004880,1540.96,0.01,ASK
1444004907,1540.96,0.0015,ASK
1444004908,1540.97,0.0018,BID
1444004917,1540.96,0.0099,ASK
1444004932,1540.96,0.0037,ASK
1444004932,1540.97,0.0011,BID
1444004933,1540.96,0.0625,ASK
1444004933,1540.96,0.649,ASK
1444004933,1540.92,0.06,ASK
1444004933,1540.9,0.0577,ASK
1444004933,1540.85,0.001,ASK
1444004933,1540.76,0.3498,ASK
1444004952,1540.93,0.001,BID
1444004955,1540.78,3.0,BID
1444004955,1540.78,5.441,BID
1444004972,1540.93,0.059,BID
1444004980,1540.94,0.059,ASK
1444004980,1540.93,2.039,ASK
1444004981,1540.98,0.0183,BID
1444004981,1540.98,0.0538,BID
1444004981,1540.98,0.0151,BID
1444004981,1540.99,2.4928,BID
1444004981,1540.93,0.173,ASK
1444004981,1540.93,0.0281,ASK
1444004981,1540.93,0.06,ASK
1444004982,1540.77,1.153,ASK
1444004982,1540.73,0.027,ASK
1444004982,1540.92,0.0101,BID
1444004982,1540.92,0.0872,BID
1444004984,1540.74,5.268,BID
1444004999,1540.9,0.06,BID
1444004999,1540.91,0.0101,BID
1444004999,1540.92,0.2916,BID
1444004999,1540.99,0.6772,BID
1444004999,1540.99,0.3498,BID
1444004999,1541.0,1.9113,BID
1444005001,1540.94,0.004,BID
1444005032,1540.98,0.3,BID
1444005055,1540.94,0.001,BID
1444005106,1540.94,0.0046,BID
1444005114,1540.77,0.06,ASK
1444005114,1540.76,0.0679,ASK
1444005114,1540.75,0.0259,ASK
1444005114,1540.75,1.3585,ASK
1444005114,1540.74,0.4,ASK
1444005114,1540.74,0.0101,ASK
1444005114,1540.74,0.3,ASK
1444005114,1540.73,3.6122,ASK
1444005134,1540.93,0.0081,BID
1444005162,1540.96,0.001,BID
1444005166,1540.96,0.059,BID
1444005166,1540.97,0.0679,BID
1444005166,1540.97,0.0101,BID
1444005166,1540.97,0.0259,BID
1444005166,1540.98,1.3585,BID
1444005166,1540.99,0.4786,BID
1444005182,1540.98,0.0012,BID
1444005206,1540.97,0.0185,ASK
1444005206,1540.98,0.0028,BID
1444005230,1540.97,0.0081,ASK
1444005231,1540.98,0.0024,BID
1444005285,1540.98,1.147,BID
1444005304,1540.99,0.001,BID
1444005365,1540.99,3.169,BID
1444005365,1540.99,3.3186,BID
1444005377,1540.98,0.1246,ASK
1444005378,1540.98,0.0239,ASK
1444005378,1540.97,0.0324,ASK
1444005378,1540.97,0.0922,BID
1444005378,1540.99,0.0078,BID
1444005392,1540.97,0.1485,BID
1444005392,1540.99,1.0315,BID
1444005402,1540.99,0.01,BID
1444005473,1540.99,1.18,BID
1444005474,1540.99,0.6489,BID
1444005475,1540.99,0.6489,BID
1444005486,1540.99,0.0014,BID
1444005488,1540.98,0.004,ASK
1444005489,1540.99,0.0014,BID
1444005516,1540.98,0.1445,ASK
1444005543,1540.97,0.051,BID
1444005543,1540.98,0.1483,BID
1444005543,1540.99,1.8101,BID
1444005543,1540.99,1.42,BID
1444005543,1541.0,0.3084,BID
1444005551,1540.98,0.01,ASK
1444005579,1541.71,0.5253,BID
1444005579,1541.72,0.125,BID
1444005579,1541.74,0.177,BID
1444005579,1541.76,0.001,BID
1444005579,1541.76,0.517,BID
1444005579,1541.77,0.001,BID
1444005579,1541.77,0.001,BID
1444005579,1541.77,0.001,BID
1444005579,1541.93,0.4,BID
1444005579,1541.95,0.718,BID
1444005579,1541.95,0.718,BID
1444005579,1541.95,0.477,BID
1444005579,1541.99,0.1,BID
1444005579,1542.0,4.6687,BID
1444005601,1541.03,0.06,ASK
1444005601,1541.03,0.015,BID
1444005602,1541.03,0.295,BID
1444005603,1541.04,0.004,ASK
1444005619,1541.49,0.06,BID
1444005625,1541.47,0.06,BID
1444005629,1541.45,0.0964,BID
1444005637,1541.25,0.01,BID
1444005644,1541.15,0.01,BID
1444005660,1541.13,0.239,BID
1444005660,1541.14,0.06,BID
1444005674,1541.14,0.01,ASK
1444005683,1541.14,0.229,ASK
1444005683,1541.1,0.06,ASK
1444005683,1541.01,0.002,ASK
1444005683,1540.98,0.041,ASK
1444005683,1540.98,0.042,ASK
1444005683,1540.97,0.806,ASK
1444005689,1541.14,0.01,BID
1444005697,1540.97,0.0338,ASK
1444005697,1540.9,0.001,ASK
1444005697,1540.9,0.001,ASK
1444005697,1540.9,0.001,ASK
1444005697,1540.86,0.001,ASK
1444005697,1540.86,0.0523,ASK
1444005697,1540.85,1.154,ASK
1444005697,1540.85,0.068,ASK
1444005697,1540.84,0.001,ASK
1444005697,1540.84,0.1428,ASK
1444005698,1540.85,19.92,ASK
1444005715,1541.02,0.433,ASK
1444005716,1541.02,0.067,ASK
1444005716,1540.84,0.5161,ASK
1444005719,1541.0,0.01,BID
1444005720,1541.0,0.04,BID
1444005720,1541.01,0.5,BID
1444005720,1541.01,0.062,BID
1444005721,1541.01,0.05,BID
1444005733,1541.0,0.01,BID
1444005742,1540.99,0.01,BID
1444005751,1540.99,0.01,BID
1444005755,1540.99,0.1,BID
1444005756,1540.99,0.6489,BID
1444005757,1540.99,0.472,BID
1444005757,1540.99,0.1991,BID
1444005757,1541.0,0.0119,BID
1444005759,1541.0,0.04,ASK
1444005760,1541.01,0.01,BID
1444005760,1541.0,0.3979,ASK
1444005760,1541.0,0.2521,ASK
1444005761,1541.0,0.2199,ASK
1444005761,1541.0,0.4301,ASK
1444005762,1541.0,0.2188,ASK
1444005781,1540.99,0.4312,BID
1444005781,1540.99,0.65,BID
1444005781,1541.0,0.0189,BID
1444005784,1541.01,0.1867,BID
1444005785,1541.01,0.1913,BID
1444005787,1541.03,14.0,BID
1444005787,1541.03,6.179,BID
1444005857,1541.04,0.07,ASK
1444005857,1541.03,0.06,ASK
1444005857,1541.02,0.1867,ASK
1444005857,1541.02,0.1913,ASK
1444005857,1541.0,0.6489,ASK
1444005857,1540.85,0.035,ASK
1444005857,1540.84,0.6997,ASK
1444005857,1540.81,0.015,ASK
1444005857,1540.8,0.0934,ASK
1444005873,1540.86,0.0844,ASK
1444005873,1540.8,0.2066,ASK
1444005873,1540.79,0.151,ASK
1444005877,1540.87,0.5256,ASK
1444005877,1540.79,1.4744,ASK
1444005892,1540.79,2.58,ASK
1444005923,1541.0,0.0263,BID
1444005923,1541.01,0.0737,BID
1444005924,1541.02,0.06,BID
1444005925,1541.02,0.4519,ASK
1444005927,1541.02,0.0137,ASK
1444005960,1540.96,0.01,ASK
1444005961,1540.97,6.0,ASK
1444005961,1540.97,11.0,ASK
1444005961,1540.97,1.875,ASK
1444005965,1540.94,0.0235,ASK
1444006046,1540.95,0.04,ASK
1444006046,1540.91,0.0126,ASK
1444006046,1540.91,0.0124,ASK
1444006046,1540.9,0.5,ASK
1444006046,1540.89,0.0124,ASK
1444006046,1540.88,0.249,ASK
1444006070,1540.93,0.01,BID
1444006085,1540.93,0.05,BID
1444006085,1540.94,0.04,BID
1444006085,1540.97,0.0311,BID
1444006085,1540.97,0.04,BID
1444006085,1540.98,1.1452,BID
1444006105,1540.96,0.01,BID
1444006105,1540.97,0.0665,BID
1444006105,1540.98,0.0235,BID
1444006127,1540.98,0.01,BID
1444006151,1540.98,0.01,BID
1444006198,1540.98,0.01,BID
1444006204,1540.98,0.01,BID
1444006247,1540.98,0.01,BID
1444006310,1540.84,0.06,ASK
1444006310,1540.84,0.001,ASK
1444006310,1540.84,0.001,ASK
1444006317,1540.83,0.001,ASK
1444006329,1540.83,0.1389,BID
1444006329,1540.84,4.0111,BID
1444006330,1540.84,0.1389,BID
1444006331,1540.84,0.001,BID
1444006331,1540.84,0.01,BID
1444006337,1540.84,0.001,BID
1444006338,1540.84,0.01,BID
1444006343,1540.84,0.01,BID
1444006350,1540.84,0.01,BID
1444006357,1540.84,0.01,BID
1444006388,1540.83,1.154,BID
1444006388,1540.84,1.426,BID
1444006388,1540.84,2.0,BID
1444006389,1540.84,0.649,BID
1444006391,1540.83,19.162,BID
1444006393,1540.79,0.4,ASK
1444006394,1540.78,0.4,ASK
1444006401,1540.79,0.01,BID
1444006410,1540.78,2.6612,ASK
1444006410,1540.74,1.3588,ASK
1444006410,1540.73,4.5551,ASK
1444006410,1540.71,0.8859,ASK
1444006410,1540.69,0.008,ASK
1444006410,1540.64,0.5683,ASK
1444006444,1540.76,0.06,BID
1444006444,1540.77,0.65,BID
1444006444,1540.78,1.3588,BID
1444006444,1540.78,0.1612,BID
1444006456,1540.78,0.01,BID
1444006476,1540.78,0.1,BID
1444006477,1540.78,0.2578,BID
1444006477,1540.79,0.1,BID
1444006478,1540.79,0.3578,BID
1444006489,1540.79,0.01,BID
1444006494,1540.79,0.01,BID
1444006497,1540.79,1.0,BID
1444006498,1540.79,0.649,BID
1444006498,1540.79,1.0,BID
1444006500,1540.79,0.01,BID
1444006500,1540.79,0.6332,BID
1444006500,1540.79,0.2345,BID
1444006516,1540.79,0.11,BID
1444006517,1540.79,0.09,BID
1444006521,1540.79,0.0202,BID
1444006548,1540.77,0.06,ASK
1444006548,1540.74,0.06,ASK
1444006548,1540.69,0.0679,ASK
1444006548,1540.68,1.3589,ASK
1444006548,1540.65,0.0711,ASK
1444006548,1540.64,0.9621,ASK
1444006549,1540.64,5.516,ASK
1444006550,1540.76,0.06,BID
1444006550,1540.77,0.06,BID
1444006550,1540.78,0.0679,BID
1444006550,1540.79,0.4121,BID
1444006552,1540.64,0.2896,ASK
1444006552,1540.64,2.3847,ASK
1444006553,1540.64,0.65,ASK
1444006554,1540.64,0.65,ASK
1444006555,1540.64,0.65,ASK
1444006556,1540.65,0.65,ASK
1444006560,1540.77,0.01,BID
1444006567,1540.76,0.01,BID
1444006569,1540.66,0.02,ASK
1444006569,1540.65,0.504,ASK
1444006569,1540.64,1.476,ASK
1444006572,1540.64,4.1893,ASK
1444006573,1540.63,0.001,ASK
1444006573,1540.63,0.001,ASK
1444006573,1540.63,0.001,ASK
1444006575,1540.63,0.647,BID
1444006575,1540.76,0.04,BID
1444006575,1540.77,0.0333,BID
1444006575,1540.78,0.0167,BID
1444006575,1540.78,0.073,BID
1444006577,1540.77,0.04,BID
1444006579,1540.77,0.01,BID
1444006581,1540.62,0.5258,ASK
1444006581,1540.61,0.0167,ASK
1444006581,1540.6,1.4575,ASK
1444006582,1540.63,0.0263,ASK
1444006582,1540.63,0.05,ASK
1444006582,1540.61,0.1326,ASK
1444006590,1540.6,4.5709,ASK
1444006590,1540.6,0.001,ASK
1444006590,1540.6,0.001,ASK
1444006590,1540.6,0.001,ASK
1444006590,1540.6,0.001,ASK
1444006590,1540.6,0.001,ASK
1444006590,1540.6,0.001,ASK
1444006590,1540.6,0.001,ASK
1444006590,1540.59,0.001,ASK
1444006590,1540.59,0.001,ASK
1444006590,1540.59,0.001,ASK
1444006590,1540.59,0.001,ASK
1444006590,1540.59,0.001,ASK
1444006590,1540.59,0.001,ASK
1444006590,1540.59,0.001,ASK
1444006590,1540.59,0.001,ASK
1444006590,1540.58,0.001,ASK
1444006590,1540.52,0.001,ASK
1444006590,1540.52,0.001,ASK
1444006590,1540.5,0.001,ASK
1444006590,1540.5,0.001,ASK
1444006590,1540.5,0.001,ASK
1444006590,1540.5,0.001,ASK
1444006590,1540.49,0.001,ASK
1444006590,1540.49,0.001,ASK
1444006590,1540.49,0.001,ASK
1444006590,1540.49,0.001,ASK
1444006590,1540.49,0.001,ASK
1444006590,1540.49,0.001,ASK
1444006590,1540.49,0.001,ASK
1444006590,1540.49,0.001,ASK
1444006590,1540.48,0.001,ASK
1444006590,1540.48,0.001,ASK
1444006590,1540.47,0.001,ASK
1444006590,1540.47,0.001,ASK
1444006590,1540.47,0.001,ASK
1444006590,1540.47,0.001,ASK
1444006590,1540.47,0.001,ASK
1444006590,1540.46,0.001,ASK
1444006590,1540.45,0.001,ASK
1444006590,1540.45,0.001,ASK
1444006590,1540.45,0.001,ASK
1444006590,1540.45,0.001,ASK
1444006590,1540.44,0.001,ASK
1444006590,1540.44,0.001,ASK
1444006590,1540.44,0.001,ASK
1444006590,1540.44,0.001,ASK
1444006590,1540.43,0.001,ASK
1444006590,1540.43,0.001,ASK
1444006590,1540.43,0.001,ASK
1444006590,1540.42,0.001,ASK
1444006590,1540.42,0.001,ASK
1444006590,1540.42,0.001,ASK
1444006590,1540.42,0.001,ASK
1444006590,1540.42,0.001,ASK
1444006590,1540.42,0.001,ASK
1444006590,1540.42,0.001,ASK
1444006590,1540.42,0.001,ASK
1444006590,1540.42,0.001,ASK
1444006590,1540.42,0.001,ASK
1444006590,1540.42,0.001,ASK
1444006590,1540.42,0.001,ASK
1444006590,1540.41,0.001,ASK
1444006590,1540.41,0.001,ASK
1444006590,1540.41,0.001,ASK
1444006590,1540.41,0.001,ASK
1444006590,1540.41,0.001,ASK
1444006590,1540.41,0.001,ASK
1444006590,1540.41,0.001,ASK
1444006590,1540.41,0.557,ASK
1444006590,1540.4,0.001,ASK
1444006590,1540.4,0.001,ASK
1444006590,1540.4,0.001,ASK
1444006590,1540.4,0.001,ASK
1444006590,1540.4,0.001,ASK
1444006590,1540.4,0.001,ASK
1444006590,1540.39,0.001,ASK
1444006590,1540.39,0.001,ASK
1444006590,1540.39,0.001,ASK
1444006590,1540.39,0.001,ASK
1444006590,1540.39,0.001,ASK
1444006590,1540.39,0.001,ASK
1444006590,1540.39,0.001,ASK
1444006590,1540.39,0.001,ASK
1444006590,1540.39,0.001,ASK
1444006590,1540.38,0.001,ASK
1444006590,1540.38,0.001,ASK
1444006590,1540.38,0.001,ASK
1444006590,1540.38,0.002,ASK
1444006590,1540.37,0.001,ASK
1444006590,1540.37,0.001,ASK
1444006590,1540.37,0.001,ASK
1444006590,1540.37,0.001,ASK
1444006590,1540.37,0.001,ASK
1444006590,1540.37,0.001,ASK
1444006590,1540.37,0.001,ASK
1444006590,1540.37,0.001,ASK
1444006590,1540.36,0.001,ASK
1444006590,1540.36,0.001,ASK
1444006590,1540.36,0.001,ASK
1444006590,1540.36,0.001,ASK
1444006590,1540.36,0.001,ASK
1444006590,1540.36,0.001,ASK
1444006590,1540.36,0.001,ASK
1444006590,1540.36,0.001,ASK
1444006590,1540.36,0.001,ASK
1444006590,1540.36,0.001,ASK
1444006590,1540.36,0.001,ASK
1444006590,1540.36,0.001,ASK
1444006590,1540.36,0.001,ASK
1444006590,1540.36,0.001,ASK
1444006590,1540.36,0.001,ASK
1444006590,1540.36,0.001,ASK
1444006590,1540.36,0.001,ASK
1444006590,1540.36,0.001,ASK
1444006590,1540.36,0.001,ASK
1444006590,1540.36,0.001,ASK
1444006590,1540.36,0.001,ASK
1444006590,1540.36,0.001,ASK
1444006590,1540.36,0.001,ASK
1444006590,1540.36,0.001,ASK
1444006590,1540.36,0.001,ASK
1444006590,1540.35,0.001,ASK
1444006600,1540.34,0.001,ASK
1444006600,1540.34,0.001,ASK
1444006600,1540.34,0.001,ASK
1444006600,1540.33,0.001,ASK
1444006600,1540.33,0.001,ASK
1444006600,1540.33,0.001,ASK
1444006600,1540.33,0.001,ASK
1444006600,1540.33,0.001,ASK
1444006600,1540.33,0.001,ASK
1444006600,1540.33,0.001,ASK
1444006600,1540.33,0.001,ASK
1444006600,1540.33,0.001,ASK
1444006600,1540.26,0.001,ASK
1444006600,1540.26,0.001,ASK
1444006600,1540.26,0.001,ASK
1444006600,1540.25,0.001,ASK
1444006600,1540.25,0.001,ASK
1444006600,1540.25,0.001,ASK
1444006600,1540.25,0.001,ASK
1444006600,1540.25,0.001,ASK
1444006600,1540.25,0.001,ASK
1444006600,1540.25,0.001,ASK
1444006600,1540.25,0.001,ASK
1444006600,1540.2,0.001,ASK
1444006600,1540.2,0.001,ASK
1444006600,1540.16,0.001,ASK
1444006600,1540.15,0.001,ASK
1444006600,1540.11,0.001,ASK
1444006600,1540.11,0.001,ASK
1444006601,1540.05,1.0,ASK
1444006601,1540.05,14.0,ASK
1444006601,1540.05,5.544,ASK
1444006602,1540.11,1.668,BID
1444006603,1540.11,0.032,BID
1444006603,1540.12,0.029,ASK
1444006604,1540.12,0.07,ASK
1444006605,1540.12,0.269,ASK
1444006605,1540.12,0.5,ASK
1444006605,1540.12,1.0,ASK
1444006605,1540.12,0.6,ASK
1444006605,1540.12,0.6,ASK
1444006605,1540.12,0.4663,ASK
1444006645,1540.19,0.06,ASK
1444006645,1540.18,3.0,ASK
1444006645,1540.17,0.001,ASK
1444006645,1540.12,0.5337,ASK
1444006645,1540.12,0.6493,ASK
1444006645,1540.12,0.64,ASK
1444006645,1540.04,0.001,ASK
1444006645,1540.04,0.001,ASK
1444006645,1540.04,0.001,ASK
1444006645,1540.03,0.001,ASK
1444006645,1540.03,0.001,ASK
1444006645,1540.02,0.001,ASK
1444006645,1540.02,0.001,ASK
1444006645,1540.02,0.001,ASK
1444006645,1540.02,0.001,ASK
1444006645,1540.01,0.073,ASK
1444006645,1540.0,0.0719,ASK
1444006647,1540.56,0.0679,BID
1444006647,1540.57,1.3589,BID
1444006647,1540.57,0.0557,BID
1444006647,1540.58,0.2045,BID
1444006656,1540.58,0.0325,BID
1444006656,1540.59,0.0675,BID
1444006676,1540.17,0.06,BID
1444006676,1540.18,0.3,BID
1444006688,1540.56,1.29,ASK
1444006689,1540.56,0.0001,ASK
1444006695,1540.53,0.06,ASK
1444006700,1540.52,0.01,BID
1444006700,1540.18,0.06,ASK
1444006700,1540.02,0.0102,ASK
1444006700,1540.01,0.205,ASK
1444006700,1540.01,0.1334,ASK
1444006700,1540.01,0.0124,ASK
1444006700,1540.0,6.3186,ASK
1444006700,1540.0,0.0213,ASK
1444006700,1540.0,0.3,ASK
1444006702,1540.0,1.167,BID
1444006703,1540.0,0.0003,BID
1444006723,1540.02,0.71,BID
1444006724,1540.02,0.6493,BID
1444006724,1540.02,1.0,BID
1444006724,1540.02,0.2536,BID
1444006725,1540.51,0.06,BID
1444006725,1540.52,0.05,BID
1444006725,1540.53,0.0212,BID
1444006725,1540.54,0.4,BID
1444006725,1540.54,0.0406,BID
1444006725,1540.54,0.0274,BID
1444006725,1540.55,0.5109,BID
1444006725,1540.55,0.4,BID
1444006725,1540.55,0.389,BID
1444006725,1540.55,0.06,BID
1444006725,1540.59,0.0409,BID
1444006727,1540.05,5.0,BID
1444006727,1540.05,6.47,BID
1444006784,1540.62,0.001,BID
1444006790,1540.62,1.9459,ASK
1444006791,1540.62,0.0004,ASK
1444006796,1540.09,0.1245,ASK
1444006954,1540.06,0.06,ASK
1444006954,1540.05,0.001,ASK
1444006954,1539.95,0.4,ASK
1444006954,1539.84,0.0325,ASK
1444006954,1539.83,0.65,ASK
1444006954,1539.74,0.002,ASK
1444006954,1539.7,0.0367,ASK
1444006954,1539.69,0.061,ASK
1444006954,1540.08,3.0,ASK
1444006954,1540.08,4.0,ASK
1444006954,1540.08,10.228,ASK
1444006955,1540.54,19.0,ASK
1444006955,1540.54,1.1,ASK
1444006985,1540.05,0.1849,ASK
1444006985,1539.69,1.2986,ASK
1444006985,1539.68,0.001,ASK
1444006985,1539.53,0.001,ASK
1444006985,1539.5,0.001,ASK
1444006985,1539.5,0.001,ASK
1444006985,1539.27,0.4,ASK
1444006985,1539.26,3.1588,ASK
1444007094,1540.38,0.06,BID
1444007094,1540.39,0.1774,ASK
1444007095,1540.42,0.001,BID
1444007095,1540.42,0.001,BID
1444007095,1540.42,0.001,BID
1444007095,1540.42,0.001,BID
1444007095,1540.43,0.001,BID
1444007095,1540.52,0.4,BID
1444007095,1540.53,7.3641,BID
1444007095,1540.54,1.0,BID
1444007095,1540.55,0.06,BID
1444007095,1540.56,0.0612,BID
1444007095,1540.57,1.154,BID
1444007095,1540.61,0.6496,BID
1444007095,1540.61,0.4,BID
1444007095,1540.64,0.001,BID
1444007095,1540.65,0.001,BID
1444007095,1540.65,0.001,BID
1444007095,1540.65,0.001,BID
1444007095,1540.65,0.001,BID
1444007095,1540.65,0.001,BID
1444007095,1540.65,0.001,BID
1444007095,1540.65,0.001,BID
1444007095,1540.65,0.001,BID
1444007095,1540.68,0.002,BID
1444007095,1540.72,0.001,BID
1444007095,1540.72,0.001,BID
1444007095,1540.72,0.001,BID
1444007095,1540.72,0.001,BID
1444007095,1540.77,9.099,BID
1444007095,1540.78,0.001,BID
1444007095,1540.79,2.0349,BID
1444007095,1540.83,0.1,BID
1444007095,1540.84,5.4577,BID
1444007095,1540.84,0.001,BID
1444007095,1540.84,0.001,BID
1444007095,1540.88,0.001,BID
1444007095,1540.88,0.001,BID
1444007095,1540.88,0.001,BID
1444007095,1540.92,0.133,BID
1444007095,1540.98,0.002,BID
1444007095,1541.0,0.3,BID
1444007095,1541.22,0.001,BID
1444007095,1541.22,0.001,BID
1444007095,1541.22,0.001,BID
1444007095,1541.22,0.001,BID
1444007095,1541.23,0.001,BID
1444007095,1541.23,0.001,BID
1444007095,1541.24,0.001,BID
1444007095,1541.24,0.001,BID
1444007095,1541.24,0.001,BID
1444007095,1541.31,0.001,BID
1444007095,1541.31,0.001,BID
1444007095,1541.31,0.001,BID
1444007095,1541.31,0.001,BID
1444007095,1541.38,0.001,BID
1444007095,1541.38,0.001,BID
1444007095,1541.38,0.001,BID
1444007095,1541.38,0.001,BID
1444007095,1541.38,0.001,BID
1444007095,1541.38,0.001,BID
1444007095,1541.38,0.001,BID
1444007095,1541.38,0.001,BID
1444007095,1541.38,0.001,BID
1444007095,1541.39,0.001,BID
1444007095,1541.39,0.001,BID
1444007095,1541.39,0.001,BID
1444007095,1541.46,0.001,BID
1444007095,1541.46,0.001,BID
1444007095,1541.46,0.001,BID
1444007095,1541.46,0.001,BID
1444007095,1541.46,0.001,BID
1444007095,1541.46,0.001,BID
1444007095,1541.47,0.001,BID
1444007095,1541.47,0.001,BID
1444007095,1541.47,0.001,BID
1444007095,1541.47,0.001,BID
1444007095,1541.47,0.001,BID
1444007095,1541.47,0.001,BID
1444007095,1541.47,0.001,BID
1444007095,1541.47,0.001,BID
1444007095,1541.59,0.1,BID
1444007095,1541.6,0.004,BID
1444007095,1541.7,0.001,BID
1444007095,1541.7,0.001,BID
1444007095,1541.7,0.001,BID
1444007095,1541.7,0.001,BID
1444007095,1541.78,0.1,BID
1444007095,1541.88,0.001,BID
1444007095,1541.89,0.001,BID
1444007095,1541.89,0.001,BID
1444007095,1541.89,0.001,BID
1444007095,1541.94,1.0,BID
1444007095,1541.94,1.0,BID
1444007095,1541.98,0.002,BID
1444007095,1541.98,0.1,BID
1444007095,1541.99,0.1,BID
1444007095,1542.0,5.4267,BID
1444007095,1542.0,1.0,BID
1444007095,1542.0,0.3,BID
1444007095,1542.01,0.1,BID
1444007095,1542.03,0.001,BID
1444007095,1542.1,0.001,BID
1444007095,1542.1,0.001,BID
1444007095,1542.3,2.0,BID
1444007095,1542.83,0.008,BID
1444007095,1542.89,0.002,BID
1444007095,1542.89,0.002,BID
1444007095,1542.9,0.005,BID
1444007095,1542.91,2.31,BID
1444007095,1540.4,20.236,BID
1444007096,1540.39,0.117,ASK
1444007096,1540.39,2.0,ASK
1444007096,1540.39,1.5,ASK
1444007096,1540.39,1.0,ASK
1444007097,1540.4,3.0,BID
1444007097,1540.4,2.598,BID
1444007097,1540.51,8.0,BID
1444007097,1540.51,5.115,BID
1444007097,1540.51,1.0,BID
1444007097,1540.51,6.584,BID
1444007097,1540.39,0.6,ASK
1444007097,1540.39,0.4,ASK
1444007097,1540.39,3.1859,ASK
1444007098,1540.39,1.0,ASK
1444007098,1540.39,0.638,ASK
1444007098,1540.39,0.2,ASK
1444007099,1540.39,0.01,ASK
1444007099,1540.39,1.26,ASK
1444007099,1540.39,0.6787,ASK
1444007099,1540.39,1.369,ASK
1444007099,1540.39,0.77,ASK
1444007099,1540.39,0.6,ASK
1444007100,1540.39,0.2,ASK
1444007101,1540.39,1.0,ASK
1444007101,1540.43,0.65,ASK
1444007102,1540.43,0.011,ASK
1444007102,1540.43,0.65,ASK
1444007102,1540.43,0.65,ASK
1444007106,1540.43,0.2969,ASK
1444007107,1540.43,0.65,ASK
1444007108,1540.43,0.65,ASK
1444007109,1540.43,0.65,ASK
1444007110,1540.43,0.65,ASK
1444007111,1540.44,0.65,ASK
1444007119,1540.51,0.0728,BID
1444007119,1540.52,1.1072,BID
1444007120,1540.52,0.0728,BID
1444007121,1540.52,0.01,BID
1444007122,1540.51,0.01,ASK
1444007122,1540.46,0.05,ASK
1444007130,1540.45,0.0241,ASK
1444007130,1540.44,0.504,ASK
1444007130,1540.44,0.023,ASK
1444007130,1540.44,0.3224,ASK
1444007130,1540.43,0.7925,ASK
1444007144,1540.52,0.01,BID
1444007148,1540.47,0.01,ASK
1444007148,1540.46,0.2867,ASK
1444007156,1540.51,0.001,BID
1444007169,1540.43,8.358,ASK
1444007178,1540.51,0.06,BID
1444007178,1540.52,0.1596,BID
1444007178,1540.55,0.06,BID
1444007178,1540.96,0.001,BID
1444007178,1540.98,0.001,BID
1444007178,1541.1,0.02,BID
1444007178,1541.11,0.4,BID
1444007178,1541.12,0.3596,BID
1444007178,1541.13,1.0588,BID
1444007198,1540.67,0.5258,BID
1444007198,1540.68,0.1995,BID
1444007200,1541.0,0.2076,ASK
1444007200,1541.0,0.2,ASK
1444007201,1541.0,1.272,ASK
1444007201,1541.0,0.6,ASK
1444007201,1541.0,3.6219,ASK
1444007201,1541.0,2.0,ASK
1444007201,1541.0,2.3263,ASK
1444007201,1541.0,0.6,ASK
1444007201,1541.0,0.65,ASK
1444007201,1541.0,0.2,ASK
1444007202,1541.0,0.3787,ASK
1444007202,1541.0,0.65,ASK
1444007203,1541.1,18.0,ASK
1444007203,1541.1,3.516,ASK
1444007203,1541.0,1.702,ASK
1444007203,1541.0,0.2,ASK
1444007203,1541.0,0.65,ASK
1444007203,1541.0,0.6,ASK
1444007203,1541.0,0.6,ASK
1444007204,1541.0,0.349,ASK
1444007204,1541.0,0.2,ASK
1444007204,1541.0,0.65,ASK
1444007205,1541.0,1.75,ASK
1444007205,1541.12,0.0252,BID
1444007205,1541.13,0.0748,BID
1444007205,1541.01,0.0698,ASK
1444007205,1541.01,0.068,ASK
1444007205,1541.0,0.0622,ASK
1444007205,1541.01,0.65,ASK
1444007206,1541.01,0.7092,ASK
1444007206,1541.0,0.2908,ASK
1444007206,1541.0,0.01,ASK
1444007206,1541.0,0.6,ASK
1444007206,1541.0,0.6,ASK
1444007206,1541.0,0.65,ASK
1444007206,1541.02,0.0252,ASK
1444007206,1541.0,0.0078,ASK
1444007207,1541.0,0.709,ASK
1444007207,1541.0,0.2,ASK
1444007207,1541.0,0.65,ASK
1444007208,1541.0,0.179,ASK
1444007208,1541.0,0.102,ASK
1444007208,1541.0,0.0523,ASK
1444007208,1541.0,0.5,ASK
1444007209,1541.0,0.6,ASK
1444007210,1541.0,0.65,ASK
1444007210,1541.0,0.65,ASK
1444007211,1541.0,0.012,ASK
1444007211,1541.0,2.245,ASK
1444007211,1541.0,0.2,ASK
1444007212,1541.01,0.06,ASK
1444007212,1541.0,0.54,ASK
1444007212,1541.0,0.65,ASK
1444007212,1541.0,0.65,ASK
1444007213,1541.0,0.5,ASK
1444007213,1541.0,0.65,ASK
1444007215,1541.0,0.6,ASK
1444007215,1541.0,0.2,ASK
1444007215,1541.0,0.6,ASK
1444007216,1541.0,0.65,ASK
1444007216,1541.0,0.2,ASK
1444007217,1541.0,0.65,ASK
1444007218,1541.0,0.326,ASK
1444007219,1541.0,0.65,ASK
1444007220,1541.0,0.65,ASK
1444007220,1541.0,0.65,ASK
1444007221,1541.0,0.65,ASK
1444007223,1541.0,0.65,ASK
1444007223,1541.0,0.1,ASK
1444007224,1541.0,0.65,ASK
1444007226,1541.0,0.65,ASK
1444007227,1541.0,0.65,ASK
1444007228,1541.0,0.65,ASK
1444007229,1541.0,0.65,ASK
1444007230,1541.0,1.942,ASK
1444007230,1541.1,0.06,BID
1444007230,1541.11,0.0698,BID
1444007230,1541.11,0.0325,BID
1444007230,1541.12,1.3592,BID
1444007230,1541.12,0.749,BID
1444007230,1541.0,0.65,ASK
1444007231,1541.0,0.6,ASK
1444007231,1541.0,0.65,ASK
1444007232,1541.0,0.65,ASK
1444007233,1541.0,0.01,ASK
1444007234,1541.0,0.65,ASK
1444007234,1541.12,0.2079,BID
1444007234,1541.01,3.0,ASK
1444007234,1541.01,6.0,ASK
1444007234,1541.01,5.055,ASK
1444007236,1541.0,0.65,ASK
1444007238,1541.11,0.65,ASK
1444007238,1541.12,0.1971,BID
1444007238,1541.12,0.6,ASK
1444007238,1541.12,0.0236,ASK
1444007240,1541.12,0.01,ASK
1444007241,1541.11,1.0,ASK
1444007245,1541.11,1.0,ASK
1444007245,1541.11,0.6,ASK
1444007246,1541.11,0.0549,ASK
1444007246,1541.11,0.15,ASK
1444007246,1541.11,0.6951,ASK
1444007246,1541.11,0.3049,ASK
1444007249,1541.11,0.01,ASK
1444007249,1541.11,0.2,ASK
1444007252,1541.12,0.8307,BID
1444007252,1541.12,0.3233,ASK
1444007252,1541.11,0.6767,ASK
1444007253,1541.13,0.6489,BID
1444007253,1541.11,0.2,ASK
1444007255,1541.11,0.01,ASK
1444007256,1541.11,0.01,ASK
1444007258,1541.12,1.154,BID
1444007258,1541.12,0.2,ASK
1444007259,1541.13,0.6489,BID
1444007263,1541.11,0.2,ASK
1444007264,1541.11,7.5886,ASK
1444007265,1541.11,0.65,ASK
1444007266,1541.11,0.01,ASK
1444007266,1541.11,1.18,ASK
1444007267,1541.11,0.2,ASK
1444007267,1541.11,0.6478,ASK
1444007274,1541.11,0.2,ASK
1444007278,1541.11,0.6,ASK
1444007279,1541.11,0.313,ASK
1444007280,1541.07,0.06,ASK
1444007280,1541.01,0.056,ASK
1444007280,1541.01,0.0733,ASK
1444007280,1541.01,0.0229,ASK
1444007280,1541.0,0.9678,ASK
1444007319,1541.03,0.19,BID
1444007319,1541.06,0.06,BID
1444007319,1541.09,0.0343,BID
1444007323,1541.09,0.3646,ASK
1444007323,1541.02,0.0344,ASK
1444007323,1541.01,0.781,ASK
1444007323,1541.01,0.01,ASK
1444007332,1541.02,0.01,ASK
1444007333,1541.02,0.01,ASK
1444007339,1541.02,0.01,ASK
1444007346,1541.02,0.01,ASK
1444007348,1541.02,0.04,ASK
1444007348,1541.01,0.04,ASK
1444007353,1541.01,0.05,ASK
1444007354,1541.01,0.273,ASK
1444007354,1541.01,0.08,ASK
1444007358,1541.01,0.1,ASK
1444007360,1541.01,0.17,ASK
1444007361,1541.08,0.03,BID
1444007361,1541.09,0.0343,BID
1444007361,1541.1,0.086,BID
1444007361,1541.1,0.0187,BID
1444007361,1541.1,0.6,BID
1444007361,1541.11,0.3736,BID
1444007361,1541.11,0.076,BID
1444007361,1541.12,1.354,BID
1444007361,1541.24,5.55,BID
1444007361,1541.34,0.322,BID
1444007361,1541.59,1.0,BID
1444007361,1541.69,0.112,BID
1444007361,1542.13,0.1,BID
1444007361,1542.19,0.001,BID
1444007361,1542.54,0.3,BID
1444007361,1542.62,0.112,BID
1444007361,1542.77,0.312,BID
1444007361,1542.91,3.3294,BID
1444007361,1542.92,7.289,BID
1444007361,1541.01,0.05,ASK
1444007361,1541.01,0.297,ASK
1444007363,1541.05,0.03,BID
1444007363,1541.01,0.1,ASK
1444007364,1541.02,3.0,BID
1444007364,1541.02,10.265,BID
1444007364,1541.01,0.418,ASK
1444007365,1541.01,0.157,ASK
1444007366,1541.02,0.03,ASK
1444007367,1541.02,0.07,ASK
1444007370,1541.03,0.26,ASK
1444007372,1541.03,0.01,ASK
1444007376,1541.02,1.0,ASK
1444007378,1541.03,0.01,ASK
1444007378,1541.02,0.99,ASK
1444007378,1541.02,0.0871,ASK
1444007378,1541.02,3.0,ASK
1444007380,1541.02,0.4,ASK
1444007380,1541.02,0.1107,ASK
1444007380,1541.01,0.4893,ASK
1444007382,1541.09,0.0395,BID
1444007386,1541.02,0.0183,ASK
1444007386,1541.01,0.9817,ASK
1444007393,1541.02,0.5256,ASK
1444007393,1541.01,0.4744,ASK
1444007396,1541.01,0.1019,ASK
1444007398,1541.47,0.001,BID
1444007401,1541.02,0.01,ASK
1444007405,1541.12,0.1,ASK
1444007407,1541.12,0.1,ASK
1444007408,1541.12,0.463,ASK
1444007410,1541.13,0.01,ASK
1444007414,1541.13,0.0101,ASK
1444007418,1541.41,0.001,BID
1444007418,1541.12,0.01,ASK
1444007425,1541.13,0.01,ASK
1444007438,1541.36,0.001,BID
1444007447,1541.33,0.06,BID
1444007449,1541.34,0.01,ASK
1444007453,1541.34,0.01,ASK
1444007460,1541.49,0.001,ASK
1444007460,1541.35,0.009,ASK
1444007461,1541.35,0.01,ASK
1444007465,1541.34,0.0184,ASK
1444007469,1541.35,0.01,ASK
1444007472,1541.35,0.023,ASK
1444007488,1541.5,0.01,ASK
1444007488,1541.49,0.001,ASK
1444007488,1541.34,0.049,ASK
1444007493,1541.54,0.0263,BID
1444007493,1541.55,0.5256,BID
1444007493,1541.56,0.05,BID
1444007493,1541.65,0.1,BID
1444007495,1542.0,0.539,ASK
1444007495,1542.0,0.228,ASK
1444007495,1542.0,0.6,ASK
1444007495,1542.0,0.6,ASK
1444007495,1542.0,3.497,ASK
1444007495,1542.01,0.25,ASK
1444007496,1542.01,0.2755,ASK
1444007496,1542.0,0.2245,ASK
1444007496,1542.0,0.2,ASK
1444007496,1542.48,10.06,ASK
1444007499,1542.0,0.2,ASK
1444007500,1542.01,0.05,ASK
1444007500,1542.0,0.95,ASK
1444007501,1542.0,0.5,ASK
1444007501,1542.0,0.6,ASK
1444007503,1542.0,0.2,ASK
1444007503,1542.0,0.2,ASK
1444007504,1542.01,0.0281,ASK
1444007504,1542.0,0.3149,ASK
1444007506,1542.0,0.5,ASK
1444007506,1542.0,0.2,ASK
1444007508,1542.0,0.2,ASK
1444007509,1542.01,5.0,ASK
1444007509,1542.01,8.547,ASK
1444007509,1542.0,0.01,ASK
1444007510,1542.0,0.218,ASK
1444007512,1542.0,0.2,ASK
1444007512,1542.0,0.2,ASK
1444007514,1542.0,0.5,ASK
1444007515,1542.0,0.2,ASK
1444007516,1542.0,2.897,ASK
1444007516,1542.0,0.2,ASK
1444007519,1542.0,0.13,ASK
1444007519,1542.0,0.5,ASK
1444007520,1542.0,0.6835,ASK
1444007520,1541.88,0.001,ASK
1444007520,1541.5,0.2165,BID
1444007526,1541.5,0.1005,BID
1444007526,1541.5,0.0775,BID
1444007531,1541.5,0.0003,BID
1444007531,1541.62,0.0097,BID
1444007536,1541.44,0.001,ASK
1444007536,1541.34,0.5182,ASK
1444007536,1541.12,1.4808,ASK
1444007537,1541.48,0.06,BID
1444007538,1541.48,0.6487,BID
1444007539,1541.48,0.2913,BID
1444007539,1541.49,0.06,BID
1444007539,1541.57,0.05,BID
1444007539,1541.84,0.06,BID
1444007539,1542.39,0.02,BID
1444007539,1542.39,0.0154,BID
1444007539,1542.39,0.0423,BID
1444007539,1542.4,1.154,BID
1444007539,1542.4,0.27,BID
1444007539,1542.4,0.1188,BID
1444007539,1542.41,0.6412,BID
1444007541,1542.37,1.0,BID
1444007541,1542.37,4.397,BID
1444007545,1541.74,0.06,ASK
1444007545,1541.73,0.001,ASK
1444007545,1541.13,0.02,ASK
1444007545,1541.13,0.1188,ASK
1444007545,1541.13,0.4102,ASK
1444007569,1541.48,0.008,ASK
1444007575,1541.16,0.002,ASK
1444007575,1541.16,0.005,ASK
1444007575,1541.16,0.002,ASK
1444007575,1541.16,0.001,ASK
1444007577,1542.21,0.06,BID
1444007604,1541.49,0.1,BID
1444007605,1541.2,0.0288,ASK
1444007615,1541.2,0.1576,ASK
1444007622,1541.2,0.01,ASK
1444007624,1541.21,4.691,ASK
1444007627,1541.21,0.03,ASK
1444007627,1541.2,0.07,ASK
1444007640,1541.21,0.1,ASK
1444007649,1541.22,0.01,ASK
1444007656,1541.22,0.01,ASK
1444007660,1541.75,0.05,BID
1444007660,1541.76,1.0,BID
1444007660,1541.95,0.02,BID
1444007660,1541.96,0.4,BID
1444007660,1541.97,1.0,BID
1444007662,1541.97,0.2669,ASK
1444007662,1541.97,1.0,ASK
1444007662,1541.97,0.478,ASK
1444007662,1541.97,1.0,ASK
1444007662,1541.97,0.349,ASK
1444007662,1541.97,0.178,ASK
1444007662,1541.97,1.0,ASK
1444007663,1541.97,0.2,ASK
1444007663,1541.97,3.0581,ASK
1444007664,1541.77,0.0564,ASK
1444007664,1541.21,0.5,ASK
1444007665,1541.21,0.01,ASK
1444007666,1541.21,0.545,ASK
1444007666,1541.21,0.05,ASK
1444007666,1541.2,0.01,ASK
1444007667,1541.22,0.0293,ASK
1444007667,1541.2,0.9707,ASK
1444007667,1541.21,0.0286,BID
1444007669,1541.21,0.0714,BID
1444007673,1541.22,1.0,ASK
1444007673,1541.22,0.01,ASK
1444007673,1541.22,0.2162,ASK
1444007675,1541.22,0.0618,ASK
1444007677,1541.2,0.01,ASK
1444007678,1541.21,0.6,BID
1444007678,1541.21,0.05,BID
1444007680,1541.22,0.55,ASK
1444007680,1541.22,0.45,ASK
1444007680,1541.22,0.01,ASK
1444007681,1541.22,0.1888,ASK
1444007681,1541.2,1.0717,ASK
1444007681,1541.19,0.002,ASK
1444007681,1541.19,0.001,ASK
1444007681,1541.18,0.001,ASK
1444007681,1541.17,0.001,ASK
1444007681,1541.16,0.001,ASK
1444007681,1541.16,0.001,ASK
1444007681,1541.12,0.1201,ASK
1444007682,1541.12,0.944,ASK
1444007683,1541.2,10.916,ASK
1444007685,1541.12,1.0,ASK
1444007688,1541.12,0.01,ASK
1444007694,1541.12,1.0,ASK
1444007695,1541.12,0.01,ASK
1444007695,1541.2,0.0506,BID
1444007695,1541.2,0.06,BID
1444007695,1541.21,0.0004,BID
1444007695,1541.21,0.111,BID
1444007696,1541.21,0.1106,BID
1444007697,1541.2,0.045,BID
1444007697,1541.21,0.074,BID
1444007698,1541.21,0.0652,BID
1444007698,1541.21,0.5836,BID
1444007699,1541.2,0.01,BID
1444007699,1541.21,0.0664,BID
1444007702,1541.22,0.01,ASK
1444007704,1541.23,0.06,ASK
1444007704,1541.22,0.5624,ASK
1444007704,1541.22,0.0664,ASK
1444007704,1541.17,0.001,ASK
1444007704,1541.13,0.0506,ASK
1444007704,1541.13,0.045,ASK
1444007704,1541.12,0.2146,ASK
1444007706,1541.12,7.5252,ASK
1444007707,1541.06,0.001,ASK
1444007707,1541.05,0.007,ASK
1444007707,1541.0,0.117,ASK
1444007709,1541.12,0.676,BID
1444007709,1541.12,0.4,BID
1444007710,1541.12,0.6489,BID
1444007711,1541.12,0.6489,BID
1444007711,1541.12,0.244,BID
1444007711,1541.0,0.01,ASK
1444007712,1541.0,0.01,ASK
1444007712,1541.12,0.6489,BID
1444007713,1541.11,0.06,BID
1444007713,1541.12,0.0472,BID
1444007714,1541.13,0.2,ASK
1444007727,1541.14,0.03,ASK
1444007728,1541.14,0.01,ASK
1444007730,1541.14,0.01,ASK
1444007731,1541.14,0.01,ASK
1444007735,1541.13,0.01,ASK
1444007736,1541.13,0.01,ASK
1444007739,1541.13,0.3217,ASK
1444007739,1541.13,0.6489,ASK
1444007739,1541.12,0.02,ASK
1444007743,1541.12,0.01,ASK
1444007751,1541.12,0.01,ASK
1444007752,1541.48,0.06,BID
1444007752,1541.49,0.1,BID
1444007752,1541.65,0.01,BID
1444007752,1541.74,0.001,BID
1444007755,1541.76,0.676,ASK
1444007756,1541.76,0.65,ASK
1444007756,1541.76,0.19,ASK
1444007756,1541.76,0.453,ASK
1444007756,1541.12,0.047,ASK
1444007757,1541.77,0.06,ASK
1444007765,1541.12,0.01,ASK
1444007771,1541.12,0.01,ASK
1444007779,1541.12,0.01,ASK
1444007786,1541.12,0.01,ASK
1444007791,1541.12,0.01,ASK
1444007794,1541.73,0.06,BID
1444007794,1541.74,0.0295,BID
1444007794,1541.75,0.59,BID
1444007794,1541.84,0.02,BID
1444007794,1541.85,0.4,BID
1444007794,1541.94,0.0577,BID
1444007794,1541.95,1.155,BID
1444007794,1541.96,1.3594,BID
1444007794,1542.0,1.0,BID
1444007794,1542.04,0.001,BID
1444007794,1542.04,0.001,BID
1444007794,1542.05,0.001,BID
1444007794,1542.21,0.002,BID
1444007794,1542.26,0.001,BID
1444007794,1542.28,0.001,BID
1444007794,1542.29,0.001,BID
1444007794,1542.34,0.005,BID
1444007794,1542.34,0.002,BID
1444007794,1542.34,0.002,BID
1444007794,1542.35,0.002,BID
1444007794,1542.45,0.002,BID
1444007794,1542.49,0.001,BID
1444007794,1542.49,0.001,BID
1444007794,1542.51,0.001,BID
1444007794,1542.52,0.001,BID
1444007794,1542.52,0.001,BID
1444007794,1542.53,0.001,BID
1444007794,1542.54,0.001,BID
1444007794,1542.54,0.001,BID
1444007794,1542.83,5.5874,BID
1444007794,1542.84,0.279,BID
1444007796,1541.12,0.01,ASK
1444007798,1542.82,9.179,BID
1444007803,1541.19,0.002,ASK
1444007803,1541.19,0.002,ASK
1444007803,1541.19,0.005,ASK
1444007803,1541.19,0.001,ASK
1444007803,1541.19,0.001,ASK
1444007803,1541.17,0.002,ASK
1444007803,1541.16,0.0324,ASK
1444007803,1541.15,0.1753,ASK
1444007804,1541.16,4.0,ASK
1444007804,1541.16,3.435,ASK
1444007804,1541.15,0.01,ASK
1444007824,1541.18,0.0338,ASK
1444007825,1541.99,0.01,BID
1444007827,1541.2,2.0,ASK
1444007832,1541.16,0.0239,ASK
1444007834,1541.16,0.3761,ASK
1444007834,1541.15,0.4627,ASK
1444007834,1541.12,0.1612,ASK
1444007849,1541.49,0.03,ASK
1444007849,1541.48,0.001,ASK
1444007852,1541.18,1.0,BID
1444007853,1541.18,0.648,BID
1444007854,1541.17,0.01,BID
1444007854,1541.18,0.6389,BID
1444007858,1541.18,0.6,BID
1444007859,1541.17,0.06,BID
1444007859,1541.18,0.5889,BID
1444007860,1541.18,0.06,BID
1444007885,1541.18,0.011,BID
1444007902,1541.12,0.8598,ASK
1444007902,1541.02,0.001,ASK
1444007902,1541.0,0.1392,ASK
1444007915,1541.17,0.0524,BID
1444007915,1541.17,0.02,BID
1444007915,1541.17,0.0395,BID
1444007915,1541.18,0.0834,BID
1444007916,1541.02,5.636,BID
1444007916,1541.18,0.1119,BID
1444007917,1541.18,2.9369,BID
1444007919,1541.18,0.01,ASK
1444007922,1541.19,0.01,ASK
1444007939,1541.14,0.4,BID
1444007990,1541.6,0.248,BID
1444007990,1541.63,0.001,BID
1444007990,1541.77,0.001,BID
1444007990,1541.77,0.001,BID
1444007990,1541.82,0.001,BID
1444007990,1542.0,0.002,BID
1444007990,1542.0,0.002,BID
1444007990,1542.0,0.005,BID
1444007990,1542.0,0.002,BID
1444007990,1542.02,0.002,BID
1444007990,1542.04,0.001,BID
1444007990,1542.25,0.004,BID
1444007990,1542.38,0.001,BID
1444007990,1542.38,0.001,BID
1444007990,1542.41,0.001,BID
1444007990,1542.46,0.4,BID
1444007990,1542.47,0.001,BID
1444007990,1542.47,3.734,BID
1444007992,1541.05,9.0,BID
1444007992,1541.05,6.892,BID
1444008024,1541.11,0.001,ASK
1444008024,1541.1,0.009,ASK
1444008033,1541.11,0.01,ASK
1444008064,1541.18,0.05,ASK
1444008064,1541.17,0.001,ASK
1444008064,1541.17,0.001,ASK
1444008064,1541.09,0.001,ASK
1444008064,1541.06,0.005,ASK
1444008064,1541.06,0.002,ASK
1444008064,1541.06,0.002,ASK
1444008064,1541.04,0.001,ASK
1444008064,1541.03,0.001,ASK
1444008064,1541.01,0.001,ASK
1444008064,1541.0,0.0238,ASK
1444008064,1540.98,0.001,ASK
1444008064,1540.98,0.001,ASK
1444008064,1540.94,0.001,ASK
1444008064,1540.92,0.02,ASK
1444008064,1540.91,0.4,ASK
1444008064,1540.87,0.068,ASK
1444008064,1540.86,0.4202,ASK
1444008083,1541.1,0.001,BID
1444008090,1540.88,0.002,ASK
1444008090,1540.88,0.002,ASK
1444008090,1540.86,0.006,ASK
1444008092,1541.74,2.0,ASK
1444008092,1541.74,4.025,ASK
1444008092,1540.86,0.9341,ASK
1444008092,1540.85,0.004,ASK
1444008092,1540.7,0.001,ASK
1444008092,1540.61,0.001,ASK
1444008092,1540.57,0.001,ASK
1444008092,1540.57,0.001,ASK
1444008092,1540.57,0.001,ASK
1444008092,1540.57,0.001,ASK
1444008092,1540.57,0.001,ASK
1444008092,1540.56,0.001,ASK
1444008092,1540.56,0.001,ASK
1444008092,1540.54,0.001,ASK
1444008092,1540.54,0.002,ASK
1444008092,1540.52,0.0499,ASK
1444008094,1540.87,0.0467,ASK
1444008094,1540.52,0.4433,ASK
1444008095,1540.52,0.0467,ASK
1444008103,1540.83,0.001,BID
1444008105,1540.53,0.1,ASK
1444008107,1540.83,0.059,BID
1444008107,1541.75,0.002,BID
1444008107,1541.75,0.002,BID
1444008108,1541.75,0.01,ASK
1444008109,1541.75,6.689,ASK
1444008109,1541.75,1.311,ASK
1444008109,1541.75,1.0,ASK
1444008109,1541.75,0.763,ASK
1444008109,1541.75,0.721,ASK
1444008109,1541.75,0.5,ASK
1444008109,1541.75,0.2,ASK
1444008110,1541.75,0.266,ASK
1444008111,1541.75,0.8,ASK
1444008111,1541.75,0.65,ASK
1444008112,1541.75,0.2,ASK
1444008112,1541.75,0.2,ASK
1444008112,1541.75,0.65,ASK
1444008113,1541.75,0.16,ASK
1444008113,1541.75,0.65,ASK
1444008113,1541.75,1.361,ASK
1444008113,1541.75,0.63,ASK
1444008114,1541.75,0.081,ASK
1444008114,1541.75,0.65,ASK
1444008114,1541.77,0.1,BID
1444008114,1541.99,0.015,BID
1444008114,1542.0,0.3,BID
1444008114,1542.44,0.001,BID
1444008114,1542.45,0.005,BID
1444008114,1542.45,0.002,BID
1444008114,1542.45,0.002,BID
1444008114,1542.45,0.0727,BID
1444008114,1542.46,0.001,BID
1444008114,1542.46,1.3603,BID
1444008114,1542.46,0.047,BID
1444008114,1542.47,3.4528,BID
1444008114,1542.48,0.001,BID
1444008114,1542.88,0.655,BID
1444008114,1542.9,1.112,BID
1444008115,1542.89,15.232,BID
1444008115,1542.89,25.613,BID
1444008115,1541.75,0.5,ASK
1444008116,1541.76,0.0768,ASK
1444008116,1541.76,0.015,ASK
1444008116,1541.75,0.5582,ASK
1444008116,1541.75,0.01,ASK
1444008117,1541.75,0.65,ASK
1444008117,1541.75,0.01,ASK
1444008118,1541.77,0.002,ASK
1444008118,1541.76,0.1038,ASK
1444008118,1541.75,0.5442,ASK
1444008119,1541.78,0.002,ASK
1444008119,1541.75,0.008,ASK
1444008119,1541.75,1.0,ASK
1444008120,1541.77,0.011,ASK
1444008120,1541.77,0.01,ASK
1444008121,1541.77,0.039,ASK
1444008121,1541.75,0.1646,ASK
1444008122,1541.25,0.01,BID
1444008122,1541.25,0.2987,BID
1444008123,1541.25,0.002,BID
1444008123,1541.25,0.002,BID
1444008131,1541.25,0.1,BID
1444008143,1540.81,0.01,ASK
1444008149,1540.81,0.021,ASK
1444008151,1540.81,0.033,ASK
1444008155,1540.82,0.3742,ASK
1444008155,1540.81,0.1246,ASK
1444008155,1540.8,0.001,ASK
1444008155,1540.61,0.056,ASK
1444008155,1540.6,0.204,ASK
1444008163,1540.62,0.001,ASK
1444008172,1540.62,0.01,ASK
1444008174,1540.62,0.104,ASK
1444008174,1540.62,0.0103,ASK
1444008176,1540.62,0.054,ASK
1444008183,1541.14,0.012,BID
1444008183,1541.15,0.2393,BID
1444008183,1541.16,0.06,BID
1444008183,1541.17,0.001,BID
1444008185,1541.17,0.012,ASK
1444008185,1541.17,0.2943,ASK
1444008185,1541.17,0.3533,ASK
1444008186,1541.17,0.5,ASK
1444008186,1541.17,0.03,ASK
1444008187,1541.17,0.1,ASK
1444008188,1541.17,0.3719,ASK
1444008189,1541.17,0.3533,ASK
1444008189,1541.17,0.1,ASK
1444008190,1541.17,0.9306,ASK
1444008190,1541.17,0.2,ASK
1444008191,1541.17,0.5,ASK
1444008191,1541.17,0.1,ASK
1444008196,1541.18,0.2519,ASK
1444008197,1541.17,1.3615,ASK
1444008198,1541.17,0.2,ASK
1444008210,1541.17,0.5,ASK
1444008212,1541.17,0.6492,ASK
1444008214,1541.17,0.1,ASK
1444008215,1541.17,0.4,ASK
1444008215,1541.17,0.01,ASK
1444008216,1541.17,0.1,ASK
1444008218,1541.17,0.1,ASK
1444008220,1541.17,0.1,ASK
1444008222,1541.17,0.6,ASK
1444008223,1541.17,0.1,ASK
1444008223,1541.17,0.017,ASK
1444008223,1541.17,0.064,ASK
1444008223,1541.17,0.01,ASK
1444008224,1541.17,0.384,ASK
1444008225,1541.17,0.113,ASK
1444008225,1541.17,0.01,ASK
1444008225,1541.17,0.1,ASK
1444008225,1541.17,1.0,ASK
1444008226,1541.17,1.0,ASK
1444008228,1541.17,0.1,ASK
1444008232,1541.17,1.0,ASK
1444008233,1541.17,0.5,ASK
1444008233,1541.17,0.01,ASK
1444008235,1541.18,0.023,BID
1444008235,1541.19,0.0187,BID
1444008235,1541.19,0.1,ASK
1444008236,1541.19,0.205,ASK
1444008236,1541.19,0.9386,ASK
1444008237,1541.19,0.5,ASK
1444008237,1541.19,0.1,ASK
1444008238,1541.19,0.609,ASK
1444008239,1541.19,0.1086,ASK
1444008241,1541.19,0.1,ASK
1444008243,1541.19,0.5,ASK
1444008243,1541.19,0.0414,ASK
1444008244,1541.17,0.1,ASK
1444008245,1541.17,0.2139,ASK
1444008246,1541.17,0.1,ASK
1444008249,1541.17,0.236,ASK
1444008249,1541.17,0.012,ASK
1444008250,1541.17,0.01,ASK
1444008250,1541.17,0.2667,ASK
1444008250,1541.15,0.06,ASK
1444008250,1541.02,0.001,ASK
1444008250,1541.0,0.3,ASK
1444008251,1540.71,0.002,ASK
1444008251,1540.62,0.001,ASK
1444008253,1540.8,0.372,BID
1444008253,1540.8,0.0003,BID
1444008254,1540.9,0.06,ASK
1444008256,1541.08,0.1,BID
1444008256,1541.18,0.05,BID
1444008256,1541.19,0.0187,BID
1444008256,1541.2,0.3733,BID
1444008257,1540.81,0.372,ASK
1444008257,1540.81,0.372,ASK
1444008257,1540.81,0.256,ASK
1444008259,1541.2,0.0009,BID
1444008259,1541.24,0.1886,BID
1444008259,1541.27,0.1,BID
1444008259,1541.65,0.002,BID
1444008259,1542.0,0.001,BID
1444008259,1542.23,0.001,BID
1444008259,1542.24,0.001,BID
1444008259,1542.26,0.001,BID
1444008259,1542.27,0.001,BID
1444008259,1542.27,0.004,BID
1444008259,1542.55,0.001,BID
1444008259,1542.55,0.001,BID
1444008259,1542.78,0.4,BID
1444008259,1542.81,0.1,BID
1444008259,1542.81,0.2519,BID
1444008259,1542.82,0.54,BID
1444008259,1542.85,0.002,BID
1444008259,1542.85,0.002,BID
1444008259,1542.87,0.002,BID
1444008259,1542.88,0.002,BID
1444008259,1542.89,0.027,BID
1444008259,1542.9,0.888,BID
1444008259,1542.92,1.214,BID
1444008259,1542.93,0.001,BID
1444008259,1542.93,0.001,BID
1444008259,1542.93,0.001,BID
1444008259,1542.94,0.005,BID
1444008259,1542.94,0.002,BID
1444008259,1542.94,0.001,BID
1444008259,1542.94,0.001,BID
1444008259,1542.94,0.001,BID
1444008259,1542.95,0.001,BID
1444008259,1542.95,0.001,BID
1444008259,1542.98,0.001,BID
1444008259,1542.98,0.001,BID
1444008259,1542.99,0.001,BID
1444008259,1542.99,0.001,BID
1444008259,1543.0,0.001,BID
1444008259,1543.0,0.3,BID
1444008259,1543.0,0.01,BID
1444008259,1543.0,1.0,BID
1444008259,1543.02,0.001,BID
1444008259,1543.02,0.001,BID
1444008259,1543.03,0.001,BID
1444008259,1543.03,0.001,BID
1444008259,1543.03,0.001,BID
1444008259,1543.03,0.001,BID
1444008259,1543.03,0.001,BID
1444008259,1543.03,0.001,BID
1444008259,1543.03,0.001,BID
1444008259,1543.04,0.001,BID
1444008259,1543.04,0.001,BID
1444008259,1543.12,0.001,BID
1444008259,1543.17,0.001,BID
1444008259,1543.17,0.001,BID
1444008259,1543.25,1.0,BID
1444008259,1543.5,0.008,BID
1444008259,1543.51,2.14,BID
1444008259,1543.52,4.6766,BID
1444008259,1541.18,0.1,ASK
1444008261,1541.3,0.063,ASK
1444008262,1541.66,0.1,BID
1444008262,1541.14,0.087,ASK
1444008264,1541.31,0.06,ASK
1444008264,1541.14,0.632,ASK
1444008265,1541.75,0.01,ASK
1444008267,1541.72,0.1,BID
1444008270,1541.82,0.1,ASK
1444008270,1541.34,0.002,ASK
1444008270,1541.34,0.002,ASK
1444008270,1541.32,0.1727,ASK
1444008271,1542.24,0.002,BID
1444008271,1542.24,0.002,BID
1444008271,1542.26,0.001,BID
1444008272,1542.34,0.095,ASK
1444008274,1542.18,0.0341,BID
1444008280,1541.36,0.002,ASK
1444008280,1541.34,0.002,ASK
1444008280,1541.32,0.006,ASK
1444008285,1541.34,0.002,ASK
1444008285,1541.34,0.002,ASK
1444008285,1541.33,0.006,ASK
1444008285,1541.33,0.033,ASK
1444008286,1541.33,0.01,ASK
1444008287,1541.75,0.227,ASK
1444008287,1541.75,0.033,ASK
1444008288,1541.75,0.0625,ASK
1444008289,1541.75,0.536,ASK
1444008290,1541.75,0.01,ASK
1444008290,1541.75,0.05,ASK
1444008294,1541.76,0.1454,ASK
1444008294,1541.75,0.8546,ASK
1444008294,1541.75,0.05,ASK
1444008295,1541.95,0.3,BID
1444008295,1541.75,0.5,ASK
1444008296,1541.94,0.0312,BID
1444008296,1541.94,0.06,BID
1444008296,1541.95,0.324,BID
1444008296,1541.96,0.2,ASK
1444008297,1541.96,0.0088,ASK
1444008297,1541.93,0.0202,BID
1444008298,1541.96,0.01,ASK
1444008298,1541.96,0.378,ASK
1444008299,1541.96,0.01,ASK
1444008299,1541.96,0.2,ASK
1444008299,1541.96,0.0058,ASK
1444008299,1541.75,0.0042,ASK
1444008301,1541.83,0.1,BID
1444008301,1541.83,0.085,BID
1444008301,1541.95,0.0088,BID
1444008301,1541.95,0.0088,BID
1444008301,1541.96,0.1138,ASK
1444008301,1541.75,2.4495,ASK
1444008302,1541.75,0.65,ASK
1444008303,1541.75,1.0,ASK
1444008303,1541.75,0.05,ASK
1444008303,1541.75,0.65,ASK
1444008304,1541.75,0.01,ASK
1444008304,1541.75,1.0,ASK
1444008305,1541.75,0.15,ASK
1444008307,1541.76,0.05,ASK
1444008308,1541.76,0.01,ASK
1444008308,1541.75,0.4132,ASK
1444008308,1541.67,0.001,ASK
1444008308,1541.34,0.1101,ASK
1444008315,1541.76,0.11,ASK
1444008316,1541.76,0.5,ASK
1444008316,1541.98,0.032,BID
1444008316,1541.76,0.1864,ASK
1444008317,1541.94,4.0,ASK
1444008317,1541.94,13.0,ASK
1444008317,1541.94,5.573,ASK
1444008323,1541.77,0.0179,ASK
1444008324,1541.97,0.001,BID
1444008324,1541.76,0.3586,ASK
1444008324,1541.75,0.0004,BID
1444008330,1541.39,0.063,BID
1444008331,1541.39,0.056,BID
1444008331,1541.4,0.017,ASK
1444008333,1541.4,0.01,ASK
1444008338,1541.98,0.1134,BID
1444008340,1541.98,0.06,ASK
1444008341,1541.98,0.083,ASK
1444008341,1541.98,0.1,ASK
1444008348,1541.98,0.15,ASK
1444008349,1541.98,0.019,ASK
1444008353,1541.98,0.05,ASK
1444008354,1541.98,0.01,ASK
1444008356,1541.98,0.03,ASK
1444008357,1541.98,0.05,ASK
1444008362,1541.98,0.05,ASK
1444008363,1541.98,0.5,ASK
1444008363,1541.98,0.01,ASK
1444008364,1541.98,0.01,ASK
1444008364,1541.98,0.475,ASK
1444008364,1541.98,0.01,ASK
1444008365,1541.99,0.001,BID
1444008366,1541.98,0.05,ASK
1444008368,1541.98,0.1,ASK
1444008369,1541.98,0.0752,ASK
1444008369,1541.94,0.06,ASK
1444008371,1541.47,0.04,BID
1444008372,1541.4,0.036,ASK
1444008372,1541.4,0.119,ASK
1444008373,1541.46,0.05,BID
1444008374,1541.38,0.001,ASK
1444008374,1541.35,0.009,ASK
1444008376,1541.46,0.01,BID
1444008401,1541.97,0.011,BID
1444008401,1541.98,0.12,BID
1444008401,1541.98,0.1,BID
1444008401,1541.99,0.014,BID
1444008401,1542.0,0.3,BID
1444008401,1542.1,0.002,BID
1444008401,1542.11,0.002,BID
1444008401,1542.12,0.1115,BID
1444008401,1542.16,0.002,BID
1444008401,1542.22,0.002,BID
1444008401,1542.44,0.1131,BID
1444008401,1542.45,0.0233,BID
1444008401,1542.46,0.56,BID
1444008402,1541.39,5.0,BID
1444008402,1541.39,11.894,BID
1444008438,1541.45,0.0057,ASK
1444008438,1541.44,0.0043,ASK
1444008439,1541.44,0.01,ASK
1444008443,1541.44,0.01,ASK
1444008451,1541.43,0.002,ASK
1444008451,1541.43,0.002,ASK
1444008451,1541.42,0.006,ASK
1444008465,1541.43,0.01,ASK
1444008469,1541.44,0.001,ASK
1444008469,1541.42,0.0142,ASK
1444008469,1541.41,0.002,ASK
1444008469,1541.41,0.002,ASK
1444008469,1541.41,0.0396,ASK
1444008473,1541.45,0.01,ASK
1444008476,1541.45,0.03,ASK
1444008484,1541.96,0.07,BID
1444008484,1541.97,0.0202,BID
1444008484,1541.97,0.0098,BID
1444008487,1541.42,0.01,ASK
1444008510,1541.43,0.06,ASK
1444008510,1541.42,0.018,ASK
1444008510,1541.42,0.0149,ASK
1444008510,1541.41,0.56,ASK
1444008510,1541.41,0.1023,ASK
1444008510,1541.4,0.0451,ASK
1444008510,1541.4,2.0,ASK
1444008510,1541.38,0.0684,ASK
1444008510,1541.36,0.12,ASK
1444008510,1541.35,0.1709,ASK
1444008510,1541.33,0.0625,ASK
1444008510,1541.32,0.0561,ASK
1444008510,1541.29,0.001,ASK
1444008510,1541.29,0.001,ASK
1444008510,1541.2,0.001,ASK
1444008510,1541.19,0.001,ASK
1444008510,1541.19,0.001,ASK
1444008510,1541.17,0.001,ASK
1444008510,1541.11,0.005,ASK
1444008510,1541.11,0.001,ASK
1444008510,1541.1,1.3618,ASK
1444008510,1541.09,0.063,ASK
1444008510,1541.0,0.3,ASK
1444008510,1540.92,13.349,ASK
1444008510,1540.83,7.1938,ASK
1444008510,1540.82,0.3071,ASK
1444008510,1540.81,0.1163,ASK
1444008510,1540.62,0.114,ASK
1444008511,1540.62,0.5,BID
1444008512,1540.62,2.1,BID
1444008512,1540.62,0.172,BID
1444008512,1540.62,4.5899,BID
1444008512,1540.62,4.3854,BID
1444008513,1541.11,1.3618,BID
1444008513,1541.95,0.1,BID
1444008513,1541.96,0.0213,BID
1444008513,1541.96,0.0187,BID
1444008513,1541.97,0.4982,BID
1444008524,1540.94,0.1239,BID
1444008524,1541.18,1.0,BID
1444008524,1541.62,0.06,BID
1444008524,1541.96,0.0319,BID
1444008524,1541.97,0.5018,BID
1444008524,1541.97,0.0112,BID
1444008524,1541.97,0.0408,BID
1444008524,1541.98,1.04,BID
1444008525,1541.98,0.1,ASK
1444008527,1541.98,0.2904,ASK
1444008530,1541.27,0.01,BID
1444008530,1541.28,0.1,BID
1444008530,1541.97,1.155,BID
1444008530,1541.98,0.1,BID
1444008530,1542.38,0.01,BID
1444008530,1542.4,0.0057,BID
1444008530,1542.41,0.002,BID
1444008530,1542.41,0.002,BID
1444008530,1542.43,0.002,BID
1444008530,1542.43,0.002,BID
1444008530,1542.44,0.0451,BID
1444008530,1542.56,0.001,BID
1444008530,1542.75,0.0341,BID
1444008530,1542.78,0.005,BID
1444008530,1542.78,0.001,BID
1444008530,1542.89,0.05,BID
1444008530,1542.9,1.0,BID
1444008530,1543.0,0.0551,BID
1444008531,1541.2,0.001,ASK
1444008532,1541.2,0.059,ASK
1444008532,1541.19,0.001,ASK
1444008542,1540.81,0.0409,BID
1444008546,1540.81,0.001,BID
1444008554,1540.82,0.0409,BID
1444008558,1541.47,0.1807,BID
1444008560,1541.48,0.0003,ASK
1444008563,1541.2,0.219,BID
1444008565,1541.19,0.001,BID
1444008566,1540.88,0.04,ASK
1444008566,1540.87,0.002,ASK
1444008566,1540.87,0.005,ASK
1444008566,1540.85,0.002,ASK
1444008566,1540.85,0.001,ASK
1444008566,1540.85,0.002,ASK
1444008566,1540.83,0.0409,ASK
1444008566,1540.7,0.049,ASK
1444008566,1540.69,0.0301,ASK
1444008566,1541.19,0.019,BID
1444008576,1541.59,0.132,ASK
1444008578,1541.58,0.0306,BID
1444008578,1541.94,0.04,BID
1444008578,1541.95,0.002,BID
1444008578,1541.95,0.005,BID
1444008578,1541.97,0.002,BID
1444008578,1541.97,0.002,BID
1444008578,1541.97,0.001,BID
1444008578,1541.97,0.0137,BID
1444008578,1541.97,0.015,BID
1444008578,1541.98,1.02,BID
1444008578,1541.99,0.0105,BID
1444008578,1541.99,1.0,BID
1444008578,1541.99,1.0,BID
1444008578,1542.0,0.3,BID
1444008578,1542.26,0.449,BID
1444008583,1541.39,0.021,BID
1444008587,1541.59,0.001,ASK
1444008587,1541.42,0.001,ASK
1444008587,1541.4,0.008,ASK
1444008589,1541.4,0.01,ASK
1444008590,1541.4,0.003,ASK
1444008591,1541.22,0.01,ASK
1444008593,1541.22,0.01,ASK
1444008593,1541.24,0.007,BID
1444008593,1541.26,0.162,BID
1444008593,1541.26,0.0002,BID
1444008599,1541.28,0.01,ASK
1444008599,1541.28,0.002,ASK
1444008600,1541.28,0.048,ASK
1444008601,1541.27,0.0288,ASK
1444008602,1541.21,0.0103,ASK
1444008605,1541.01,0.0185,BID
1444008605,1541.5,0.1993,BID
1444008607,1541.67,0.001,ASK
1444008607,1541.51,0.0002,ASK
1444008612,1541.2,0.07,BID
1444008622,1541.5,0.2219,BID
1444008623,1541.51,0.0001,ASK
1444008625,1541.37,1.0,BID
1444008625,1541.37,8.0,BID
1444008625,1541.37,3.129,BID
1444008627,1541.51,0.5397,BID
1444008627,1541.72,0.12,BID
1444008631,1541.82,0.002,BID
1444008633,1541.52,0.0003,ASK
1444008633,1541.36,0.06,ASK
1444008633,1541.35,0.03,ASK
1444008636,1541.35,1.6929,BID
1444008639,1541.21,0.0589,ASK
1444008640,1541.21,0.0111,ASK
1444008641,1541.2,0.0589,BID
1444008641,1541.26,0.01,ASK
1444008642,1541.26,0.2184,ASK
1444008646,1541.28,0.148,BID
1444008649,1541.26,0.01,ASK
1444008651,1541.26,0.0531,ASK
1444008651,1541.26,0.0988,ASK
1444008658,1541.07,0.001,ASK
1444008658,1541.04,0.009,ASK
1444008665,1541.24,0.06,BID
1444008665,1541.25,0.04,BID
1444008667,1541.04,0.01,ASK
1444008676,1541.04,0.01,ASK
1444008684,1541.05,0.01,ASK
1444008686,1541.19,0.0112,BID
1444008686,1541.2,0.1688,BID
1444008687,1541.07,0.2239,BID
1444008695,1541.07,0.01,BID
1444008700,1541.05,0.04,BID
1444008700,1541.07,0.56,BID
1444008703,1541.07,0.501,BID
1444008704,1541.07,0.02,BID
1444008704,1541.07,0.6489,BID
1444008705,1541.07,0.1,BID
1444008705,1541.07,0.6489,BID
1444008706,1541.07,0.6,BID
1444008706,1541.06,0.01,ASK
1444008707,1541.07,0.6489,BID
1444008708,1541.07,0.0384,BID
1444008710,1541.11,0.01,BID
1444008720,1541.25,0.1119,BID
1444008721,1541.25,0.0621,ASK
1444008735,1541.24,0.1923,BID
1444008735,1541.33,0.0111,BID
1444008735,1541.34,0.3949,BID
1444008735,1541.35,0.3079,BID
1444008735,1541.46,0.001,BID
1444008735,1541.64,1.0,BID
1444008735,1541.64,0.5928,BID
1444008737,1541.63,1.0,BID
1444008737,1541.63,15.0,BID
1444008737,1541.63,0.899,BID
1444008784,1541.3,0.031,BID
1444008837,1541.49,0.2163,BID
1444008848,1541.6,0.1,BID
1444008853,1541.51,0.0107,ASK
1444008856,1541.51,0.06,ASK
1444008856,1541.5,0.2163,ASK
1444008856,1541.34,0.0112,ASK
1444008856,1541.33,0.165,ASK
1444008857,1541.52,0.06,ASK
1444008858,1541.52,0.267,ASK
1444008858,1541.33,0.0593,ASK
1444008858,1541.31,0.0007,ASK
1444008859,1541.31,0.0303,ASK
1444008859,1541.31,0.031,ASK
1444008859,1541.27,0.02,ASK
1444008860,1541.27,0.1857,BID
1444008860,1541.51,0.327,BID
1444008860,1541.51,0.1413,BID
1444008860,1541.51,0.164,BID
1444008861,1541.5,0.0107,BID
1444008861,1541.51,0.0217,BID
1444008862,1541.52,0.1019,ASK
1444008863,1541.52,0.5144,ASK
1444008863,1541.27,0.0626,ASK
1444008867,1541.28,0.0107,ASK
1444008867,1541.27,0.3374,ASK
1444008868,1541.27,0.1663,BID
1444008868,1541.5,0.0108,BID
1444008868,1541.51,0.5773,BID
1444008872,1541.28,0.01,ASK
1444008873,1541.47,0.154,BID
1444008874,1541.47,0.0184,BID
1444008876,1541.48,0.06,ASK
1444008877,1541.5,0.0111,BID
1444008877,1541.51,0.039,BID
1444008877,1541.73,0.0112,BID
1444008877,1541.74,0.2243,BID
1444008877,1541.75,0.001,BID
1444008877,1541.86,0.001,BID
1444008877,1541.91,0.001,BID
1444008877,1541.92,0.001,BID
1444008877,1541.94,0.0103,BID
1444008878,1541.94,0.0237,ASK
1444008878,1541.48,0.094,ASK
1444008881,1541.47,0.0363,BID
1444008881,1541.47,0.094,BID
1444008881,1541.79,0.1524,BID
1444008881,1541.98,0.7433,BID
1444008885,1541.78,0.1777,BID
1444008885,1541.98,0.104,BID
1444008887,1541.88,0.001,BID
1444008887,1541.9,0.2262,BID
1444008887,1541.98,0.1727,BID
1444008887,1542.03,0.001,BID
1444008887,1542.03,0.001,BID
1444008887,1542.03,0.001,BID
1444008887,1542.03,0.001,BID
1444008889,1542.03,0.0545,ASK
1444008891,1541.86,0.393,ASK
1444008892,1541.86,0.65,ASK
1444008893,1541.86,0.65,ASK
1444008900,1541.87,0.0629,ASK
1444008900,1541.87,0.0472,ASK
1444008900,1541.87,0.06,ASK
1444008900,1541.86,0.8299,ASK
1444008901,1541.86,0.0629,ASK
1444008910,1541.92,0.001,BID
1444008921,1541.87,0.011,ASK
1444008923,1541.87,0.0667,ASK
1444008923,1541.86,0.0812,ASK
1444008924,1541.86,0.0777,ASK
1444008925,1541.87,0.1873,ASK
1444008925,1541.92,0.06,BID
1444008927,1541.87,0.2006,ASK
1444008930,1541.88,0.375,ASK
1444008930,1541.88,0.0007,ASK
1444008930,1541.88,0.06,ASK
1444008930,1541.87,0.315,ASK
1444008931,1541.87,0.4357,ASK
1444008931,1541.87,0.0164,ASK
1444008932,1541.86,0.4521,ASK
1444008935,1541.86,0.01,ASK
1444008936,1541.87,0.4193,BID
1444008937,1541.93,0.1682,ASK
1444008937,1541.86,0.0023,ASK
1444008940,1541.88,0.2191,ASK
1444008942,1541.88,0.2002,ASK
1444008942,1541.87,0.2191,ASK
1444008943,1541.87,0.2002,ASK
1444008944,1541.87,0.033,BID
1444008944,1542.0,0.06,BID
1444008944,1542.01,0.0793,BID
1444008944,1542.01,0.2242,BID
1444008945,1541.88,0.033,ASK
1444008945,1541.86,0.1062,ASK
1444008946,1542.02,0.0188,BID
1444008946,1542.03,0.3757,BID
1444008947,1542.03,0.025,ASK
1444008947,1542.03,0.2127,ASK
1444008948,1542.03,0.1409,ASK
1444008948,1542.03,0.2306,ASK
1444008963,1541.89,0.0176,ASK
1444008963,1541.88,0.2915,ASK
1444008963,1541.86,0.6909,ASK
1444008964,1541.9,0.06,ASK
1444008964,1541.86,0.94,ASK
1444008979,1541.86,0.069,ASK
1444008982,1541.91,0.06,BID
1444008983,1541.99,0.0146,BID
1444008983,1542.0,0.2915,BID
1444008983,1542.02,0.033,BID
1444008984,1542.04,0.001,BID
1444008988,1542.12,0.001,BID
1444008988,1542.25,0.0328,BID
1444008988,1542.26,0.2063,BID
1444008988,1542.26,0.3689,BID
1444008999,1542.26,0.0803,BID
1444009005,1542.34,0.1,BID
1444009005,1542.62,0.001,BID
1444009005,1542.67,0.001,BID
1444009005,1542.67,0.001,BID
1444009005,1542.68,0.001,BID
1444009005,1542.74,0.1,BID
1444009005,1542.78,0.132,BID
1444009005,1542.81,0.001,BID
1444009005,1542.95,0.02,BID
1444009005,1542.96,0.4,BID
1444009005,1542.97,0.0273,BID
1444009005,1542.97,0.206,BID
1444009005,1542.98,13.3489,BID
1444009005,1542.99,6.399,BID
1444009014,1542.39,0.5254,ASK
1444009014,1542.38,0.001,ASK
1444009014,1542.35,0.1,ASK
1444009014,1542.27,0.0803,ASK
1444009014,1541.98,0.06,BID
1444009014,1541.98,0.0263,BID
1444009016,1541.98,0.227,BID
1444009016,1542.4,0.1171,ASK
1444009020,1541.99,0.01,ASK
1444009027,1542.14,0.01,BID
1444009029,1542.14,0.001,BID
1444009030,1542.14,0.049,BID
1444009030,1542.36,0.0162,BID
1444009030,1542.37,0.0348,BID
1444009036,1542.3,0.001,BID
1444009037,1542.35,0.001,ASK
1444009039,1542.37,0.053,BID
1444009040,1542.37,0.2356,BID
1444009041,1542.38,0.001,ASK
1444009046,1542.69,0.001,BID
1444009046,1542.94,0.0456,BID
1444009046,1542.95,0.0172,BID
1444009046,1542.96,0.3441,BID
1444009046,1542.97,0.001,BID
1444009046,1542.98,0.0395,BID
1444009046,1542.99,0.7945,BID
1444009046,1543.0,0.2449,BID
1444009046,1543.0,0.1,BID
1444009046,1543.01,0.001,BID
1444009046,1543.11,0.001,BID
1444009046,1543.11,0.001,BID
1444009046,1543.27,0.001,BID
1444009046,1543.31,0.001,BID
1444009046,1543.37,0.1,BID
1444009046,1543.52,3.0918,BID
1444009046,1543.6,0.0198,BID
1444009046,1543.69,0.001,BID
1444009046,1543.69,0.001,BID
1444009046,1543.74,0.001,BID
1444009046,1543.75,0.001,BID
1444009046,1543.78,0.006,BID
1444009046,1543.79,0.001,BID
1444009046,1543.79,0.001,BID
1444009046,1543.82,0.001,BID
1444009046,1543.82,0.001,BID
1444009046,1543.83,0.001,BID
1444009046,1543.83,0.001,BID
1444009046,1543.84,0.001,BID
1444009046,1543.89,0.1,BID
1444009046,1543.99,0.001,BID
1444009046,1544.0,0.261,BID
1444009048,1542.4,10.723,BID
1444009052,1542.43,0.002,ASK
1444009052,1542.41,0.005,ASK
1444009052,1542.41,0.002,ASK
1444009052,1542.39,0.001,ASK
1444009053,1543.47,1.0,ASK
1444009053,1543.47,7.0,ASK
1444009053,1543.47,6.553,ASK
1444009068,1542.69,0.001,BID
1444009073,1542.86,0.0262,ASK
1444009074,1543.43,1.0,ASK
1444009074,1543.43,1.0,ASK
1444009074,1543.43,1.923,ASK
1444009092,1542.48,0.0103,ASK
1444009092,1542.47,0.2065,ASK
1444009092,1542.46,0.06,ASK
1444009092,1542.45,0.001,ASK
1444009092,1542.43,0.001,ASK
1444009092,1542.43,0.001,ASK
1444009092,1542.41,0.002,ASK
1444009092,1542.41,0.025,ASK
1444009092,1542.4,0.4892,ASK
1444009093,1543.31,0.0247,BID
1444009093,1543.32,0.5254,BID
1444009093,1543.34,0.2065,BID
1444009093,1543.35,0.001,BID
1444009093,1543.43,0.1,BID
1444009093,1543.46,0.001,BID
1444009093,1543.46,0.002,BID
1444009093,1543.48,0.002,BID
1444009093,1543.51,0.019,BID
1444009093,1543.52,0.495,BID
1444009093,1543.94,0.001,BID
1444009093,1543.98,0.005,BID
1444009093,1543.98,0.002,BID
1444009093,1544.0,0.039,BID
1444009093,1544.0,1.0,BID
1444009093,1544.0,1.0,BID
1444009093,1544.13,0.001,BID
1444009093,1544.23,0.001,BID
1444009093,1544.24,0.0838,BID
1444009093,1544.34,0.1,BID
1444009093,1544.35,0.2385,BID
1444009093,1544.35,2.434,BID
1444009104,1542.46,0.001,ASK
1444009104,1542.45,0.042,ASK
1444009105,1542.45,0.4051,ASK
1444009105,1542.44,0.0389,ASK
1444009105,1542.43,0.5267,ASK
1444009106,1542.44,0.0324,BID
1444009106,1542.44,0.0496,BID
1444009108,1542.47,0.0215,ASK
1444009111,1542.93,0.004,BID
1444009113,1542.5,0.001,BID
1444009113,1542.92,0.0496,BID
1444009113,1542.93,0.0223,BID
1444009113,1542.94,0.2271,BID
1444009114,1542.47,0.0125,ASK
1444009114,1542.47,0.001,ASK
1444009115,1542.47,0.2507,ASK
1444009115,1542.43,0.001,ASK
1444009115,1542.4,0.0108,ASK
1444009115,1542.39,0.0446,ASK
1444009115,1542.38,0.0429,ASK
1444009115,1542.91,0.06,BID
1444009115,1542.93,0.0149,BID
1444009115,1542.94,0.2989,BID
1444009115,1542.96,0.2642,BID
1444009115,1542.97,0.001,BID
1444009115,1542.99,0.4,BID
1444009115,1544.33,0.0343,BID
1444009115,1544.34,0.0272,BID
1444009115,1542.38,0.0091,ASK
1444009115,1542.38,0.0034,ASK
1444009118,1542.48,0.525,ASK
1444009122,1542.5,0.005,ASK
1444009122,1542.4,0.002,ASK
1444009122,1542.4,0.002,ASK
1444009122,1542.4,0.002,ASK
1444009122,1542.38,0.2852,ASK
1444009122,1542.35,0.0708,ASK
1444009123,1542.35,0.0002,ASK
1444009123,1542.32,0.0008,ASK
1444009124,1542.51,0.001,ASK
1444009129,1542.51,0.05,ASK
1444009130,1542.64,0.001,ASK
1444009130,1542.52,0.059,ASK
1444009130,1542.52,0.059,ASK
1444009132,1542.52,0.01,ASK
1444009133,1542.52,0.1526,ASK
1444009133,1542.37,0.001,ASK
1444009133,1542.31,0.004,BID
1444009134,1542.18,1.0,ASK
1444009134,1542.18,8.0,ASK
1444009134,1542.18,9.713,ASK
1444009135,1542.17,0.001,ASK
1444009137,1542.19,0.001,BID
1444009137,1542.26,0.049,BID
1444009138,1542.26,0.1036,BID
1444009138,1542.51,0.1126,BID
1444009139,1542.16,0.001,ASK
1444009141,1542.27,0.001,ASK
1444009143,1542.27,0.1516,ASK
1444009143,1542.16,0.399,ASK
1444009143,1542.16,0.0274,ASK
1444009143,1542.16,0.0006,ASK
1444009143,1542.15,0.05,ASK
1444009143,1542.15,0.101,ASK
1444009144,1542.15,0.05,ASK
1444009145,1542.26,0.004,BID
1444009147,1542.15,0.001,ASK
1444009149,1542.16,0.001,ASK
1444009150,1542.25,0.256,BID
1444009150,1542.25,0.001,BID
1444009152,1542.21,0.001,BID
1444009152,1542.25,0.0081,BID
1444009152,1542.25,0.05,BID
1444009153,1542.26,0.001,ASK
1444009155,1542.26,0.01,ASK
1444009158,1542.32,0.004,BID
1444009159,1542.26,0.05,ASK
1444009167,1542.27,0.001,ASK
1444009169,1542.28,0.001,BID
1444009172,1542.26,0.001,ASK
1444009174,1542.26,0.001,ASK
1444009181,1542.26,0.001,ASK
1444009185,1542.26,0.142,ASK
1444009185,1542.26,0.067,ASK
1444009185,1542.21,0.001,ASK
1444009185,1542.16,0.0604,ASK
1444009186,1542.16,0.07,BID
1444009187,1542.16,0.0241,BID
1444009189,1542.25,0.001,BID
1444009194,1542.24,0.004,BID
1444009194,1542.24,0.0065,BID
1444009194,1542.25,0.188,BID
1444009196,1542.15,0.1864,ASK
1444009197,1542.15,0.4506,ASK
1444009197,1542.18,0.001,BID
1444009197,1542.25,0.021,BID
1444009197,1542.28,0.0118,BID
1444009197,1542.29,0.256,BID
1444009197,1542.32,0.044,BID
1444009198,1542.32,0.03,ASK
1444009199,1542.32,0.7,ASK
1444009199,1542.32,0.001,ASK
1444009200,1542.32,0.13,ASK
1444009210,1542.5,0.001,BID
1444009213,1542.46,0.001,BID
1444009213,1542.49,0.403,BID
1444009216,1542.68,18.315,BID
1444009217,1542.34,0.06,ASK
1444009217,1542.33,0.0937,ASK
1444009217,1542.33,0.0224,ASK
1444009217,1542.33,0.0137,ASK
1444009218,1542.66,0.004,BID
1444009221,1542.33,0.0046,ASK
1444009221,1542.33,0.0231,ASK
1444009221,1542.33,0.0137,ASK
1444009221,1542.32,0.8272,ASK
1444009221,1542.27,0.1314,ASK
1444009226,1542.65,0.06,BID
1444009226,1542.69,0.0937,BID
1444009226,1542.7,0.0136,BID
1444009226,1542.71,0.2806,BID
1444009226,1542.86,0.001,BID
1444009226,1543.46,0.122,ASK
1444009228,1543.46,0.329,ASK
1444009228,1543.46,0.209,ASK
1444009228,1543.46,2.179,ASK
1444009229,1543.47,0.209,ASK
1444009229,1543.47,0.3164,ASK
1444009229,1543.46,4.4106,ASK
1444009231,1543.46,0.07,ASK
1444009231,1543.46,0.001,ASK
1444009232,1543.46,0.4184,ASK
1444009232,1543.46,0.1164,ASK
1444009232,1542.79,0.001,ASK
1444009232,1542.28,0.0542,ASK
1444009232,1542.27,0.3284,ASK
1444009233,1543.47,0.3176,ASK
1444009234,1542.77,0.06,BID
1444009236,1542.71,0.001,ASK
1444009237,1542.71,0.048,ASK
1444009238,1542.71,0.051,ASK
1444009251,1542.63,0.001,BID
1444009271,1542.45,0.001,BID
1444009285,1542.44,0.1765,BID
1444009285,1542.45,0.0585,BID
1444009286,1542.45,0.0005,BID
1444009291,1542.46,0.001,BID
1444009296,1542.45,0.01,ASK
1444009304,1542.45,0.001,ASK
1444009305,1542.45,0.001,ASK
1444009306,1542.45,0.001,ASK
1444009307,1542.45,0.001,ASK
1444009308,1542.45,0.001,ASK
1444009310,1542.45,0.001,ASK
1444009311,1542.52,0.001,BID
1444009312,1542.45,0.16,ASK
1444009313,1542.46,0.06,ASK
1444009313,1542.32,0.101,ASK
1444009313,1542.44,0.008,BID
1444009314,1542.32,0.16,ASK
1444009331,1542.32,4.7938,ASK
1444009349,1542.43,0.06,BID
1444009349,1542.44,0.067,BID
1444009350,1542.44,0.06,BID
1444009350,1542.44,0.001,BID
1444009371,1542.42,0.001,BID
1444009376,1542.35,0.001,ASK
1444009380,1542.35,0.001,ASK
1444009385,1542.36,0.001,BID
1444009385,1542.36,0.001,ASK
1444009390,1542.42,0.0664,BID
1444009390,1542.44,0.024,BID
1444009395,1542.52,0.004,BID
1444009403,1542.45,0.001,ASK
1444009405,1542.43,1.0,ASK
1444009411,1542.43,0.022,ASK
1444009411,1542.43,1.0,ASK
1444009412,1542.43,0.44,ASK
1444009419,1542.44,0.06,ASK
1444009419,1542.43,4.94,ASK
1444009422,1542.52,0.0784,BID
1444009422,1542.63,0.1046,BID
1444009424,1542.63,0.0272,BID
1444009424,1542.64,0.1828,ASK
1444009424,1542.53,0.0784,ASK
1444009424,1542.47,0.0658,ASK
1444009425,1542.62,0.0272,BID
1444009454,1542.6,0.03,BID
1444009454,1542.61,0.0618,BID
1444009454,1542.7,0.049,BID
1444009454,1542.7,0.099,BID
1444009499,1542.75,0.001,BID
1444009504,1542.91,0.13,BID
1444009504,1543.39,0.1,BID
1444009504,1543.41,0.1,BID
1444009504,1543.52,0.001,BID
1444009504,1543.55,0.0394,BID
1444009504,1543.56,0.2121,BID
1444009509,1542.92,0.13,ASK
1444009518,1543.34,0.366,BID
1444009518,1543.53,0.0263,BID
1444009518,1543.54,0.0143,BID
1444009518,1543.55,0.0288,BID
1444009518,1543.56,0.1415,BID
1444009520,1542.77,0.0143,ASK
1444009520,1542.76,0.0515,ASK
1444009523,1542.76,0.0085,ASK
1444009523,1542.72,0.0015,ASK
1444009534,1543.13,0.0573,BID
1444009543,1542.78,0.0389,ASK
1444009543,1542.77,0.0573,ASK
1444009543,1542.72,0.009,ASK
1444009543,1542.71,0.1048,ASK
1444009553,1542.71,0.001,ASK
1444009575,1542.73,0.07,ASK
1444009576,1542.71,0.07,ASK
1444009576,1542.77,0.0389,BID
1444009577,1542.71,0.0342,ASK
1444009577,1542.61,0.03,ASK
1444009577,1542.61,0.007,ASK
1444009577,1542.55,0.033,ASK
1444009577,1542.78,0.0389,BID
1444009578,1542.55,0.022,ASK
1444009578,1542.49,0.0122,ASK
1444009596,1542.69,0.1106,BID
1444009596,1542.7,0.1042,BID
1444009597,1542.7,0.001,ASK
1444009599,1542.7,0.0993,ASK
1444009603,1542.71,0.001,ASK
1444009609,1542.9,0.004,BID
1444009641,1542.73,0.04,ASK
1444009642,1542.72,0.04,ASK
1444009651,1542.72,0.04,ASK
1444009652,1542.72,0.0937,ASK
1444009653,1542.71,0.0352,BID
1444009654,1542.71,0.0048,BID
1444009668,1542.73,0.001,BID
1444009668,1542.88,0.0218,BID
1444009668,1542.88,0.023,BID
1444009668,1542.89,0.4354,BID
1444009668,1542.89,0.4,BID
1444009668,1542.89,0.1518,BID
1444009668,1542.9,5.449,BID
1444009681,1542.88,0.06,BID
1444009681,1542.89,1.156,BID
1444009681,1542.9,5.266,BID
1444009690,1542.77,0.003,ASK
1444009699,1542.89,0.1197,BID
1444009700,1542.9,0.1197,BID
1444009711,1542.89,0.001,ASK
1444009713,1542.89,0.0296,ASK
1444009714,1542.89,0.1389,ASK
1444009718,1542.89,0.021,ASK
1444009729,1542.89,0.01,ASK
1444009732,1542.89,0.001,ASK
1444009738,1542.89,0.0261,ASK
1444009744,1542.9,0.1589,BID
1444009745,1542.9,0.6481,BID
1444009746,1542.9,0.6481,BID
1444009747,1542.89,0.4842,ASK
1444009747,1542.89,0.0058,ASK
1444009747,1542.9,12.2,BID
1444009748,1542.89,0.0992,ASK
1444009750,1542.88,0.49,BID
1444009750,1542.88,0.5892,BID
1444009750,1542.89,11.8712,BID
1444009751,1542.85,0.06,ASK
1444009751,1542.77,0.1267,ASK
1444009751,1542.74,0.0578,ASK
1444009751,1542.74,0.068,ASK
1444009751,1542.73,1.156,ASK
1444009751,1542.73,0.2004,ASK
1444009752,1542.89,1.18,BID
1444009753,1542.84,0.06,BID
1444009753,1542.88,0.068,BID
1444009753,1542.88,0.0578,BID
1444009753,1542.89,0.4623,BID
1444009755,1542.89,12.6648,BID
1444009756,1542.83,0.06,BID
1444009760,1542.74,0.058,ASK
1444009760,1542.74,0.0059,ASK
1444009760,1542.73,0.9361,ASK
1444009761,1542.73,0.0639,ASK
1444009763,1542.73,0.1605,ASK
1444009763,1542.72,0.2695,BID
1444009763,1542.88,0.0059,BID
1444009763,1542.89,3.6046,BID
1444009765,1542.72,0.06,BID
1444009773,1542.7,0.001,ASK
1444009775,1542.7,0.001,ASK
1444009776,1542.7,0.001,ASK
1444009777,1542.72,0.1005,BID
1444009777,1542.75,0.06,BID
1444009777,1542.88,0.2587,BID
1444009778,1542.71,1.0,BID
1444009778,1542.71,7.576,BID
1444009778,1542.73,0.001,ASK
1444009778,1542.73,0.0995,ASK
1444009778,1542.7,0.9005,ASK
1444009780,1542.7,0.0756,ASK
1444009781,1542.73,0.001,BID
1444009781,1542.7,0.642,ASK
1444009782,1542.7,0.0892,ASK
1444009786,1542.7,1.0,ASK
1444009789,1542.71,0.06,ASK
1444009789,1542.7,0.4841,ASK
1444009790,1542.7,0.06,ASK
1444009792,1542.87,0.0551,BID
1444009792,1542.88,0.4651,BID
1444009793,1542.71,0.2718,ASK
1444009793,1542.7,2.3082,ASK
1444009793,1542.88,0.0551,BID
1444009793,1542.7,2.0,ASK
1444009796,1542.7,0.0551,ASK
1444009802,1542.7,0.0011,ASK
1444009807,1542.71,0.1251,ASK
1444009812,1542.7,1.0,ASK
1444009827,1542.71,0.0039,BID
1444009827,1542.85,0.0001,BID
1444009835,1542.7,0.001,ASK
1444009843,1542.7,0.001,ASK
1444009845,1542.7,0.001,ASK
1444009850,1542.7,0.001,ASK
1444009851,1542.7,0.0014,ASK
1444009851,1542.7,0.0284,ASK
1444009869,1542.84,0.06,BID
1444009869,1542.85,0.1513,BID
1444009873,1542.86,0.5,ASK
1444009873,1542.87,0.0339,BID
1444009876,1542.88,0.582,BID
1444009876,1542.88,0.1257,BID
1444009876,1542.88,0.1151,BID
1444009877,1542.89,2.58,BID
1444009877,1542.89,2.0,BID
1444009878,1542.88,0.0339,ASK
1444009878,1542.87,0.4661,ASK
1444009878,1542.89,1.18,BID
1444009879,1542.89,0.004,BID
1444009879,1542.89,2.59,BID
1444009880,1542.89,2.0,BID
1444009880,1542.89,6.3074,BID
1444009880,1542.89,1.18,BID
1444009882,1542.88,0.001,ASK
1444009883,1542.89,0.7,BID
1444009883,1542.89,2.0,BID
1444009884,1542.88,0.001,ASK
1444009884,1542.89,0.1,BID
1444009884,1542.89,0.6481,BID
1444009885,1542.89,0.6481,BID
1444009885,1542.89,1.3609,BID
1444009885,1542.88,0.001,ASK
1444009886,1542.89,0.6481,BID
1444009886,1542.89,0.6,BID
1444009887,1542.89,0.6481,BID
1444009887,1542.88,0.001,ASK
1444009888,1542.89,0.6481,BID
1444009889,1542.89,0.307,BID
1444009889,1542.89,0.6481,BID
1444009890,1542.89,0.6481,BID
1444009891,1542.88,0.1216,ASK
1444009891,1542.88,0.0825,ASK
1444009891,1542.88,0.0982,ASK
1444009891,1542.88,0.6481,BID
1444009892,1542.88,0.159,BID
1444009892,1542.88,0.0466,BID
1444009892,1542.88,0.3023,ASK
1444009893,1542.89,0.01,BID
1444009893,1542.89,0.795,BID
1444009894,1542.88,0.0511,ASK
1444009894,1542.87,0.2512,ASK
1444009896,1542.89,1.337,BID
1444009897,1542.88,0.6481,BID
1444009898,1542.88,0.6481,BID
1444009898,1542.88,0.01,BID
1444009899,1542.88,0.0547,BID
1444009899,1542.89,0.6573,BID
1444009899,1542.89,0.825,BID
1444009899,1542.89,0.6,BID
1444009899,1542.89,0.6481,BID
1444009901,1542.89,0.6481,BID
1444009905,1542.88,0.0028,ASK
1444009905,1542.89,1.3609,BID
1444009906,1542.89,0.6481,BID
1444009907,1542.89,0.6481,BID
1444009908,1542.89,0.6481,BID
1444009910,1542.89,0.6481,BID
1444009912,1542.89,0.6481,BID
1444009913,1542.89,0.6481,BID
1444009914,1542.89,0.614,BID
1444009914,1542.89,0.0341,BID
1444009915,1542.88,0.001,ASK
1444009916,1542.89,0.0484,BID
1444009916,1542.89,0.1256,BID
1444009916,1542.89,0.0982,BID
1444009916,1542.9,0.3759,BID
1444009917,1542.89,0.004,ASK
1444009917,1542.88,0.0271,ASK
1444009917,1542.88,0.0234,ASK
1444009917,1542.88,0.012,ASK
1444009917,1542.9,0.2722,BID
1444009919,1542.88,0.001,ASK
1444009919,1542.88,0.003,ASK
1444009919,1542.88,0.0635,ASK
1444009920,1542.88,0.1918,ASK
1444009920,1542.87,0.0675,ASK
1444009920,1542.87,0.004,ASK
1444009921,1542.87,0.001,ASK
1444009921,1542.87,0.1918,ASK
1444009922,1542.87,0.5886,ASK
1444009922,1542.87,0.2593,ASK
1444009924,1542.87,0.65,ASK
1444009925,1542.87,0.001,ASK
1444009925,1542.87,0.65,ASK
1444009925,1542.87,1.0102,ASK
1444009927,1542.87,0.001,ASK
1444009928,1542.87,0.65,ASK
1444009928,1542.88,0.0015,BID
1444009928,1542.89,0.0025,BID
1444009929,1542.87,1.0,ASK
1444009929,1542.87,0.65,ASK
1444009930,1542.87,0.712,ASK
1444009930,1542.87,0.001,ASK
1444009931,1542.87,1.0,ASK
1444009932,1542.87,0.65,ASK
1444009932,1542.87,0.001,ASK
1444009933,1542.87,0.65,ASK
1444009933,1542.87,0.06,ASK
1444009935,1542.87,0.001,ASK
1444009935,1542.87,0.65,ASK
1444009936,1542.87,0.65,ASK
1444009937,1542.87,0.001,ASK
1444009938,1542.87,0.65,ASK
1444009939,1542.88,0.004,BID
1444009939,1542.87,0.65,ASK
1444009940,1542.88,0.0093,BID
1444009940,1542.88,0.2864,BID
1444009940,1542.88,0.0234,BID
1444009940,1542.88,0.01,ASK
1444009940,1542.88,0.001,ASK
1444009941,1542.88,0.65,ASK
1444009942,1542.88,0.001,ASK
1444009943,1542.88,0.1749,ASK
1444009943,1542.87,0.65,ASK
1444009944,1542.87,0.1759,ASK
1444009944,1542.87,0.001,ASK
1444009946,1542.87,0.0024,ASK
1444009946,1542.88,0.1,BID
1444009947,1542.87,0.001,ASK
1444009948,1542.88,0.004,BID
1444009949,1542.87,0.5564,ASK
1444009949,1542.88,0.1211,BID
1444009949,1542.88,1.3609,BID
1444009949,1542.89,0.6856,BID
1444009950,1542.87,0.001,ASK
1444009950,1542.87,0.65,ASK
1444009952,1542.87,0.65,ASK
1444009952,1542.87,0.001,ASK
1444009953,1542.87,0.65,ASK
1444009955,1542.87,0.001,ASK
1444009956,1542.87,0.65,ASK
1444009957,1542.87,0.001,ASK
1444009958,1542.87,0.65,ASK
1444009958,1542.87,0.2483,ASK
1444009959,1542.89,0.004,BID
1444009959,1542.87,0.65,ASK
1444009961,1542.87,0.001,ASK
1444009961,1542.87,2.8084,ASK
1444009961,1542.86,0.001,ASK
1444009962,1542.86,1.4977,ASK
1444009962,1542.85,0.06,ASK
1444009962,1542.7,1.1323,ASK
1444009962,1542.61,0.001,ASK
1444009962,1542.61,0.001,ASK
1444009963,1542.58,0.06,BID
1444009965,1542.57,0.519,BID
1444009966,1542.57,0.206,BID
1444009967,1542.57,0.01,BID
1444009968,1542.57,0.7627,BID
1444009968,1542.58,0.0574,BID
1444009991,1542.58,0.0277,ASK
1444009992,1542.68,0.0028,ASK
1444009992,1542.58,0.4811,ASK
1444009994,1542.58,0.1395,ASK
1444009994,1542.57,0.3444,ASK
1444010013,1542.59,0.004,ASK
1444010013,1542.79,0.001,BID
