timestamp,price,amount,side
1444780389,1613.57,0.0012,ASK
1444780391,1614.3,0.0701,BID
1444780391,1614.3,0.05,BID
1444780392,1614.3,0.23,BID
1444780395,1614.29,0.0012,BID
1444780395,1614.3,0.2218,BID
1444780399,1614.3,0.0021,BID
1444780399,1614.89,0.1979,BID
1444780400,1614.89,0.069,BID
1444780405,1614.89,0.05,BID
1444780415,1614.89,0.52,BID
1444780429,1614.89,0.75,BID
1444780429,1614.89,0.6688,BID
1444780429,1614.89,0.7122,BID
1444780433,1614.89,0.06,BID
1444780436,1614.89,0.07,BID
1444780440,1614.89,1.158,BID
1444780444,1614.89,0.06,BID
1444780447,1614.89,0.53,BID
1444780449,1614.89,0.131,BID
1444780449,1613.89,0.0284,ASK
1444780449,1613.89,0.0341,ASK
1444780449,1613.88,0.7,ASK
1444780449,1613.88,0.1354,ASK
1444780449,1613.88,0.01,ASK
1444780449,1613.88,0.0727,ASK
1444780449,1613.87,0.5,ASK
1444780449,1613.87,0.9126,ASK
1444780452,1614.89,0.062,BID
1444780452,1614.89,0.034,BID
1444780455,1614.87,0.0289,BID
1444780455,1614.88,0.0251,BID
1444780458,1614.87,0.0284,BID
1444780458,1614.88,0.6456,BID
1444780459,1614.86,5.706,BID
1444780459,1614.87,0.0337,BID
1444780459,1614.88,0.0293,BID
1444780459,1614.88,0.012,BID
1444780459,1614.88,0.0336,BID
1444780459,1614.89,0.5914,BID
1444780461,1614.89,0.3212,BID
1444780461,1614.9,0.0268,BID
1444780465,1614.89,0.0273,BID
1444780465,1614.89,0.0815,BID
1444780465,1614.9,0.3782,BID
1444780468,1614.9,0.615,BID
1444780471,1614.9,0.072,BID
1444780474,1614.9,0.095,BID
1444780474,1614.9,0.08,BID
1444780482,1614.9,0.5,BID
1444780486,1614.9,0.295,BID
1444780489,1614.9,0.075,BID
1444780489,1614.9,0.6752,BID
1444780489,1614.97,0.0748,BID
1444780498,1614.97,0.304,BID
1444780506,1614.97,0.19,BID
1444780506,1614.97,0.541,BID
1444780506,1614.47,0.0284,ASK
1444780506,1614.47,0.01,ASK
1444780506,1614.46,0.1308,ASK
1444780506,1614.45,0.06,ASK
1444780506,1614.43,0.1067,ASK
1444780506,1614.43,0.0123,ASK
1444780506,1614.42,0.2177,ASK
1444780506,1614.09,0.0319,ASK
1444780506,1614.08,0.6,ASK
1444780506,1614.07,0.7,ASK
1444780506,1614.03,0.314,ASK
1444780506,1614.02,0.5,ASK
1444780506,1614.01,0.4364,ASK
1444780506,1614.0,0.002,ASK
1444780506,1613.94,0.0815,ASK
1444780506,1613.92,0.2807,ASK
1444780506,1613.9,0.5176,BID
1444780510,1614.96,0.0319,BID
1444780510,1614.96,0.0284,BID
1444780510,1614.96,0.0097,BID
1444780514,1614.95,0.324,BID
1444780517,1614.94,0.0057,BID
1444780517,1614.95,0.0005,BID
1444780517,1614.95,0.06,BID
1444780517,1614.95,0.0658,BID
1444780521,1614.87,0.002,BID
1444780521,1614.95,0.037,BID
1444780524,1614.86,0.2,BID
1444780528,1614.86,0.047,BID
1444780532,1614.86,0.085,BID
1444780536,1614.86,0.039,BID
1444780538,1614.86,0.0456,BID
1444780538,1614.94,0.2953,BID
1444780538,1614.96,0.4274,BID
1444780538,1614.96,0.7,BID
1444780538,1614.97,2.5306,BID
1444780538,1614.97,0.084,BID
1444780542,1614.97,0.033,BID
1444780543,1614.54,0.0483,ASK
1444780543,1614.53,0.002,ASK
1444780543,1614.46,0.0138,ASK
1444780543,1614.46,0.06,ASK
1444780543,1614.45,0.2768,ASK
1444780543,1614.43,0.0222,ASK
1444780543,1614.42,0.4166,ASK
1444780543,1614.41,0.0057,ASK
1444780543,1614.4,0.1582,ASK
1444780543,1614.39,4.2826,ASK
1444780547,1614.96,0.0248,BID
1444780547,1614.96,0.0138,BID
1444780547,1614.96,0.0464,BID
1444780547,1614.97,0.005,BID
1444780550,1614.94,0.06,BID
1444780550,1614.95,0.304,BID
1444780554,1614.93,0.0249,BID
1444780554,1614.94,0.0251,BID
1444780558,1614.93,0.0485,BID
1444780558,1614.94,0.0115,BID
1444780561,1614.94,0.275,BID
1444780564,1614.94,0.0003,BID
1444780564,1614.95,0.0597,BID
1444780568,1614.95,0.0003,BID
1444780568,1614.96,0.0597,BID
1444780571,1614.96,0.009,BID
1444780571,1614.97,0.068,BID
1444780575,1614.96,0.4721,BID
1444780575,1614.97,0.0179,BID
1444780578,1614.97,1.022,BID
1444780582,1614.96,0.0182,BID
1444780582,1614.97,0.1418,BID
1444780586,1614.97,0.4453,BID
1444780586,1614.97,0.4507,BID
1444780590,1614.97,0.291,BID
1444780592,1614.97,4.352,BID
1444780593,1615.0,0.043,BID
1444780594,1614.97,0.0078,ASK
1444780594,1614.53,0.0183,ASK
1444780594,1614.52,0.3376,ASK
1444780594,1614.51,0.06,ASK
1444780594,1614.5,0.1417,ASK
1444780594,1614.48,0.0132,ASK
1444780594,1614.47,0.2363,ASK
1444780594,1614.46,0.184,ASK
1444780594,1614.44,0.2461,ASK
1444780594,1614.43,0.338,ASK
1444780594,1614.41,0.0485,ASK
1444780594,1614.41,0.2868,ASK
1444780594,1614.39,0.0799,ASK
1444780594,1613.98,0.1018,ASK
1444780597,1614.99,0.0132,BID
1444780597,1614.99,0.0183,BID
1444780597,1615.0,0.0725,BID
1444780600,1614.99,0.031,BID
1444780603,1614.99,0.029,BID
1444780603,1614.99,0.0918,BID
1444780603,1615.0,4.8792,BID
1444780607,1614.98,0.26,BID
1444780609,1614.98,0.1556,BID
1444780609,1614.98,0.2594,BID
1444780612,1614.97,0.424,BID
1444780617,1614.96,0.2116,BID
1444780617,1614.97,0.0009,BID
1444780617,1614.97,0.0465,BID
1444780621,1614.95,0.114,BID
1444780625,1614.95,0.0007,BID
1444780625,1614.97,0.0553,BID
1444780628,1614.98,0.258,BID
1444780632,1614.48,0.052,BID
1444780636,1614.48,0.052,BID
1444780636,1614.48,0.745,BID
1444780640,1615.0,0.16,BID
1444780644,1615.0,0.24,BID
1444780647,1614.99,0.16,BID
1444780651,1614.99,0.043,BID
1444780655,1614.99,0.0001,BID
1444780655,1615.0,0.1479,BID
1444780683,1614.99,1.0,BID
1444780812,1614.69,0.0284,ASK
1444780812,1614.68,0.0595,ASK
1444780812,1614.67,0.06,ASK
1444780812,1614.67,0.0127,ASK
1444780812,1614.66,0.2537,ASK
1444780812,1614.65,0.0213,ASK
1444780812,1614.63,0.1589,ASK
1444780812,1614.63,0.001,ASK
1444780812,1614.62,0.1186,ASK
1444780812,1614.61,0.1006,ASK
1444780812,1614.61,0.0102,ASK
1444780812,1614.6,0.2045,ASK
1444780812,1614.6,0.014,ASK
1444780812,1614.59,0.2807,ASK
1444780812,1614.57,0.1337,ASK
1444780812,1614.46,0.019,ASK
1444780812,1614.46,0.1867,BID
1444780813,1614.94,6.0,ASK
1444780813,1614.94,14.85,ASK
1444780815,1614.7,9.0,ASK
1444780815,1614.7,7.073,ASK
1444780815,1614.69,0.2227,ASK
1444780817,1614.57,0.1945,BID
1444780830,1614.67,0.001,BID
1444780856,1614.65,0.116,BID
1444780865,1614.29,0.0169,ASK
1444780865,1614.21,0.0408,ASK
1444780865,1614.2,0.0036,ASK
1444780865,1614.19,0.002,ASK
1444780865,1613.94,0.001,ASK
1444780865,1613.94,0.0298,ASK
1444780865,1613.94,0.7,ASK
1444780865,1613.93,0.6,ASK
1444780865,1613.74,0.002,ASK
1444780865,1613.64,0.002,ASK
1444780865,1613.5,0.205,ASK
1444780865,1613.29,0.004,ASK
1444780865,1613.27,4.4451,ASK
1444780865,1613.01,3.2337,ASK
1444780889,1613.92,0.001,ASK
1444780896,1613.93,0.0568,ASK
1444780896,1613.92,0.0644,ASK
1444780901,1613.91,0.6,ASK
1444780905,1613.91,0.11,ASK
1444780908,1613.9,0.11,BID
1444780908,1613.91,0.157,BID
1444780914,1613.9,0.0252,BID
1444780914,1613.91,0.433,BID
1444780914,1613.91,0.0226,BID
1444780914,1613.91,0.0189,BID
1444780914,1613.92,0.5003,BID
1444780922,1613.91,0.06,BID
1444780922,1613.91,0.0271,BID
1444780922,1613.92,0.8199,BID
1444780925,1613.92,0.014,BID
1444780949,1613.25,0.0517,ASK
1444780954,1613.9,0.191,BID
1444780954,1613.91,0.1077,BID
1444780954,1613.91,0.0021,BID
1444780954,1613.92,2.6992,BID
1444780958,1613.92,5.6448,BID
1444780976,1613.94,0.06,ASK
1444780976,1613.93,0.5966,ASK
1444780976,1613.4,0.001,ASK
1444780976,1613.28,0.6,ASK
1444780976,1613.28,0.4421,ASK
1444781022,1613.46,0.7,ASK
1444781022,1613.46,1.444,ASK
1444781054,1614.39,0.6483,BID
1444781054,1614.4,0.6,BID
1444781054,1614.49,0.0568,BID
1444781054,1614.51,0.4279,BID
1444781054,1614.52,0.008,BID
1444781054,1614.6,0.0654,BID
1444781054,1614.63,0.4523,BID
1444781054,1614.67,0.495,BID
1444781054,1614.87,0.002,BID
1444781054,1614.88,3.2355,BID
1444781054,1614.9,3.337,BID
1444781054,1614.92,0.2958,BID
1444781054,1614.96,0.0213,BID
1444781054,1615.0,7.041,BID
1444781054,1615.0,5.0,BID
1444781054,1615.0,1.0,BID
1444781054,1615.0,28.55,BID
1444781054,1615.0,4.0,BID
1444781054,1615.0,0.3,BID
1444781054,1615.0,12.0,BID
1444781054,1615.0,0.5679,BID
1444781054,1615.0,3.0,BID
1444781054,1615.0,0.3285,BID
1444781057,1615.02,2.0,BID
1444781057,1615.02,17.851,BID
1444781103,1615.01,0.7721,ASK
1444781103,1615.01,0.6,ASK
1444781104,1615.0,0.65,ASK
1444781111,1615.0,7.1465,ASK
1444781111,1614.04,0.3234,ASK
1444781115,1614.98,0.0284,BID
1444781115,1614.99,0.65,BID
1444781115,1615.0,0.7721,BID
1444781115,1615.01,4.5552,BID
1444781126,1615.0,0.06,ASK
1444781126,1615.0,0.0122,ASK
1444781138,1615.0,0.4198,ASK
1444781139,1615.0,0.168,ASK
1444781140,1614.99,0.4198,BID
1444781140,1615.0,0.5878,ASK
1444781141,1615.0,0.168,ASK
1444781186,1614.99,0.0393,BID
1444781186,1615.0,0.597,BID
1444781186,1615.0,0.0893,BID
1444781200,1615.0,0.0169,ASK
1444781201,1615.01,0.7721,BID
1444781202,1615.01,0.6192,BID
1444781203,1615.01,0.1514,BID
1444781220,1615.03,0.005,BID
1444781234,1615.07,0.2018,ASK
1444781234,1615.06,0.0284,ASK
1444781234,1615.05,0.06,ASK
1444781234,1615.03,2.4098,ASK
1444781263,1615.04,0.3124,ASK
1444781263,1615.03,3.6876,ASK
1444781282,1615.03,2.0412,ASK
1444781282,1615.03,0.0543,ASK
1444781282,1615.02,0.4678,ASK
1444781282,1615.02,0.6192,ASK
1444781282,1615.02,0.1318,ASK
1444781282,1615.02,0.0106,ASK
1444781282,1615.01,0.9481,ASK
1444781290,1615.02,0.0129,ASK
1444781298,1615.27,0.06,BID
1444781298,1615.28,0.0129,BID
1444781298,1615.29,0.0102,BID
1444781298,1615.3,0.2049,BID
1444781298,1615.33,0.0156,BID
1444781298,1615.34,0.3124,BID
1444781298,1615.35,0.0387,BID
1444781298,1615.36,0.002,BID
1444781298,1615.36,0.3433,BID
1444781304,1615.35,0.0214,BID
1444781304,1615.36,0.4288,BID
1444781304,1615.48,0.5498,BID
1444781312,1615.29,0.0658,ASK
1444781312,1615.28,0.0884,ASK
1444781312,1615.28,0.06,ASK
1444781312,1615.04,0.0102,ASK
1444781312,1615.04,0.0156,ASK
1444781312,1615.04,0.0387,ASK
1444781312,1615.03,2.6517,ASK
1444781353,1615.07,0.0219,ASK
1444781353,1615.07,0.0065,BID
1444781353,1615.08,0.0117,BID
1444781354,1615.08,0.0219,ASK
1444781355,1615.08,0.0154,ASK
1444781361,1615.09,0.1864,ASK
1444781361,1615.07,0.0284,ASK
1444781361,1615.06,0.0215,ASK
1444781361,1615.05,0.4582,ASK
1444781361,1615.03,4.6776,ASK
1444781361,1615.01,4.6279,ASK
1444781362,1615.06,0.47,BID
1444781362,1615.05,11.0,ASK
1444781362,1615.05,2.105,ASK
1444781364,1615.01,1.18,ASK
1444781369,1615.01,0.0016,ASK
1444781371,1615.01,2.28,ASK
1444781372,1615.01,0.65,ASK
1444781373,1615.01,0.65,ASK
1444781374,1615.01,0.65,ASK
1444781375,1615.01,0.65,ASK
1444781376,1615.01,0.65,ASK
1444781377,1615.01,0.65,ASK
1444781378,1615.01,0.65,ASK
1444781379,1615.05,0.0515,BID
1444781379,1615.05,0.0696,BID
1444781379,1615.06,2.4211,BID
1444781379,1615.08,0.1864,BID
1444781379,1615.08,0.65,ASK
1444781382,1615.08,0.035,ASK
1444781383,1615.08,0.65,ASK
1444781384,1615.08,0.65,ASK
1444781385,1615.08,0.65,ASK
1444781386,1615.09,0.2432,ASK
1444781386,1615.08,0.0817,ASK
1444781391,1615.06,0.1211,ASK
1444781391,1615.02,0.0696,ASK
1444781391,1615.02,0.0515,ASK
1444781391,1615.02,0.035,ASK
1444781391,1615.01,0.9028,ASK
1444781405,1615.05,0.0031,BID
1444781433,1615.01,12.9,ASK
1444781434,1615.01,0.65,ASK
1444781435,1615.01,0.65,ASK
1444781436,1615.01,0.65,ASK
1444781437,1615.01,0.65,ASK
1444781438,1615.01,0.65,ASK
1444781439,1615.01,2.58,ASK
1444781439,1615.01,0.65,ASK
1444781439,1615.01,1.18,ASK
1444781440,1615.01,4.3052,ASK
1444781440,1615.01,0.2726,ASK
1444781440,1615.0,0.0393,ASK
1444781440,1615.0,0.3381,ASK
1444781441,1615.0,1.6619,ASK
1444781441,1614.87,0.2118,ASK
1444781441,1614.86,0.0893,ASK
1444781441,1614.82,0.037,ASK
1444781443,1614.82,0.2447,ASK
1444781443,1614.45,1.7553,ASK
1444781458,1614.46,0.0543,ASK
1444781458,1614.45,1.9457,ASK
1444781488,1614.45,0.5,ASK
1444781524,1614.69,0.0744,BID
1444781524,1614.7,0.06,BID
1444781524,1614.71,0.2653,BID
1444781524,1614.72,0.0541,BID
1444781524,1614.74,0.0175,BID
1444781524,1614.75,0.3494,BID
1444781524,1614.76,0.0266,BID
1444781524,1614.77,0.4005,BID
1444781524,1614.79,0.0134,BID
1444781524,1614.8,0.2681,BID
1444781524,1614.81,0.2447,BID
1444781524,1614.87,0.002,BID
1444781524,1614.97,0.003,BID
1444781524,1615.0,0.65,BID
1444781524,1615.05,0.118,BID
1444781524,1615.06,0.033,BID
1444781541,1615.05,0.001,BID
1444781584,1615.01,0.025,BID
1444781584,1615.03,0.141,BID
1444781584,1615.04,0.0376,BID
1444781584,1615.04,0.0376,BID
1444781584,1615.05,0.1241,BID
1444781584,1615.06,0.0225,BID
1444781584,1615.29,0.0319,BID
1444781584,1615.3,0.002,BID
1444781584,1615.3,0.5783,BID
1444781585,1615.29,14.41,BID
1444781602,1615.05,0.2121,ASK
1444781602,1615.05,0.1843,ASK
1444781602,1615.04,0.0178,ASK
1444781602,1615.03,0.2533,ASK
1444781603,1615.06,0.0106,ASK
1444781604,1615.03,0.0431,ASK
1444781604,1615.02,0.025,ASK
1444781605,1615.02,0.4832,BID
1444781605,1615.04,0.2015,BID
1444781605,1615.28,0.0334,BID
1444781605,1615.29,0.2819,BID
1444781609,1615.06,0.0101,ASK
1444781609,1615.05,0.1914,ASK
1444781610,1615.05,0.0101,ASK
1444781611,1615.04,0.1914,BID
1444781611,1615.28,0.0106,BID
1444781611,1615.28,0.0103,BID
1444781611,1615.28,0.0652,BID
1444781611,1615.29,0.4181,BID
1444781611,1615.36,0.0387,BID
1444781611,1615.37,0.002,BID
1444781611,1615.37,0.2637,BID
1444781617,1615.07,0.0169,ASK
1444781617,1615.06,0.3384,ASK
1444781617,1615.05,0.1914,ASK
1444781617,1615.03,0.031,ASK
1444781617,1614.85,0.0483,ASK
1444781618,1615.05,0.3384,BID
1444781619,1615.26,0.0169,BID
1444781619,1615.27,0.3384,BID
1444781619,1615.28,0.5019,ASK
1444781620,1615.28,0.0284,ASK
1444781622,1615.28,4.4519,ASK
1444781624,1615.28,0.65,ASK
1444781625,1615.28,0.0375,ASK
1444781628,1615.08,0.0284,ASK
1444781628,1615.07,0.0632,ASK
1444781629,1615.06,0.0316,BID
1444781629,1615.26,0.011,BID
1444781629,1615.26,0.0169,BID
1444781629,1615.27,0.067,BID
1444781630,1614.86,2.0,BID
1444781630,1614.86,1.0,BID
1444781630,1614.86,15.242,BID
1444781688,1614.93,0.0386,ASK
1444781688,1614.93,0.0932,ASK
1444781688,1614.93,0.065,ASK
1444781688,1614.92,8.9147,ASK
1444781689,1614.92,0.0386,ASK
1444781707,1614.94,0.3,ASK
1444781708,1614.94,0.4723,ASK
1444781708,1614.93,0.1777,ASK
1444781709,1614.93,0.5223,ASK
1444781709,1614.93,0.1277,ASK
1444781740,1615.0,8.082,ASK
1444781744,1614.94,2.58,ASK
1444781745,1614.94,0.65,ASK
1444781747,1614.94,0.65,ASK
1444781749,1614.95,0.0169,ASK
1444781749,1614.94,0.6331,ASK
1444781750,1614.94,0.65,ASK
1444781751,1614.94,0.65,ASK
1444781752,1614.94,0.65,ASK
1444781753,1614.94,0.2571,ASK
1444781753,1614.93,0.3929,ASK
1444781754,1614.93,0.0794,ASK
1444781774,1614.93,0.5706,BID
1444781774,1614.98,0.0183,BID
1444781774,1614.98,0.011,BID
1444781774,1614.99,0.4001,BID
1444781784,1614.98,0.0186,BID
1444781784,1614.99,0.3722,BID
1444781784,1614.99,0.1489,BID
1444781784,1615.0,0.4603,BID
1444781785,1614.99,3.0,BID
1444781785,1614.99,6.352,BID
1444781791,1615.0,1.0,BID
1444781792,1615.0,0.6192,BID
1444781793,1615.0,0.6192,BID
1444781794,1615.0,0.6192,BID
1444781795,1615.0,0.6192,BID
1444781796,1615.0,0.6192,BID
1444781798,1615.0,0.6192,BID
1444781799,1615.0,0.6192,BID
1444781800,1615.0,0.6192,BID
1444781801,1615.0,0.6192,BID
1444781802,1615.0,0.6192,BID
1444781803,1615.0,0.6192,BID
1444781804,1615.0,0.6192,BID
1444781805,1615.0,0.6192,BID
1444781806,1615.0,0.6192,BID
1444781807,1615.0,6.7201,BID
1444781808,1615.0,0.6192,BID
1444781810,1615.0,0.6192,BID
1444781810,1615.0,0.6192,BID
1444781811,1615.0,0.2098,BID
1444781920,1615.04,0.0542,BID
1444781920,1615.05,0.22,BID
1444781954,1615.05,0.2258,ASK
1444781954,1615.05,0.0542,ASK
1444781954,1615.01,0.4094,ASK
1444781954,1615.01,0.6192,ASK
1444782031,1615.0,0.247,BID
1444782032,1615.0,0.1214,BID
1444782032,1615.0,0.4978,BID
1444782033,1615.0,0.1522,BID
1444782092,1615.02,0.0276,ASK
1444782092,1615.02,0.0267,ASK
1444782092,1615.01,0.467,ASK
1444782092,1615.01,0.1587,ASK
1444782093,1615.01,0.0543,ASK
1444782121,1615.01,0.4062,ASK
1444782132,1615.0,0.4062,BID
1444782132,1615.01,2.1738,BID
1444782133,1615.01,1.18,BID
1444782133,1615.01,0.6192,BID
1444782135,1615.01,2.0,BID
1444782135,1615.01,1.18,BID
1444782136,1615.01,0.6192,BID
1444782137,1615.01,0.6192,BID
1444782138,1615.01,1.2024,BID
1444782138,1615.05,0.0183,BID
1444782138,1615.06,0.3668,BID
1444782138,1615.07,0.0284,BID
1444782138,1615.26,0.036,BID
1444782138,1615.27,0.3481,BID
1444782139,1615.27,0.1974,BID
1444782139,1615.27,0.0676,BID
1444782140,1615.27,0.5824,BID
1444782140,1615.28,0.5976,BID
1444782140,1615.02,0.01,ASK
1444782151,1615.04,0.0114,ASK
1444782151,1615.03,0.06,ASK
1444782163,1615.0,2.0,BID
1444782164,1615.0,0.6192,BID
1444782165,1614.99,22.869,BID
1444782165,1615.0,0.6192,BID
1444782166,1615.0,0.6192,BID
1444782167,1615.0,0.551,BID
1444782190,1615.02,0.06,BID
1444782190,1615.21,0.06,BID
1444782190,1615.25,0.4146,BID
1444782190,1615.27,0.0114,BID
1444782193,1615.27,0.0284,ASK
1444782195,1615.27,0.568,ASK
1444782196,1615.27,0.65,ASK
1444782197,1615.27,0.65,ASK
1444782198,1615.27,0.65,ASK
1444782199,1615.27,0.65,ASK
1444782201,1615.27,0.1117,ASK
1444782203,1615.26,0.5383,BID
1444782203,1615.26,0.65,BID
1444782203,1615.28,14.0397,BID
1444782203,1615.37,0.002,BID
1444782203,1615.48,0.0402,BID
1444782203,1615.91,0.1494,BID
1444782203,1615.94,0.004,BID
1444782203,1615.97,0.7,BID
1444782203,1615.98,0.1,BID
1444782203,1616.0,6.19,BID
1444782269,1615.53,0.002,ASK
1444782269,1615.45,0.0246,ASK
1444782269,1615.45,0.2876,ASK
1444782269,1615.44,0.4328,ASK
1444782269,1615.42,0.0126,ASK
1444782270,1615.42,0.06,BID
1444782273,1615.41,0.4371,ASK
1444782273,1615.4,0.0208,ASK
1444782273,1615.4,0.035,ASK
1444782273,1615.39,0.7,ASK
1444782273,1615.37,0.1165,ASK
1444782273,1615.36,0.0223,ASK
1444782273,1615.34,0.0662,ASK
1444782273,1615.33,0.2459,ASK
1444782273,1615.33,0.3562,ASK
1444782277,1615.39,0.01,BID
1444782283,1615.39,0.0119,BID
1444782283,1615.39,0.01,BID
1444782283,1615.4,0.4371,BID
1444782283,1615.41,0.0343,BID
1444782283,1615.42,17.0214,BID
1444782287,1615.42,0.002,BID
1444782288,1615.42,0.001,BID
1444782289,1615.41,0.001,BID
1444782308,1615.41,0.002,BID
1444782328,1615.41,0.002,BID
1444782348,1615.41,0.002,BID
1444782369,1615.41,0.002,BID
1444782372,1615.41,0.01,BID
1444782379,1615.41,0.005,BID
1444782379,1615.41,0.0138,BID
1444782379,1615.42,0.0112,BID
1444782389,1615.42,0.002,BID
1444782409,1615.42,0.002,BID
1444782427,1615.42,0.002,BID
1444782440,1615.42,0.738,BID
1444782442,1615.42,0.0008,BID
1444782444,1615.54,0.06,BID
1444782461,1615.9,0.05,BID
1444782462,1615.53,0.06,ASK
1444782462,1615.53,0.0284,ASK
1444782462,1615.52,0.0065,ASK
1444782462,1615.51,0.002,ASK
1444782462,1615.44,0.2889,ASK
1444782462,1615.43,0.6182,ASK
1444782462,1615.34,0.0361,ASK
1444782464,1615.34,0.0212,BID
1444782464,1615.34,0.286,BID
1444782468,1615.34,0.664,BID
1444782469,1615.34,0.6191,BID
1444782470,1615.34,0.6191,BID
1444782471,1615.34,0.6191,BID
1444782472,1615.34,0.529,BID
1444782472,1615.34,0.6191,BID
1444782474,1615.34,0.6191,BID
1444782474,1615.34,0.169,BID
1444782475,1615.34,0.6191,BID
1444782476,1615.34,0.6191,BID
1444782477,1615.34,1.513,BID
1444782477,1615.34,0.6191,BID
1444782479,1615.34,0.6191,BID
1444782480,1615.34,0.6191,BID
1444782480,1615.34,0.1,BID
1444782481,1615.34,0.6191,BID
1444782482,1615.34,0.6191,BID
1444782483,1615.34,0.6191,BID
1444782485,1615.34,0.6191,BID
1444782485,1615.34,3.4103,BID
1444782485,1615.51,0.0332,BID
1444782485,1615.51,0.0129,BID
1444782485,1615.51,0.0118,BID
1444782485,1615.52,1.5318,BID
1444782492,1615.51,0.1509,BID
1444782492,1615.52,5.42,BID
1444782495,1615.5,0.05,BID
1444782497,1615.5,0.0389,BID
1444782497,1615.51,0.0231,BID
1444782499,1615.52,0.05,BID
1444782500,1615.52,0.2489,BID
1444782503,1615.59,0.0284,BID
1444782503,1615.6,0.0169,BID
1444782503,1615.88,0.6707,BID
1444782506,1615.87,0.05,BID
1444782510,1615.86,0.039,BID
1444782514,1615.86,0.05,BID
1444782515,1615.86,0.0191,BID
1444782517,1615.88,0.0293,BID
1444782517,1615.89,0.0187,BID
1444782518,1615.89,0.0025,BID
1444782520,1615.9,0.05,BID
1444782524,1615.9,0.052,BID
1444782526,1615.9,0.002,BID
1444782539,1615.89,0.0268,ASK
1444782539,1615.87,0.05,ASK
1444782546,1615.7,0.05,ASK
1444782546,1615.63,0.0415,ASK
1444782546,1615.62,0.1081,ASK
1444782546,1615.62,0.7216,ASK
1444782546,1615.6,0.0284,ASK
1444782546,1615.53,0.05,ASK
1444782546,1615.51,0.0269,ASK
1444782546,1615.51,0.0889,ASK
1444782547,1615.51,0.0284,BID
1444782551,1615.7,0.038,BID
1444782554,1615.86,0.0213,BID
1444782554,1615.87,0.0287,BID
1444782558,1615.85,0.06,BID
1444782562,1615.85,0.05,BID
1444782565,1615.85,0.039,BID
1444782568,1615.85,0.05,BID
1444782571,1615.85,0.05,BID
1444782575,1615.85,0.0065,BID
1444782575,1615.86,0.013,BID
1444782575,1615.86,0.0365,BID
1444782581,1615.86,0.0126,BID
1444782581,1615.86,0.0194,BID
1444782584,1615.86,0.0004,BID
1444782584,1615.87,0.0316,BID
1444782584,1615.47,0.0221,ASK
1444782584,1615.46,0.06,ASK
1444782584,1615.45,0.1955,ASK
1444782584,1615.44,0.0491,ASK
1444782584,1615.42,0.002,ASK
1444782584,1615.36,0.0231,ASK
1444782584,1615.35,0.0889,ASK
1444782584,1615.34,0.1509,ASK
1444782584,1615.34,0.0358,ASK
1444782584,1615.33,0.7,ASK
1444782584,1615.33,0.0157,ASK
1444782584,1615.32,0.3133,ASK
1444782584,1615.28,0.0269,ASK
1444782584,1615.27,0.5383,ASK
1444782584,1615.18,0.004,ASK
1444782584,1615.03,0.06,ASK
1444782584,1615.01,0.0682,ASK
1444782584,1615.01,0.6192,ASK
1444782584,1614.95,0.2143,ASK
1444782589,1615.49,0.06,BID
1444782589,1615.5,1.139,BID
1444782593,1615.5,0.06,BID
1444782596,1615.5,0.0008,BID
1444782597,1615.68,0.06,BID
1444782602,1615.84,0.406,BID
1444782618,1615.59,0.0484,ASK
1444782619,1615.59,0.0516,BID
1444782619,1615.6,0.0484,ASK
1444782629,1615.78,0.016,BID
1444782629,1615.78,0.018,BID
1444782632,1615.78,0.0002,BID
1444782632,1615.79,0.0498,BID
1444782637,1615.78,0.091,BID
1444782637,1615.79,0.009,BID
1444782637,1615.62,0.0135,ASK
1444782640,1615.78,0.0135,BID
1444782640,1615.79,0.0465,BID
1444782642,1615.79,0.5947,BID
1444782642,1615.8,0.4365,BID
1444782642,1615.81,0.0484,BID
1444782643,1615.82,0.3214,ASK
1444782644,1615.83,0.086,BID
1444782645,1615.82,4.5429,ASK
1444782646,1615.82,0.65,ASK
1444782647,1615.82,0.0199,ASK
1444782647,1615.82,0.65,ASK
1444782648,1615.82,0.65,ASK
1444782649,1615.83,0.3248,BID
1444782649,1615.83,0.0217,BID
1444782649,1615.83,0.4254,ASK
1444782649,1615.82,0.2246,ASK
1444782650,1615.87,0.099,BID
1444782655,1615.84,0.02,ASK
1444782658,1615.87,0.069,BID
1444782659,1615.87,0.1968,BID
1444782659,1615.88,0.0268,BID
1444782663,1615.89,0.1254,BID
1444782663,1615.9,0.0036,BID
1444782664,1615.9,0.1254,BID
1444782664,1615.88,0.0422,ASK
1444782664,1615.88,0.2658,ASK
1444782664,1615.84,0.0295,ASK
1444782664,1615.83,0.0364,ASK
1444782664,1615.83,0.147,ASK
1444782664,1615.83,0.0134,ASK
1444782664,1615.82,5.3687,ASK
1444782667,1615.82,0.125,BID
1444782668,1615.82,0.002,BID
1444782670,1615.81,0.0565,BID
1444782670,1615.82,0.8185,BID
1444782671,1615.82,0.0565,BID
1444782674,1615.82,0.972,BID
1444782675,1615.82,0.2665,BID
1444782677,1615.86,0.0154,BID
1444782677,1615.87,0.308,BID
1444782677,1615.9,0.0038,BID
1444782677,1615.91,0.0065,BID
1444782677,1615.91,0.0129,BID
1444782677,1615.92,0.0644,BID
1444782682,1615.92,0.193,BID
1444782683,1615.91,6.766,BID
1444782683,1615.92,0.0004,BID
1444782686,1615.94,0.02,BID
1444782686,1615.97,0.03,BID
1444782689,1615.97,0.002,BID
1444782689,1615.97,0.0066,BID
1444782689,1615.98,0.0514,BID
1444782692,1615.97,0.03,BID
1444782693,1615.98,0.0386,BID
1444782695,1615.98,0.06,BID
1444782696,1615.97,0.0341,BID
1444782696,1615.98,0.5847,BID
1444782697,1615.93,0.0623,ASK
1444782698,1615.97,1.0,BID
1444782698,1615.97,10.622,BID
1444782698,1615.93,0.1307,ASK
1444782699,1615.91,11.0,BID
1444782699,1615.91,1.624,BID
1444782700,1615.92,0.037,BID
1444782701,1615.84,0.0154,ASK
1444782701,1615.84,0.0129,ASK
1444782701,1615.84,0.0203,ASK
1444782701,1615.83,0.3524,ASK
1444782701,1615.83,0.6189,ASK
1444782701,1615.78,0.06,ASK
1444782701,1615.92,0.0253,BID
1444782701,1615.92,0.037,BID
1444782708,1615.83,0.0486,BID
1444782708,1615.89,0.06,BID
1444782708,1615.92,0.156,BID
1444782708,1615.98,0.0372,BID
1444782708,1615.99,0.0108,BID
1444782711,1615.99,0.042,BID
1444782712,1615.99,0.013,BID
1444782712,1615.99,0.0154,BID
1444782712,1615.99,0.0129,BID
1444782712,1616.0,0.042,BID
1444782714,1615.99,0.0203,BID
1444782714,1616.0,4.2719,BID
1444782715,1616.0,0.243,BID
1444782715,1616.0,0.0413,BID
1444782718,1616.0,1.0,BID
1444782719,1615.93,0.0275,ASK
1444782719,1615.92,0.5497,ASK
1444782719,1615.92,0.2371,BID
1444782719,1616.0,0.0945,BID
1444782721,1615.92,0.0275,BID
1444782721,1615.99,0.0275,BID
1444782721,1616.0,1.357,BID
1444782724,1616.0,0.198,BID
1444782728,1616.0,0.575,BID
1444782729,1615.93,0.0203,ASK
1444782729,1615.92,0.4068,ASK
1444782730,1615.92,0.1,BID
1444782730,1615.91,0.065,BID
1444782734,1615.91,0.3418,BID
1444782734,1615.92,4.5012,BID
1444782736,1615.84,0.001,ASK
1444782738,1615.92,0.05,BID
1444782739,1615.92,0.002,BID
1444782739,1615.92,0.1411,BID
1444782740,1615.9,0.1411,BID
1444782740,1615.84,0.0476,ASK
1444782742,1615.83,0.0476,BID
1444782742,1615.9,0.0134,BID
1444782743,1615.84,0.1,BID
1444782743,1615.9,4.8455,BID
1444782743,1615.91,0.0203,BID
1444782743,1615.92,2.1078,BID
1444782743,1616.0,5.9873,BID
1444782743,1616.0,0.1,BID
1444782743,1616.0,0.3,BID
1444782743,1616.0,0.1447,BID
1444782743,1616.0,4.0,BID
1444782745,1616.15,4.0,BID
1444782745,1616.15,2.985,BID
1444782745,1616.0,4.5034,ASK
1444782746,1616.0,0.65,ASK
1444782747,1616.0,0.65,ASK
1444782749,1616.01,0.101,ASK
1444782749,1616.0,0.549,ASK
1444782750,1616.0,0.65,ASK
1444782751,1616.01,0.0685,ASK
1444782751,1616.0,0.172,ASK
1444782751,1615.7,0.0386,ASK
1444782751,1615.69,0.772,ASK
1444782751,1615.68,0.0565,ASK
1444782751,1615.61,0.2695,ASK
1444782751,1615.6,0.0519,ASK
1444782751,1615.57,0.0217,ASK
1444782751,1615.56,0.0012,ASK
1444782751,1615.48,0.0907,ASK
1444782751,1615.09,0.6,ASK
1444782751,1615.08,0.4374,ASK
1444782752,1615.09,4.0,ASK
1444782752,1615.09,13.433,ASK
1444782752,1615.62,0.0135,ASK
1444782752,1615.08,0.2626,ASK
1444782752,1615.05,0.9039,ASK
1444782753,1615.99,0.65,BID
1444782772,1616.02,0.3406,ASK
1444782772,1616.01,0.7,ASK
1444782772,1616.0,0.1394,ASK
1444782774,1616.01,0.002,BID
1444782784,1616.0,0.0015,ASK
1444782793,1616.01,0.002,BID
1444782802,1616.0,1.18,ASK
1444782803,1616.0,0.65,ASK
1444782804,1616.0,0.65,ASK
1444782804,1616.01,0.1809,BID
1444782805,1616.0,0.65,ASK
1444782805,1616.01,0.048,BID
1444782806,1616.0,0.65,ASK
1444782807,1616.0,0.65,ASK
1444782808,1616.01,0.107,BID
1444782808,1616.0,0.65,ASK
1444782810,1616.01,0.0007,BID
1444782813,1616.12,0.017,BID
1444782813,1616.13,0.3406,BID
1444782813,1616.14,0.0004,BID
1444782816,1616.1,0.002,ASK
1444782816,1616.02,0.107,ASK
1444782816,1616.0,1.891,ASK
1444782817,1616.14,0.049,BID
1444782818,1616.0,2.0,ASK
1444782818,1616.01,0.0493,BID
1444782819,1616.01,0.0416,BID
1444782819,1616.0,0.65,ASK
1444782820,1616.01,0.0161,BID
1444782820,1616.14,0.0003,BID
1444782820,1616.14,0.0586,BID
1444782846,1616.1,0.002,ASK
1444782846,1616.02,0.107,ASK
1444782846,1616.0,3.8095,ASK
1444782866,1616.08,0.002,ASK
1444782866,1616.0,6.355,ASK
1444782867,1616.0,0.65,ASK
1444782879,1616.13,0.0221,BID
1444782879,1616.14,0.4414,BID
1444782879,1616.14,0.058,BID
1444782879,1616.14,0.0346,BID
1444782879,1616.14,0.0389,BID
1444782880,1616.14,0.0001,BID
1444782882,1616.14,0.022,ASK
1444782882,1616.08,0.002,ASK
1444782882,1616.01,0.0224,ASK
1444782882,1616.01,0.0389,ASK
1444782882,1616.01,0.0346,ASK
1444782882,1616.0,0.3801,ASK
1444782882,1616.15,0.595,BID
1444782885,1616.0,0.5,ASK
1444782886,1616.13,0.022,BID
1444782886,1616.14,0.0224,BID
1444782886,1616.14,0.0389,BID
1444782886,1616.15,0.177,BID
1444782886,1616.15,0.3347,BID
1444782886,1616.0,0.65,ASK
1444782888,1616.14,0.022,ASK
1444782888,1616.13,9.584,BID
1444782889,1616.01,0.039,ASK
1444782889,1616.01,0.0224,ASK
1444782889,1616.0,0.4386,ASK
1444782889,1616.14,0.0089,BID
1444782890,1616.14,0.0131,ASK
1444782890,1616.14,0.0263,BID
1444782890,1616.15,0.3653,BID
1444782890,1616.15,0.5614,BID
1444782891,1616.01,0.022,ASK
1444782891,1616.0,0.628,ASK
1444782892,1616.01,0.0483,ASK
1444782892,1616.0,0.4517,ASK
1444782893,1616.15,0.0089,BID
1444782893,1616.0,0.022,ASK
1444782894,1616.15,0.0297,BID
1444782894,1616.15,0.0651,BID
1444782894,1616.15,0.0082,BID
1444782894,1616.0,0.44,ASK
1444782895,1616.15,0.0142,BID
1444782895,1616.15,0.039,BID
1444782895,1616.16,0.103,BID
1444782896,1616.01,0.0733,ASK
1444782896,1616.0,0.4267,ASK
1444782896,1616.15,0.0703,BID
1444782896,1616.15,0.0859,BID
1444782897,1616.15,0.156,BID
1444782897,1616.01,0.0142,ASK
1444782897,1616.01,0.039,ASK
1444782897,1616.0,0.5968,ASK
1444782898,1616.0,0.5,ASK
1444782898,1616.14,0.0307,BID
1444782898,1616.15,0.4581,BID
1444782898,1616.16,0.13,BID
1444782899,1616.01,0.0703,ASK
1444782899,1616.0,0.5797,ASK
1444782900,1616.0,0.65,ASK
1444782901,1616.15,0.03,BID
1444782902,1616.0,0.5,ASK
1444782903,1616.01,0.0255,ASK
1444782903,1616.0,0.01,ASK
1444782908,1615.9,0.1,ASK
1444782908,1615.21,0.0318,ASK
1444782908,1615.2,0.3682,ASK
1444782909,1615.99,0.063,BID
1444782909,1615.89,0.002,BID
1444782910,1615.89,0.098,BID
1444782910,1615.99,0.3765,BID
1444782913,1615.79,0.06,ASK
1444782913,1615.2,0.2318,ASK
1444782914,1615.2,0.2082,BID
1444782914,1615.78,0.06,BID
1444782914,1615.99,0.035,BID
1444782914,1616.09,0.0486,BID
1444782914,1616.1,0.0984,BID
1444782916,1616.0,0.035,ASK
1444782916,1615.22,0.0284,ASK
1444782916,1615.21,0.2276,ASK
1444782919,1616.09,0.0381,BID
1444782919,1616.09,0.0284,BID
1444782919,1616.1,0.8345,BID
1444782921,1615.22,0.0132,ASK
1444782921,1615.21,0.2642,ASK
1444782921,1615.21,0.0388,ASK
1444782921,1615.21,0.0381,ASK
1444782923,1615.21,0.1457,BID
1444782924,1616.07,5.0,BID
1444782924,1616.07,1.0,BID
1444782924,1616.07,5.607,BID
1444782926,1615.22,0.1457,ASK
1444782926,1615.21,0.3543,ASK
1444782927,1616.08,0.06,BID
1444782928,1615.22,0.0284,ASK
1444782930,1615.22,0.002,BID
1444782930,1615.21,1.7351,ASK
1444782930,1615.22,0.4696,BID
1444782934,1615.36,0.06,ASK
1444782934,1615.35,0.44,ASK
1444782937,1615.35,0.5,ASK
1444782940,1616.09,0.0284,BID
1444782940,1616.1,0.0386,BID
1444782941,1615.35,0.5,ASK
1444782944,1616.08,0.058,BID
1444782945,1615.36,0.0284,ASK
1444782945,1615.35,0.4716,ASK
1444782948,1615.35,0.5,ASK
1444782951,1615.43,0.002,ASK
1444782951,1615.36,0.281,ASK
1444782951,1615.35,0.2141,ASK
1444782954,1615.35,0.0029,BID
1444782954,1616.05,0.0284,BID
1444782954,1616.06,0.0007,BID
1444783027,1615.13,0.06,ASK
1444783028,1615.13,0.0284,BID
1444783029,1615.13,0.032,BID
1444783030,1615.13,0.6191,BID
1444783031,1615.13,0.6191,BID
1444783032,1615.13,0.6191,BID
1444783032,1615.13,0.05,BID
1444783033,1615.13,0.5273,BID
1444783035,1615.9,0.035,BID
1444783035,1615.91,0.151,BID
1444783038,1615.89,0.0284,BID
1444783038,1615.9,0.0196,BID
1444783041,1615.89,0.069,BID
1444783045,1615.88,0.044,BID
1444783048,1615.87,0.0296,BID
1444783048,1615.88,0.6,BID
1444783048,1615.88,0.0449,BID
1444783048,1615.89,0.431,BID
1444783048,1615.89,0.069,BID
1444783048,1615.99,0.0433,BID
1444783048,1616.0,0.7922,BID
1444783049,1615.87,0.122,BID
1444783053,1615.87,0.276,BID
1444783053,1615.87,0.04,BID
1444783067,1615.86,0.24,BID
1444783070,1615.86,0.26,BID
1444783074,1615.86,0.24,BID
1444783078,1615.86,0.042,BID
1444783081,1615.86,0.2,BID
1444783082,1615.86,0.018,BID
1444783082,1615.86,0.162,BID
1444783084,1615.86,0.063,BID
1444783088,1615.86,0.015,BID
1444783088,1615.86,0.041,BID
1444783090,1615.85,0.217,BID
1444783093,1615.85,0.0035,BID
1444783093,1615.86,0.1925,BID
1444783096,1615.86,0.13,BID
1444783099,1615.86,0.1215,BID
1444783099,1615.86,0.0785,BID
1444783105,1615.86,0.169,BID
1444783109,1615.81,0.075,ASK
1444783109,1615.8,0.094,ASK
1444783110,1615.81,0.0494,ASK
1444783110,1615.8,0.6006,ASK
1444783110,1615.86,0.0005,BID
1444783110,1615.86,0.3295,BID
1444783111,1615.8,0.075,ASK
1444783112,1615.8,0.65,ASK
1444783113,1615.8,0.0804,ASK
1444783113,1615.67,4.0,ASK
1444783113,1615.67,7.484,ASK
1444783114,1615.79,0.0243,BID
1444783114,1615.79,0.33,BID
1444783115,1615.79,0.2957,BID
1444783115,1615.79,0.1903,BID
1444783116,1615.66,0.06,ASK
1444783116,1615.66,0.02,BID
1444783116,1615.79,0.4597,BID
1444783116,1615.8,0.1392,BID
1444783119,1615.65,0.06,BID
1444783119,1615.87,0.002,BID
1444783119,1615.99,0.151,BID
1444783119,1615.99,0.0726,BID
1444783119,1616.0,0.1734,BID
1444783130,1615.97,0.0194,BID
1444783130,1615.98,0.5,BID
1444783130,1615.98,0.06,BID
1444783130,1615.99,0.0426,BID
1444783130,1615.99,0.0141,BID
1444783130,1616.0,1.3639,BID
1444783134,1615.89,0.1606,ASK
1444783134,1615.89,0.3394,ASK
1444783137,1615.9,0.0223,ASK
1444783137,1615.89,0.4327,ASK
1444783138,1615.89,0.0139,BID
1444783138,1615.88,0.4451,ASK
1444783139,1615.89,0.0311,BID
1444783139,1615.99,0.0139,BID
1444783143,1615.98,0.0228,BID
1444783143,1615.99,0.455,BID
1444783143,1615.99,0.0012,BID
1444783144,1615.98,0.044,BID
1444783144,1615.99,0.0383,BID
1444783144,1616.0,0.5187,BID
1444783145,1615.98,0.0269,BID
1444783145,1616.0,0.0935,BID
1444783147,1615.99,0.035,BID
1444783148,1615.99,0.398,BID
1444783152,1615.99,0.067,BID
1444783152,1616.0,0.1536,BID
1444783152,1616.01,0.0053,BID
1444783152,1616.05,0.2391,BID
1444783155,1616.04,0.041,BID
1444783156,1616.05,0.041,BID
1444783159,1616.04,0.036,BID
1444783159,1616.05,0.024,BID
1444783160,1616.05,0.48,BID
1444783162,1616.05,0.036,BID
1444783163,1616.04,0.0108,BID
1444783163,1616.05,0.1799,BID
1444783165,1616.07,0.179,BID
1444783167,1616.07,0.102,BID
1444783167,1616.08,0.179,ASK
1444783168,1616.07,0.281,BID
1444783168,1616.07,0.04,BID
1444783168,1616.1,0.013,BID
1444783172,1616.1,0.0155,BID
1444783172,1616.13,0.0345,BID
1444783175,1616.13,0.4655,BID
1444783175,1616.13,0.034,BID
1444783175,1616.14,0.0155,BID
1444783176,1616.14,0.4995,BID
1444783177,1616.14,0.2571,BID
1444783177,1616.15,1.7429,BID
1444783178,1616.15,0.075,BID
1444783178,1616.15,0.6188,BID
1444783179,1616.15,1.18,BID
1444783180,1616.15,0.6188,BID
1444783181,1616.15,0.6188,BID
1444783181,1616.15,1.093,BID
1444783182,1616.15,0.6188,BID
1444783183,1616.15,0.2338,BID
1444783183,1616.16,0.385,BID
1444783184,1616.16,0.6188,BID
1444783185,1616.16,0.071,BID
1444783187,1616.16,0.525,BID
1444783188,1616.16,0.6188,BID
1444783189,1616.16,0.6188,BID
1444783190,1616.16,0.6188,BID
1444783192,1616.16,0.59,BID
1444783192,1616.16,0.6188,BID
1444783194,1616.08,0.102,ASK
1444783195,1616.07,0.0322,ASK
1444783195,1616.07,0.0698,BID
1444783195,1616.08,0.398,BID
1444783195,1616.16,0.1152,BID
1444783199,1616.15,0.0381,BID
1444783199,1616.16,0.2319,BID
1444783200,1616.16,0.0381,BID
1444783202,1616.16,0.05,BID
1444783206,1616.16,0.077,BID
1444783211,1616.16,0.044,BID
1444783216,1616.16,0.519,BID
1444783216,1616.16,2.7467,BID
1444783220,1616.17,0.0284,ASK
1444783220,1616.17,0.7,ASK
1444783220,1616.16,1.7059,ASK
1444783221,1616.18,0.0201,ASK
1444783221,1616.16,0.6299,ASK
1444783222,1616.36,0.0201,BID
1444783222,1616.37,0.002,BID
1444783222,1616.41,0.0169,BID
1444783223,1616.17,8.0,BID
1444783223,1616.17,11.769,BID
1444783225,1616.34,0.035,BID
1444783229,1616.33,0.0284,BID
1444783229,1616.34,0.0056,BID
1444783230,1616.34,0.0284,BID
1444783233,1616.32,0.0229,BID
1444783233,1616.34,0.1488,BID
1444783233,1616.34,0.2833,BID
1444783234,1616.34,0.2167,BID
1444783234,1616.35,0.402,BID
1444783235,1616.35,0.2167,BID
1444783236,1616.35,0.05,BID
1444783239,1616.35,3.248,BID
1444783243,1616.34,0.088,BID
1444783243,1616.35,0.412,BID
1444783250,1616.34,0.452,BID
1444783254,1616.33,0.05,BID
1444783257,1616.33,0.022,BID
1444783257,1616.34,0.0006,BID
1444783257,1616.35,0.0494,BID
1444783265,1616.35,0.065,BID
1444783268,1616.35,2.957,BID
1444783271,1616.35,0.772,BID
1444783271,1616.35,0.7411,BID
1444783271,1616.41,0.0071,BID
1444783271,1616.5,0.01,BID
1444783271,1616.5,0.7548,BID
1444783275,1616.5,0.245,BID
1444783289,1616.5,0.0002,BID
1444783289,1616.54,0.004,BID
1444783289,1616.98,0.1,BID
1444783289,1617.0,0.3,BID
1444783289,1617.0,0.2728,BID
1444783289,1617.0,2.787,BID
1444783319,1616.42,0.0284,ASK
1444783319,1616.42,0.014,ASK
1444783319,1616.41,0.06,ASK
1444783319,1616.41,0.22,ASK
1444783319,1616.4,0.1513,ASK
1444783319,1616.37,0.0149,ASK
1444783319,1616.36,0.297,ASK
1444783319,1616.35,0.1003,ASK
1444783319,1616.34,0.022,ASK
1444783319,1616.26,0.6,ASK
1444783319,1616.21,0.072,ASK
1444783319,1616.21,0.3575,ASK
1444783319,1616.2,0.1331,ASK
1444783319,1616.19,0.0229,ASK
1444783319,1616.16,4.3741,ASK
1444783319,1616.09,0.398,ASK
1444783319,1616.06,0.4281,ASK
1444783319,1616.06,0.2159,ASK
1444783319,1616.0,0.465,ASK
1444783319,1616.0,0.3,ASK
1444783319,1615.99,7.6992,ASK
1444783319,1615.98,1.052,ASK
1444783319,1615.9,0.045,ASK
1444783319,1615.88,7.5549,ASK
1444783319,1615.27,0.003,ASK
1444783319,1615.14,0.0918,ASK
1444783319,1615.14,0.6191,ASK
1444783319,1615.12,0.002,ASK
1444783319,1615.0,0.01,ASK
1444783319,1615.0,0.3,ASK
1444783319,1615.0,0.31,ASK
1444783319,1614.99,0.0017,ASK
1444783319,1614.92,12.7564,ASK
1444783319,1614.88,0.0013,ASK
1444783319,1614.85,6.2791,ASK
1444783321,1616.99,24.228,ASK
1444783322,1616.02,14.0,ASK
1444783322,1616.02,6.982,ASK
1444783326,1616.28,0.195,ASK
1444783330,1616.0,0.105,BID
1444783335,1615.99,0.33,BID
1444783399,1615.66,0.0169,ASK
1444783399,1615.46,0.002,ASK
1444783399,1615.38,0.0185,ASK
1444783399,1615.37,0.3649,ASK
1444783399,1615.37,0.0053,ASK
1444783399,1615.36,0.002,ASK
1444783399,1615.29,0.0547,ASK
1444783401,1615.29,0.06,BID
1444783404,1615.29,0.06,BID
1444783408,1615.29,0.05,BID
1444783411,1615.28,0.05,BID
1444783413,1615.22,0.3912,ASK
1444783413,1615.22,0.33,ASK
1444783413,1615.0,0.3,ASK
1444783413,1615.0,3.0088,ASK
1444783415,1615.28,0.05,BID
1444783418,1615.21,0.108,BID
1444783421,1615.2,0.042,BID
1444783422,1615.0,0.001,ASK
1444783424,1615.2,0.018,BID
1444783424,1615.2,0.0185,BID
1444783424,1615.21,0.0635,BID
1444783428,1615.2,0.0115,BID
1444783428,1615.21,0.4005,BID
1444783432,1615.21,0.078,BID
1444783432,1615.28,0.012,BID
1444783433,1615.27,0.0174,BID
1444783433,1615.28,0.0826,BID
1444783436,1615.28,0.5774,BID
1444783436,1615.29,0.0826,BID
1444783439,1615.29,4.0796,BID
1444783440,1615.29,1.4659,BID
1444783440,1615.81,0.006,BID
1444783440,1616.0,0.02,BID
1444783440,1616.0,0.3,BID
1444783466,1616.4,0.167,BID
1444783469,1616.4,0.03,BID
1444783470,1616.4,0.001,BID
1444783472,1616.39,0.05,BID
1444783474,1616.39,0.05,BID
1444783478,1616.38,0.398,BID
1444783482,1616.37,0.5,BID
1444783485,1616.39,0.202,BID
1444783488,1616.36,5.0,BID
1444783492,1616.36,0.1,BID
1444783494,1616.36,0.196,BID
1444783495,1616.36,0.1,BID
1444783499,1616.35,0.268,BID
1444783502,1616.35,0.0003,BID
1444783502,1616.36,0.0917,BID
1444783505,1616.36,0.0762,BID
1444783505,1616.37,0.002,BID
1444783505,1616.39,0.0218,BID
1444783507,1616.39,0.076,BID
1444783511,1616.39,0.2,BID
1444783513,1616.39,0.838,BID
1444783517,1616.39,0.099,BID
1444783521,1616.39,5.0,BID
1444783524,1616.39,0.842,BID
1444783528,1616.38,0.2011,BID
1444783528,1616.39,0.2189,BID
1444783531,1616.39,0.0169,ASK
1444783532,1616.4,0.201,BID
1444783537,1616.4,0.319,BID
1444783538,1616.4,0.6187,BID
1444783543,1616.4,0.8,BID
1444783547,1616.4,0.8731,BID
1444783547,1616.5,0.0819,BID
1444783553,1616.5,0.3499,BID
1444783553,1616.52,0.5231,BID
1444783559,1616.51,0.0284,BID
1444783559,1616.52,0.4696,BID
1444783565,1616.52,1.0,BID
1444783570,1616.52,0.6721,BID
1444783570,1616.84,0.2855,BID
1444783570,1616.86,0.0053,BID
1444783570,1616.87,0.3649,BID
1444783570,1616.87,0.002,BID
1444783570,1616.88,0.0547,BID
1444783570,1616.9,13.4403,BID
1444783570,1616.91,12.7564,BID
1444783570,1616.99,0.2828,BID
1444783570,1616.99,0.195,BID
1444783570,1617.0,0.213,BID
1444783570,1617.0,0.177,BID
1444783582,1616.99,0.01,BID
1444783582,1617.0,0.123,BID
1444783588,1617.01,0.1628,ASK
1444783588,1617.01,0.7712,ASK
1444783588,1617.0,3.0308,ASK
1444783590,1617.0,0.65,ASK
1444783611,1617.15,0.01,BID
1444783611,1617.16,0.008,BID
1444783611,1617.25,0.017,BID
1444783611,1617.49,0.002,BID
1444783611,1617.63,0.7712,BID
1444783614,1617.63,0.1749,ASK
1444783620,1617.45,0.0284,ASK
1444783620,1617.44,0.06,ASK
1444783621,1617.42,7.0,ASK
1444783621,1617.42,10.717,ASK
1444783664,1617.38,0.06,BID
1444783664,1617.38,0.2284,BID
1444783664,1617.39,0.0651,BID
1444783664,1617.4,0.1494,BID
1444783664,1617.41,0.4007,BID
1444783664,1617.42,0.085,BID
1444783668,1617.39,0.06,ASK
1444783668,1617.15,0.3993,ASK
1444783668,1617.14,0.1494,ASK
1444783668,1617.13,0.002,ASK
1444783668,1617.07,0.0246,ASK
1444783668,1617.06,0.177,ASK
1444783668,1617.06,0.3147,ASK
1444783668,1617.04,0.0153,ASK
1444783668,1617.03,0.3065,ASK
1444783668,1617.01,0.1565,ASK
1444783668,1617.0,2.4754,ASK
1444783704,1617.34,0.02,BID
1444783719,1617.32,0.001,BID
1444783721,1617.31,0.01,BID
1444783721,1617.32,0.002,BID
1444783721,1617.33,0.0214,BID
1444783721,1617.34,0.0535,BID
1444783721,1617.35,0.0637,BID
1444783721,1617.36,0.0291,BID
1444783721,1617.37,0.0974,BID
1444783721,1617.37,0.2735,BID
1444783723,1617.22,13.0,BID
1444783723,1617.22,1.081,BID
1444783744,1617.23,0.0717,ASK
1444783744,1617.22,0.1876,ASK
1444783756,1617.21,0.01,ASK
1444783758,1617.21,0.1416,ASK
1444783758,1617.2,0.003,ASK
1444783758,1617.19,0.0214,ASK
1444783758,1617.18,0.002,ASK
1444783758,1617.12,0.0204,ASK
1444783758,1617.11,0.3342,ASK
1444783758,1617.11,0.0735,ASK
1444783758,1617.1,0.0637,ASK
1444783758,1617.09,0.002,ASK
1444783758,1617.02,0.06,ASK
1444783758,1617.0,0.4582,ASK
1444783810,1617.15,0.01,BID
1444783810,1617.16,0.02,BID
1444783810,1617.09,0.002,ASK
1444783810,1617.01,0.1845,ASK
1444783810,1617.0,1.8135,ASK
1444783813,1617.01,0.0291,ASK
1444783813,1617.0,1.5276,ASK
1444783813,1616.55,0.4433,ASK
1444783820,1616.99,0.5,BID
1444783831,1616.97,0.06,BID
1444783841,1616.97,0.03,BID
1444783847,1616.96,0.05,BID
1444783850,1616.95,0.01,BID
1444783850,1616.96,0.01,BID
1444783850,1616.97,0.0009,BID
1444783850,1616.99,0.0391,BID
1444783854,1616.99,0.049,BID
1444783857,1616.98,0.245,BID
1444783858,1616.98,0.01,BID
1444783858,1616.99,0.0619,BID
1444783860,1617.15,0.0282,BID
1444783860,1617.16,0.0378,BID
1444783884,1617.15,0.0253,BID
1444783884,1617.16,0.0063,BID
1444783885,1617.16,0.0253,BID
1444783903,1617.15,0.0237,BID
1444783903,1617.16,0.4739,BID
1444783903,1617.16,0.0204,BID
1444783904,1617.16,0.0003,BID
1444783907,1617.17,0.154,BID
1444783910,1617.17,0.26,BID
1444783911,1617.17,0.0008,BID
1444783911,1617.18,0.0195,BID
1444783914,1617.19,0.2052,BID
1444783914,1617.19,0.0548,BID
1444783921,1617.18,0.2405,ASK
1444783921,1617.16,0.0234,ASK
1444783925,1617.16,0.129,BID
1444783926,1617.16,0.6184,BID
1444783927,1617.16,0.0316,BID
1444783928,1617.16,0.127,BID
1444783931,1617.16,0.132,BID
1444783935,1617.16,0.044,BID
1444783938,1617.16,0.5,BID
1444783942,1617.16,0.05,BID
1444783945,1617.16,0.05,BID
1444783949,1617.15,0.041,BID
1444783966,1617.06,0.0123,ASK
1444783966,1617.05,0.386,ASK
1444783966,1617.05,0.4072,ASK
1444783966,1617.05,3.1945,ASK
1444783973,1617.05,0.75,ASK
1444783974,1617.05,0.65,ASK
1444783975,1617.05,0.65,ASK
1444783977,1617.05,0.65,ASK
1444783978,1617.05,0.65,ASK
1444783979,1617.05,0.65,ASK
1444783980,1617.05,0.65,ASK
1444783981,1617.05,0.65,ASK
1444783982,1617.05,0.65,ASK
1444783984,1617.05,0.65,ASK
1444783984,1617.15,0.074,BID
1444783985,1617.05,0.65,ASK
1444783986,1617.06,0.1174,ASK
1444783986,1617.05,0.5326,ASK
1444783987,1617.05,0.65,ASK
1444783988,1617.05,0.3729,ASK
1444783988,1617.05,0.2771,ASK
1444783989,1617.05,0.65,ASK
1444783990,1617.05,0.65,ASK
1444783991,1617.05,0.4096,ASK
1444783991,1617.04,0.0393,ASK
1444783994,1617.04,0.2011,BID
1444783994,1617.04,0.1929,BID
1444783995,1617.04,0.4571,BID
1444783999,1617.05,0.1613,ASK
1444783999,1617.05,0.6184,ASK
1444783999,1617.04,0.7715,ASK
1444783999,1617.03,0.02,ASK
1444783999,1617.02,0.0209,ASK
1444783999,1617.0,0.3746,ASK
1444783999,1617.0,2.2481,ASK
1444784007,1617.04,0.1236,BID
1444784008,1617.04,0.0377,BID
1444784015,1617.05,0.03,ASK
1444784016,1617.05,0.0936,ASK
1444784016,1617.05,0.1613,ASK
1444784018,1617.0,0.6346,ASK
1444784019,1617.0,0.65,ASK
1444784020,1617.0,0.2666,ASK
1444784024,1616.66,0.09,ASK
1444784024,1616.64,0.002,ASK
1444784024,1616.61,0.0316,ASK
1444784034,1616.98,0.0304,BID
1444784034,1616.98,0.0157,BID
1444784034,1616.98,0.0039,BID
1444784039,1616.97,0.01,BID
1444784039,1616.97,0.04,BID
1444784042,1616.96,0.0119,BID
1444784042,1616.97,0.0381,BID
1444784045,1616.95,0.0369,BID
1444784045,1616.97,0.1508,BID
1444784045,1616.98,0.0123,BID
1444784049,1616.96,0.15,BID
1444784052,1616.96,0.054,BID
1444784053,1616.98,0.0222,BID
1444784053,1616.98,0.0977,BID
1444784053,1616.98,0.0515,BID
1444784053,1616.98,0.0322,BID
1444784053,1616.99,0.3834,BID
1444784053,1616.99,0.65,BID
1444784053,1616.99,0.7715,BID
1444784053,1617.03,0.0157,BID
1444784053,1617.04,0.03,BID
1444784053,1617.04,0.2849,BID
1444784053,1617.11,0.0394,BID
1444784053,1617.12,7.6215,BID
1444784056,1617.12,1.872,BID
1444784061,1617.12,0.093,BID
1444784064,1617.12,0.4135,BID
1444784064,1617.14,0.0925,BID
1444784067,1617.0,0.413,BID
1444784071,1617.0,1.087,BID
1444784075,1616.99,0.05,BID
1444784080,1616.99,0.05,BID
1444784080,1616.99,0.0236,BID
1444784080,1617.0,0.9764,BID
1444784083,1617.0,0.05,BID
1444784086,1617.0,2.0,BID
1444784089,1617.0,0.082,BID
1444784093,1617.0,0.549,BID
1444784095,1617.0,0.365,BID
1444784098,1617.0,0.057,BID
1444784102,1617.0,0.049,BID
1444784103,1616.73,0.2799,ASK
1444784103,1616.72,0.35,ASK
1444784103,1616.7,0.252,ASK
1444784103,1616.68,0.2531,ASK
1444784103,1616.66,0.2606,ASK
1444784103,1616.65,2.0214,ASK
1444784105,1617.0,0.136,BID
1444784109,1617.0,0.035,BID
1444784116,1616.98,0.102,BID
1444784118,1616.97,0.3111,BID
1444784118,1616.98,0.2782,BID
1444784118,1616.99,0.2876,BID
1444784118,1616.99,0.0722,BID
1444784118,1617.0,0.2435,BID
1444784122,1616.96,0.0211,BID
1444784122,1617.0,0.9399,BID
1444784126,1617.0,0.05,BID
1444784129,1617.0,0.324,BID
1444784133,1616.99,0.0065,BID
1444784133,1617.0,0.0445,BID
1444784136,1617.0,0.05,BID
1444784140,1616.74,0.05,BID
1444784144,1616.74,0.081,BID
1444784145,1616.74,0.223,BID
1444784150,1616.87,0.002,BID
1444784150,1616.99,0.0283,BID
1444784150,1617.0,0.1927,BID
1444784158,1617.0,0.05,BID
1444784163,1616.99,0.064,BID
1444784164,1616.99,0.106,BID
1444784164,1616.99,0.064,BID
1444784165,1616.99,0.094,BID
1444784165,1617.0,0.076,BID
1444784166,1617.0,0.264,BID
1444784179,1616.99,0.0013,BID
1444784179,1617.0,0.5487,BID
1444784180,1616.98,0.6184,BID
1444784182,1616.98,0.6184,BID
1444784183,1616.98,0.6184,BID
1444784184,1616.98,0.6184,BID
1444784185,1616.98,0.05,BID
1444784185,1616.98,0.6184,BID
1444784186,1616.98,0.6184,BID
1444784188,1616.98,0.6184,BID
1444784189,1616.98,0.6184,BID
1444784190,1616.98,0.6184,BID
1444784191,1616.98,0.6184,BID
1444784192,1616.98,0.6184,BID
1444784193,1616.98,0.5236,BID
1444784200,1617.0,0.464,BID
1444784202,1617.0,0.6184,BID
1444784203,1617.0,0.6184,BID
1444784204,1617.0,0.05,BID
1444784204,1617.0,0.6184,BID
1444784206,1617.0,0.6184,BID
1444784207,1617.0,0.6184,BID
1444784208,1617.0,0.5,BID
1444784211,1617.0,0.368,BID
1444784214,1617.0,0.01,BID
1444784217,1617.0,1.18,BID
1444784219,1617.0,0.037,BID
1444784222,1617.0,1.18,BID
1444784223,1617.0,0.856,BID
1444784223,1617.0,5.0,BID
1444784223,1617.0,0.01,BID
1444784225,1617.0,2.58,BID
1444784227,1617.0,1.18,BID
1444784229,1617.0,0.106,BID
1444784233,1617.0,0.05,BID
1444784234,1617.0,0.01,BID
1444784237,1617.0,0.05,BID
1444784241,1617.0,0.1,BID
1444784243,1617.0,0.043,BID
1444784246,1617.0,0.086,BID
1444784249,1617.0,0.05,BID
1444784249,1617.0,4.0946,BID
1444784255,1617.0,2.0,BID
1444784258,1617.0,0.112,BID
1444784260,1616.99,0.0948,ASK
1444784260,1616.99,0.6184,ASK
1444784260,1616.99,2.44,ASK
1444784261,1616.98,0.051,BID
1444784263,1616.98,0.599,BID
1444784263,1616.99,1.401,BID
1444784265,1616.99,0.6184,BID
1444784265,1616.99,0.599,BID
1444784268,1616.99,0.127,BID
1444784272,1616.99,0.031,BID
1444784276,1616.98,0.0037,BID
1444784276,1616.99,0.5743,BID
1444784279,1616.98,0.064,BID
1444784283,1616.98,1.579,BID
1444784285,1616.98,2.4564,BID
1444784285,1616.99,1.872,BID
1444784286,1616.99,2.0,BID
1444784287,1616.99,2.456,BID
1444784290,1616.98,0.056,BID
1444784290,1616.99,0.28,BID
1444784292,1616.86,0.0067,ASK
1444784297,1616.99,0.658,BID
1444784301,1616.99,0.05,BID
1444784307,1616.87,0.1562,ASK
1444784307,1616.86,0.0493,ASK
1444784307,1616.85,0.0037,ASK
1444784307,1616.85,0.2393,BID
1444784307,1616.99,0.1517,BID
1444784313,1616.86,0.05,BID
1444784316,1616.86,0.035,BID
1444784317,1616.86,0.0712,BID
1444784317,1616.87,0.002,BID
1444784319,1616.99,0.118,BID
1444784322,1616.98,0.176,BID
1444784322,1616.99,0.149,BID
1444784326,1616.99,0.122,BID
1444784331,1616.99,0.5,BID
1444784334,1616.98,0.05,BID
1444784335,1616.98,0.0194,BID
1444784335,1616.99,0.05,BID
1444784338,1616.99,0.044,BID
1444784341,1616.99,0.05,BID
1444784345,1616.99,0.463,BID
1444784349,1616.99,0.293,BID
1444784349,1616.9,0.0218,ASK
1444784349,1616.89,0.0694,ASK
1444784349,1616.89,0.3562,ASK
1444784349,1616.88,0.176,ASK
1444784349,1616.87,0.033,ASK
1444784349,1616.87,0.1062,ASK
1444784349,1616.83,0.0152,ASK
1444784349,1616.82,0.3045,ASK
1444784349,1616.81,0.0013,ASK
1444784349,1616.79,0.1227,ASK
1444784349,1616.79,0.0127,ASK
1444784349,1616.79,0.06,ASK
1444784349,1616.77,0.158,ASK
1444784349,1616.77,0.0244,ASK
1444784349,1616.76,0.2368,ASK
1444784349,1616.76,0.251,ASK
1444784349,1616.75,0.081,ASK
1444784349,1616.75,0.304,ASK
1444784349,1616.72,0.0376,ASK
1444784349,1616.71,0.0283,ASK
1444784349,1616.7,0.0065,ASK
1444784349,1616.66,0.1734,ASK
1444784353,1616.98,0.05,BID
1444784357,1616.98,0.0391,BID
1444784357,1616.98,0.0109,BID
1444784362,1616.97,0.052,BID
1444784364,1616.68,0.0207,ASK
1444784364,1616.67,0.063,ASK
1444784364,1616.67,0.0438,ASK
1444784364,1616.66,0.4266,ASK
1444784364,1616.66,0.4502,ASK
1444784364,1616.66,0.0916,ASK
1444784364,1616.65,3.4297,ASK
1444784364,1616.96,0.0207,BID
1444784364,1616.96,0.0152,BID
1444784364,1616.97,0.008,BID
1444784364,1616.97,0.2448,BID
1444784364,1616.98,0.0153,BID
1444784366,1616.97,1.0,ASK
1444784366,1616.97,2.0,ASK
1444784366,1616.97,4.104,ASK
1444784367,1616.67,1.0,BID
1444784367,1616.67,10.593,BID
1444784367,1616.98,0.036,BID
1444784368,1616.67,21.046,BID
1444784371,1616.97,0.311,BID
1444784375,1616.96,0.0116,BID
1444784375,1616.97,0.046,BID
1444784375,1616.97,0.1734,BID
1444784385,1616.7,0.06,ASK
1444784385,1616.69,0.0556,ASK
1444784385,1616.69,0.0817,ASK
1444784385,1616.67,0.357,ASK
1444784385,1616.65,5.5489,ASK
1444784385,1616.5,0.002,ASK
1444784385,1616.47,0.002,ASK
1444784385,1616.37,0.004,ASK
1444784385,1616.07,0.7,ASK
1444784385,1616.06,1.2222,ASK
1444784410,1616.72,0.0408,ASK
1444784411,1616.72,0.0133,ASK
1444784411,1616.71,0.0408,ASK
1444784424,1616.88,0.0221,BID
1444784424,1616.88,0.1049,BID
1444784425,1616.87,0.1073,BID
1444784428,1616.86,0.05,BID
1444784431,1616.85,0.001,BID
1444784432,1616.85,0.05,BID
1444784435,1616.85,0.153,BID
1444784435,1616.86,0.01,BID
1444784437,1616.86,0.0195,BID
1444784442,1616.86,0.4674,ASK
1444784443,1616.87,0.0134,BID
1444784443,1616.88,0.0226,BID
1444784443,1616.86,0.5131,ASK
1444784445,1616.85,0.05,BID
1444784449,1616.84,0.043,BID
1444784450,1616.84,0.2237,BID
1444784450,1616.84,0.043,BID
1444784454,1616.84,0.179,BID
1444784455,1616.84,0.2964,BID
1444784458,1616.85,0.0869,BID
1444784458,1616.85,0.0261,BID
1444784461,1616.84,0.05,BID
1444784466,1616.84,0.063,BID
1444784467,1616.84,0.113,BID
1444784469,1616.84,0.474,BID
1444784472,1616.85,0.03,BID
1444784473,1616.85,0.5939,BID
1444784473,1616.85,0.0953,BID
1444784473,1616.86,3.4108,BID
1444784475,1616.85,0.0123,BID
1444784475,1616.86,0.5177,BID
1444784479,1616.85,0.1487,BID
1444784479,1616.85,0.0163,BID
1444784486,1616.85,0.0006,BID
1444784486,1616.85,0.0464,BID
1444784487,1616.85,0.0835,BID
1444784487,1616.86,0.047,BID
1444784488,1616.86,0.1305,BID
1444784490,1616.86,0.05,BID
1444784497,1616.85,0.1663,BID
1444784497,1616.86,0.3357,BID
1444784498,1616.86,0.3629,BID
1444784500,1616.86,0.046,BID
1444784503,1616.86,0.361,BID
1444784506,1616.86,1.0,BID
1444784507,1616.86,1.0,BID
1444784517,1616.86,1.657,BID
1444784521,1616.86,1.206,BID
1444784526,1616.86,0.05,BID
1444784531,1616.86,0.079,BID
1444784535,1616.86,1.0742,BID
1444784535,1616.86,0.001,BID
1444784535,1616.87,0.002,BID
1444784535,1616.89,0.0768,BID
1444784539,1616.89,0.26,BID
1444784540,1616.89,0.0009,BID
1444784540,1616.9,0.2452,BID
1444784540,1616.91,0.1662,BID
1444784540,1616.92,0.0541,BID
1444784540,1616.92,0.0336,BID
1444784541,1616.92,0.26,BID
1444784545,1616.91,0.017,BID
1444784545,1616.92,0.105,BID
1444784548,1616.92,0.0174,BID
1444784548,1616.95,0.2266,BID
1444784555,1616.94,0.0302,BID
1444784555,1616.95,0.0005,BID
1444784555,1616.96,0.0817,BID
1444784555,1616.99,0.06,BID
1444784555,1617.0,0.082,BID
1444784556,1617.0,4.0808,BID
1444784558,1617.0,0.299,BID
1444784561,1617.0,0.1887,BID
1444784561,1617.0,2.8023,BID
1444784564,1617.0,0.1,BID
1444784568,1617.0,0.211,BID
1444784573,1617.0,0.063,BID
1444784576,1617.0,0.1,BID
1444784579,1617.0,0.05,BID
1444784582,1617.0,0.05,BID
1444784583,1616.99,0.5376,ASK
1444784583,1616.81,0.0176,ASK
1444784583,1616.8,0.2734,ASK
1444784583,1616.8,0.0302,ASK
1444784583,1616.8,0.0486,ASK
1444784583,1616.8,0.06,ASK
1444784583,1616.79,0.0638,ASK
1444784583,1616.79,0.017,ASK
1444784583,1616.78,0.0894,ASK
1444784583,1616.77,0.01,BID
1444784586,1616.77,0.05,BID
1444784587,1616.77,0.22,BID
1444784589,1616.77,0.082,BID
1444784592,1616.77,0.076,BID
1444784594,1616.77,0.01,BID
1444784596,1616.77,0.074,BID
1444784602,1616.77,0.102,BID
1444784605,1616.77,0.5,BID
1444784609,1616.77,0.05,BID
1444784613,1616.77,0.1,BID
1444784614,1616.77,0.06,BID
1444784621,1616.77,0.636,BID
1444784622,1616.77,0.0001,BID
1444784625,1616.87,0.002,BID
1444784625,1616.96,0.06,BID
1444784626,1616.96,16.823,BID
1444784628,1616.97,0.0176,BID
1444784628,1616.98,0.5374,BID
1444784632,1616.98,0.0002,BID
1444784632,1617.0,0.1723,BID
1444784632,1617.0,1.3725,BID
1444784633,1617.0,0.498,BID
1444784638,1616.97,0.2549,BID
1444784638,1617.0,0.2351,BID
1444784642,1617.0,0.254,BID
1444784643,1617.0,0.2827,BID
1444784645,1617.0,0.451,BID
1444784647,1617.0,0.509,BID
1444784651,1617.0,0.153,BID
1444784652,1617.0,0.116,BID
1444784655,1617.0,0.05,BID
1444784658,1617.0,3.078,BID
1444784677,1617.0,0.0007,BID
1444784677,1617.15,0.0003,BID
1444784681,1617.16,0.001,BID
1444784700,1617.22,4.359,BID
1444784714,1617.22,0.0001,BID
1444784714,1617.37,0.002,BID
1444784714,1617.38,0.0013,BID
1444784714,1617.43,0.012,BID
1444784714,1617.49,0.002,BID
1444784714,1617.49,0.0017,BID
1444784714,1617.5,0.5,BID
1444784714,1617.98,0.1,BID
1444784714,1618.0,0.3,BID
1444784714,1618.0,0.0686,BID
1444784714,1618.0,1.1623,BID
1444784716,1617.99,3.0,BID
1444784716,1617.99,11.817,BID
1444784768,1617.97,0.0284,BID
1444784768,1617.98,0.0476,BID
1444784771,1617.98,0.0003,BID
1444784771,1617.99,0.0517,BID
1444784775,1617.99,0.0016,BID
1444784775,1618.0,1.2094,BID
1444784782,1618.0,0.031,BID
1444784783,1617.36,7.0,BID
1444784783,1617.36,2.816,BID
1444784785,1618.0,0.1,BID
1444784792,1618.0,0.108,BID
1444784800,1618.0,0.126,BID
1444784805,1618.0,0.05,BID
1444784805,1617.4,0.01,ASK
1444784805,1617.39,0.0372,ASK
1444784805,1617.38,0.698,ASK
1444784805,1617.38,0.0212,ASK
1444784805,1617.37,0.3649,ASK
1444784805,1617.34,0.0294,ASK
1444784805,1617.33,0.1683,ASK
1444784805,1617.33,0.4187,ASK
1444784805,1617.31,0.2107,ASK
1444784805,1617.31,0.6,ASK
1444784805,1617.3,0.0408,ASK
1444784808,1617.99,0.0294,BID
1444784808,1617.99,0.0206,BID
1444784812,1617.99,0.0006,BID
1444784812,1617.99,0.0364,BID
1444784816,1617.99,0.6,BID
1444784819,1617.98,0.2182,BID
1444784819,1617.98,0.6988,BID
1444784823,1617.98,0.0002,BID
1444784823,1618.0,0.9538,BID
1444784826,1618.0,0.764,BID
1444784829,1618.0,0.063,BID
1444784832,1618.0,0.2,BID
1444784836,1618.0,0.183,BID
1444784840,1618.0,0.512,BID
1444784843,1618.0,4.5375,BID
1444784844,1618.13,0.004,BID
1444784844,1618.78,2.5,BID
1444784860,1618.03,0.06,ASK
1444784861,1618.02,0.0284,BID
1444784867,1618.01,0.0568,ASK
1444784883,1618.1,0.002,ASK
1444784883,1618.03,0.0299,ASK
1444784883,1618.03,0.7,ASK
1444784883,1618.02,0.6,ASK
1444784883,1618.01,0.1342,ASK
1444784885,1618.01,0.0064,BID
1444784886,1618.01,1.239,BID
1444784887,1618.01,0.5925,BID
1444784900,1618.64,0.0284,BID
1444784900,1618.65,0.002,BID
1444784900,1618.72,0.0723,BID
1444784900,1618.74,0.0064,BID
1444784900,1618.75,0.0307,BID
1444784900,1618.76,0.7,BID
1444784900,1618.77,0.0568,BID
1444784900,1618.78,1.5525,BID
1444784900,1618.88,0.23,BID
1444784900,1618.98,0.1,BID
1444784900,1618.99,0.5925,BID
1444784900,1618.99,0.2016,BID
1444784900,1619.0,0.3,BID
1444784900,1619.0,0.012,BID
1444784900,1619.0,0.129,BID
1444784935,1618.14,0.0284,ASK
1444784935,1618.13,0.0285,ASK
1444784935,1618.11,0.03,ASK
1444784938,1618.11,0.48,BID
1444784940,1618.1,0.002,ASK
1444784943,1618.1,0.064,BID
1444784945,1618.1,0.0009,BID
1444784945,1618.61,0.0631,BID
1444784957,1618.06,0.0386,ASK
1444784957,1618.05,0.035,ASK
1444784957,1618.02,0.0723,ASK
1444784957,1618.01,0.1232,ASK
1444784957,1618.0,0.1117,ASK
1444784957,1618.0,3.5363,ASK
1444784957,1618.06,0.7,ASK
1444784957,1618.0,0.5637,ASK
1444784957,1618.0,0.3,ASK
1444784957,1617.81,0.001,ASK
1444784957,1617.8,4.0162,ASK
1444784960,1618.05,0.038,BID
1444784971,1618.04,0.06,BID
1444784976,1618.05,0.0006,BID
1444784985,1618.59,0.0206,BID
1444784985,1618.59,0.0078,BID
1444784985,1618.6,0.002,BID
1444784985,1618.6,0.0186,BID
1444784985,1618.61,0.3435,BID
1444784985,1618.61,0.0284,BID
1444784985,1618.63,0.0016,BID
1444784996,1618.14,0.002,ASK
1444784996,1618.06,0.0186,ASK
1444784996,1618.05,0.7048,ASK
1444785012,1618.63,0.0284,BID
1444785012,1618.64,0.002,BID
1444785012,1618.89,0.035,BID
1444785012,1618.89,0.0346,BID
1444785014,1618.88,0.03,BID
1444785014,1618.14,3.0,BID
1444785014,1618.14,1.494,BID
1444785021,1618.88,0.0283,BID
1444785029,1618.97,0.002,BID
1444785030,1618.97,0.1,BID
1444785038,1618.96,0.035,BID
1444785038,1618.96,0.065,BID
1444785040,1618.97,0.035,BID
1444785044,1618.96,0.0282,BID
1444785044,1618.97,0.0068,BID
1444785046,1618.96,0.1,BID
1444785047,1618.96,0.066,BID
1444785048,1618.96,0.002,BID
1444785050,1618.95,0.232,BID
1444785054,1618.95,0.384,BID
1444785058,1618.95,0.0004,BID
1444785058,1618.96,0.2296,BID
1444785059,1618.96,0.0008,BID
1444785064,1618.99,0.021,BID
1444785064,1618.99,0.019,BID
1444785067,1618.99,0.0003,BID
1444785067,1619.0,0.0537,BID
1444785068,1619.0,0.1,BID
1444785070,1618.96,0.0393,ASK
1444785071,1619.0,0.03,BID
1444785071,1618.96,0.0599,ASK
1444785074,1618.95,0.0393,BID
1444785075,1619.0,0.039,BID
1444785078,1619.0,0.1,BID
1444785079,1619.0,0.1,BID
1444785083,1619.0,0.4483,BID
1444785083,1619.0,1.1927,BID
1444785086,1619.0,0.078,BID
1444785086,1619.0,1.0604,BID
1444785086,1619.0,0.3,BID
1444785086,1619.0,1.2196,BID
1444785087,1619.0,0.1,BID
1444785095,1619.0,0.427,BID
1444785097,1619.0,0.899,BID
1444785098,1618.98,0.0348,ASK
1444785098,1618.98,0.0182,ASK
1444785099,1618.99,0.0659,ASK
1444785100,1619.0,0.545,BID
1444785101,1618.99,0.705,ASK
1444785101,1618.98,0.0129,ASK
1444785101,1618.97,0.6,ASK
1444785101,1618.97,0.7,ASK
1444785101,1618.96,2.3735,ASK
1444785106,1618.98,0.05,BID
1444785108,1618.98,0.1,BID
1444785109,1618.98,0.5,BID
1444785109,1618.99,0.0197,BID
1444785109,1618.99,0.028,BID
1444785109,1618.99,0.0182,BID
1444785109,1619.0,0.0341,BID
1444785112,1619.0,0.724,BID
1444785112,1619.0,1.3273,BID
1444785117,1619.42,0.1,BID
1444785133,1619.06,0.2471,ASK
1444785133,1619.06,0.0284,ASK
1444785133,1619.05,0.1442,ASK
1444785133,1619.04,0.06,ASK
1444785133,1619.03,0.2024,ASK
1444785133,1619.03,0.0153,ASK
1444785133,1619.02,0.3052,ASK
1444785133,1619.01,0.1321,ASK
1444785133,1619.0,0.0287,ASK
1444785133,1618.99,0.5733,ASK
1444785133,1618.99,0.0305,ASK
1444785133,1618.98,0.61,ASK
1444785133,1618.96,5.4178,ASK
1444785136,1619.39,0.0284,BID
1444785136,1619.4,0.1442,BID
1444785136,1619.4,0.0101,BID
1444785139,1619.4,0.3173,ASK
1444785140,1619.39,0.1235,BID
1444785140,1619.41,0.0785,BID
1444785140,1619.38,2.0,BID
1444785140,1619.38,5.727,BID
1444785142,1619.38,0.0159,BID
1444785142,1619.38,0.0638,BID
1444785142,1619.39,0.1227,BID
1444785144,1619.39,0.05,BID
1444785148,1619.0,0.0975,ASK
1444785148,1618.99,0.022,ASK
1444785148,1618.99,0.0638,ASK
1444785148,1618.98,0.4408,ASK
1444785148,1618.97,0.1004,ASK
1444785148,1618.97,0.0259,ASK
1444785148,1618.96,17.2506,ASK
1444785148,1619.38,0.06,BID
1444785148,1619.38,0.0975,BID
1444785148,1619.39,0.0365,BID
1444785156,1619.09,0.017,ASK
1444785179,1619.18,0.002,ASK
1444785179,1619.1,0.1967,ASK
1444785179,1619.08,0.002,ASK
1444785179,1619.08,0.0169,ASK
1444785180,1619.03,0.1239,BID
1444785181,1619.02,0.2375,ASK
1444785181,1619.02,0.04,BID
1444785182,1619.01,0.0475,ASK
1444785187,1619.01,0.19,BID
1444785187,1619.02,1.0498,BID
1444785187,1619.03,1.3025,BID
1444785187,1619.31,0.1239,BID
1444785187,1619.31,0.01,BID
1444785187,1619.32,0.1146,BID
1444785187,1619.33,0.0194,BID
1444785187,1619.34,0.1967,BID
1444785187,1619.34,0.1918,BID
1444785187,1619.35,0.0173,BID
1444785187,1619.36,0.3457,BID
1444785187,1619.36,0.0119,BID
1444785187,1619.37,0.2375,BID
1444785187,1619.38,0.0475,BID
1444785187,1619.38,0.02,BID
1444785187,1619.41,0.1239,BID
1444785187,1619.42,0.0321,BID
1444785187,1619.5,0.011,BID
1444785187,1619.55,0.008,BID
1444785187,1619.59,0.001,BID
1444785187,1619.73,0.7,BID
1444785187,1619.74,0.6,BID
1444785187,1619.83,0.002,BID
1444785187,1619.91,0.7709,BID
1444785187,1619.98,0.1,BID
1444785187,1619.98,1.2322,BID
1444785187,1619.99,1.3803,BID
1444785188,1619.98,18.47,BID
1444785188,1619.98,5.0,BID
1444785188,1619.98,2.0,BID
1444785188,1619.98,9.566,BID
1444785238,1619.91,0.04,BID
1444785238,1619.92,0.0127,BID
1444785238,1619.93,0.1492,BID
1444785238,1619.94,0.0186,BID
1444785243,1619.95,0.3717,BID
1444785244,1619.95,0.3992,ASK
1444785244,1619.94,1.6008,ASK
1444785246,1619.94,0.65,ASK
1444785282,1619.96,0.045,BID
1444785283,1619.96,0.0006,BID
1444785283,1619.97,0.0404,BID
1444785291,1619.98,0.0364,BID
1444785291,1619.98,0.7709,BID
1444785291,1619.98,0.0887,BID
1444785294,1619.98,0.0005,BID
1444785294,1619.99,0.0935,BID
1444785295,1619.97,0.0046,ASK
1444785295,1619.95,0.0727,ASK
1444785295,1619.94,0.0597,ASK
1444785297,1619.98,0.0727,BID
1444785297,1619.99,0.0273,BID
1444785298,1619.99,0.05,BID
1444785299,1619.99,0.546,BID
1444785301,1619.99,0.05,BID
1444785305,1619.99,1.0,BID
1444785313,1619.99,0.129,BID
1444785316,1619.99,0.129,BID
1444785320,1619.99,0.035,BID
1444785321,1619.98,1.18,ASK
1444785322,1619.98,0.65,ASK
1444785323,1619.99,0.625,BID
1444785323,1619.98,0.65,ASK
1444785324,1619.99,0.4724,BID
1444785324,1620.0,0.01,BID
1444785324,1620.0,0.1,BID
1444785324,1620.0,0.0349,BID
1444785326,1620.0,0.0651,BID
1444785326,1620.0,0.5522,BID
1444785327,1620.0,0.0478,BID
1444785327,1620.0,0.3,BID
1444785327,1620.0,0.6522,BID
1444785328,1620.0,0.3478,BID
1444785328,1620.0,0.2695,BID
1444785331,1620.0,0.127,BID
1444785331,1620.0,1.18,BID
1444785334,1620.0,0.229,BID
1444785337,1620.0,0.05,BID
1444785340,1620.0,1.2145,BID
1444785340,1620.0,0.7855,BID
1444785341,1620.0,7.301,BID
1444785341,1620.0,0.047,BID
1444785345,1620.0,0.7,BID
1444785348,1619.99,0.0766,ASK
1444785348,1619.99,0.301,BID
1444785349,1619.98,0.0766,ASK
1444785349,1619.99,0.0554,BID
1444785351,1619.99,3.5842,BID
1444785351,1620.0,1.361,BID
1444785351,1620.0,0.054,BID
1444785354,1620.0,1.0,BID
1444785358,1620.0,0.042,BID
1444785364,1620.0,0.1,BID
1444785370,1620.0,0.042,BID
1444785377,1620.0,0.127,BID
1444785381,1619.99,0.0442,ASK
1444785381,1619.99,0.0206,ASK
1444785381,1619.99,1.1152,ASK
1444785382,1619.99,0.0124,ASK
1444785382,1619.98,1.4558,ASK
1444785382,1619.97,0.059,ASK
1444785382,1619.96,1.0528,ASK
1444785384,1619.98,0.462,BID
1444785387,1619.98,0.188,BID
1444785387,1619.99,0.1414,BID
1444785387,1619.99,0.0554,BID
1444785387,1619.99,0.059,BID
1444785387,1620.0,0.2062,BID
1444785390,1620.0,0.65,BID
1444785392,1620.0,5.0,BID
1444785393,1619.99,0.188,ASK
1444785393,1619.97,0.0208,ASK
1444785393,1619.96,0.4163,ASK
1444785395,1619.96,2.329,BID
1444785395,1619.98,0.188,BID
1444785395,1619.99,0.0208,BID
1444785395,1620.0,2.4622,BID
1444785400,1620.0,0.057,BID
1444785403,1620.0,0.98,BID
1444785407,1620.0,1.0,BID
1444785426,1620.0,0.499,BID
1444785429,1620.0,0.228,BID
1444785465,1620.0,0.3137,BID
1444785486,1619.98,0.0309,ASK
1444785486,1619.97,0.6173,ASK
1444785486,1619.95,0.1274,ASK
1444785486,1619.95,0.0385,ASK
1444785486,1619.94,1.1859,ASK
1444785486,1619.94,1.18,ASK
1444785489,1619.94,2.0,ASK
1444785490,1619.94,0.65,ASK
1444785491,1619.94,1.18,ASK
1444785491,1619.94,2.0,ASK
1444785491,1619.94,0.65,ASK
1444785492,1619.95,0.65,ASK
1444785493,1619.95,0.1209,ASK
1444785493,1619.94,2.8791,ASK
1444785494,1619.94,14.35,ASK
1444785494,1619.94,0.65,ASK
1444785495,1619.94,0.65,ASK
1444785496,1619.94,0.65,ASK
1444785497,1619.94,0.65,ASK
1444785498,1619.94,0.65,ASK
1444785499,1619.94,0.65,ASK
1444785500,1619.94,0.334,ASK
1444785501,1619.94,0.65,ASK
1444785501,1619.94,0.65,ASK
1444785502,1619.94,0.65,ASK
1444785503,1619.94,0.65,ASK
1444785504,1619.94,0.65,ASK
1444785505,1619.94,0.0224,ASK
1444785507,1619.93,0.334,BID
1444785508,1619.93,0.2936,BID
1444785508,1619.93,0.3237,BID
1444785509,1619.93,0.1243,BID
1444785525,1619.94,0.0169,ASK
1444785550,1619.94,0.185,ASK
1444785552,1619.94,0.2911,ASK
1444785552,1619.94,0.3589,ASK
1444785553,1619.94,0.2584,ASK
1444785558,1619.93,0.3916,BID
1444785558,1619.93,0.65,BID
1444785561,1619.94,0.01,ASK
1444785562,1619.96,0.014,BID
1444785562,1619.96,0.03,BID
1444785563,1619.96,0.0009,BID
1444785563,1619.97,0.0309,BID
1444785563,1619.97,0.0131,BID
1444785566,1619.97,0.054,BID
1444785568,1619.96,0.037,BID
1444785568,1619.97,0.5803,BID
1444785569,1619.97,0.037,BID
1444785593,1619.96,0.01,BID
1444785593,1619.97,0.0865,BID
1444785593,1619.97,0.1145,BID
1444785599,1619.97,0.0004,BID
1444785599,1619.98,1.9746,BID
1444785600,1619.96,10.0,BID
1444785600,1619.96,5.095,BID
1444785600,1619.98,1.0,BID
1444785602,1619.98,0.0396,BID
1444785602,1619.98,0.5777,BID
1444785603,1619.98,0.6173,BID
1444785605,1619.98,0.6173,BID
1444785607,1619.98,0.6173,BID
1444785608,1619.98,0.6173,BID
1444785609,1619.98,0.6173,BID
1444785610,1619.98,0.6173,BID
1444785611,1619.98,0.6173,BID
1444785613,1619.98,0.6173,BID
1444785614,1619.98,0.6173,BID
1444785615,1619.98,0.6173,BID
1444785616,1619.98,0.6173,BID
1444785618,1619.98,0.6173,BID
1444785619,1619.98,0.6173,BID
1444785629,1619.97,0.01,ASK
1444785642,1619.97,0.01,ASK
1444785645,1619.98,0.802,BID
1444785649,1619.97,0.0113,ASK
1444785649,1619.97,0.01,ASK
1444785649,1619.97,0.01,ASK
1444785649,1619.96,0.626,ASK
1444785649,1619.94,6.4187,ASK
1444785649,1619.94,0.6173,ASK
1444785649,1619.78,0.06,ASK
1444785652,1619.5,2.0,BID
1444785652,1619.48,2.0,ASK
1444785652,1619.48,62.177,ASK
1444785653,1619.5,2.58,BID
1444785654,1619.5,2.0,BID
1444785657,1619.5,0.392,BID
1444785673,1619.47,0.1232,ASK
1444785674,1619.44,0.0127,ASK
1444785674,1619.41,0.1105,ASK
1444785674,1619.5,2.0,BID
1444785675,1619.41,0.0127,ASK
1444785676,1619.41,0.4536,ASK
1444785676,1619.41,0.4409,ASK
1444785677,1619.41,0.65,ASK
1444785678,1619.41,0.65,ASK
1444785679,1619.46,0.053,BID
1444785679,1619.41,0.1523,ASK
1444785679,1619.41,0.42,ASK
1444785680,1619.4,0.0777,BID
1444785680,1619.46,0.0455,BID
1444785681,1619.46,0.0247,BID
1444785682,1619.5,0.1108,BID
1444785682,1619.87,0.002,BID
1444785682,1619.97,0.0313,BID
1444785682,1619.97,0.01,BID
1444785682,1619.97,0.01,BID
1444785682,1619.98,0.6439,BID
1444785683,1619.47,0.0985,ASK
1444785684,1619.51,0.0985,ASK
1444785685,1619.52,0.0284,ASK
1444785685,1619.51,0.0123,ASK
1444785686,1619.46,0.05,BID
1444785687,1619.33,2.0,BID
1444785687,1619.33,4.0,BID
1444785687,1619.33,13.962,BID
1444785687,1619.46,0.0078,BID
1444785702,1619.61,0.0169,ASK
1444785702,1619.53,0.2555,ASK
1444785702,1619.52,0.0082,ASK
1444785710,1619.52,0.0332,ASK
1444785712,1619.51,0.682,BID
1444785716,1619.5,0.194,BID
1444785717,1619.5,0.0006,BID
1444785717,1619.51,0.194,BID
1444785720,1619.51,0.194,BID
1444785721,1619.51,0.6175,BID
1444785722,1619.51,0.6175,BID
1444785723,1619.51,0.127,BID
1444785723,1619.51,0.6175,BID
1444785726,1619.51,0.414,BID
1444785727,1619.37,10.541,BID
1444785728,1619.51,3.0,BID
1444785738,1619.51,0.5,BID
1444785744,1619.51,0.05,BID
1444785747,1619.51,12.2414,BID
1444785748,1619.51,0.176,BID
1444785749,1619.51,22.7164,BID
1444785750,1619.51,5.0,BID
1444785752,1619.51,0.054,BID
1444785755,1619.5,0.0464,BID
1444785755,1619.5,0.1073,BID
1444785755,1619.51,0.0223,BID
1444785756,1619.51,0.446,BID
1444785757,1619.5,4.0,BID
1444785757,1619.5,2.0,BID
1444785757,1619.5,4.514,BID
1444785759,1619.51,0.127,BID
1444785761,1619.51,0.0491,BID
1444785764,1619.51,0.04,BID
1444785769,1619.51,0.044,BID
1444785776,1619.38,0.0026,ASK
1444785776,1619.51,0.077,BID
1444785781,1619.51,0.04,BID
1444785784,1619.51,0.05,BID
1444785789,1619.51,0.055,BID
1444785794,1619.51,0.669,BID
1444785797,1619.51,0.5,BID
1444785801,1619.51,0.061,BID
1444785805,1619.51,1.0,BID
1444785808,1619.51,0.5,BID
1444785811,1619.51,4.098,BID
1444785813,1619.5,0.3284,ASK
1444785814,1619.42,0.0271,ASK
1444785814,1619.41,0.3013,ASK
1444785814,1619.48,0.146,BID
1444785814,1619.41,0.0283,ASK
1444785814,1619.41,0.2116,ASK
1444785814,1619.4,0.0801,ASK
1444785815,1619.4,0.0271,ASK
1444785817,1619.4,0.0667,ASK
1444785817,1619.39,0.1766,ASK
1444785818,1619.38,0.2284,ASK
1444785834,1619.38,0.0147,BID
1444785834,1619.39,0.0938,BID
1444785834,1619.41,0.0271,BID
1444785863,1619.46,0.0107,BID
1444785863,1619.47,0.1091,BID
1444785863,1619.47,0.1352,BID
1444785868,1619.48,0.0164,BID
1444785868,1619.49,0.3276,BID
1444785875,1619.49,0.0008,BID
1444785875,1619.5,0.1612,BID
1444785883,1619.49,0.05,BID
1444785889,1619.49,0.0228,BID
1444785889,1619.49,0.3822,BID
1444785890,1619.49,0.0003,BID
1444785890,1619.5,0.449,BID
1444785893,1619.5,0.337,BID
1444785898,1619.5,0.937,BID
1444785900,1619.5,3.0,BID
1444785902,1619.5,0.05,BID
1444785906,1619.5,0.42,BID
1444785910,1619.5,0.063,BID
1444785952,1619.49,0.001,BID
1444785952,1619.5,34.5828,BID
1444785952,1619.52,0.0757,BID
1444785952,1619.6,0.06,BID
1444785952,1619.87,0.002,BID
1444785952,1619.88,0.09,BID
1444785952,1619.97,0.0492,BID
1444785952,1619.97,0.42,BID
1444785952,1619.98,4.5348,BID
1444785955,1619.96,3.0,BID
1444785955,1619.96,2.926,BID
1444785982,1619.46,0.0128,ASK
1444785982,1619.45,0.2556,ASK
1444785983,1619.45,0.06,BID
1444785986,1619.45,2.2093,BID
1444785986,1619.79,0.1332,BID
1444785986,1619.8,23.1161,BID
1444785986,1619.95,0.1521,BID
1444785986,1619.96,0.0467,BID
1444785986,1619.97,0.0128,BID
1444785986,1619.98,1.9167,BID
1444785986,1620.0,14.392,BID
1444785987,1619.44,0.01,ASK
1444785989,1620.0,0.05,BID
1444786010,1619.45,0.001,ASK
1444786017,1619.5,0.001,ASK
1444786031,1619.51,0.2,ASK
1444786070,1619.58,0.002,BID
1444786088,1619.58,0.002,BID
1444786088,1619.52,0.7711,ASK
1444786088,1619.51,0.2052,ASK
1444786088,1619.5,13.4233,ASK
1444786092,1619.5,0.23,BID
1444786098,1619.5,0.046,BID
1444786104,1619.49,0.7711,BID
1444786104,1619.5,0.2789,BID
1444786105,1619.5,4.35,BID
1444786106,1619.5,0.002,BID
1444786110,1619.5,0.701,BID
1444786119,1619.5,0.036,BID
1444786125,1619.5,0.002,BID
1444786126,1619.43,0.2024,ASK
1444786126,1619.43,0.4286,ASK
1444786126,1619.41,0.3145,ASK
1444786126,1619.41,0.0467,ASK
1444786126,1619.4,0.0728,ASK
1444786126,1619.38,0.1091,ASK
1444786126,1619.38,0.1352,ASK
1444786126,1619.38,0.494,ASK
1444786126,1619.37,0.0464,ASK
1444786126,1619.37,0.1073,ASK
1444786126,1619.36,0.192,ASK
1444786126,1619.33,0.312,ASK
1444786126,1619.27,0.002,ASK
1444786126,1619.24,0.002,ASK
1444786126,1619.08,0.002,ASK
1444786126,1619.01,0.113,ASK
1444786127,1619.5,0.036,BID
1444786133,1619.4,0.0474,BID
1444786133,1619.41,0.0316,BID
1444786133,1619.41,0.0316,BID
1444786133,1619.42,0.0924,BID
1444786137,1619.41,0.0269,BID
1444786137,1619.42,0.0231,BID
1444786140,1619.4,0.026,BID
1444786144,1619.38,0.015,BID
1444786148,1619.37,0.015,BID
1444786152,1619.37,0.045,BID
1444786155,1619.36,0.215,BID
1444786156,1619.36,0.0715,BID
1444786156,1619.36,0.04,BID
1444786156,1619.37,0.1856,BID
1444786156,1619.37,0.2195,BID
1444786156,1619.39,0.0153,BID
1444786156,1619.4,0.2794,BID
1444786156,1619.4,0.0186,BID
1444786156,1619.41,0.3718,BID
1444786156,1619.42,0.5155,BID
1444786156,1619.49,0.298,BID
1444786156,1619.5,3.9185,BID
1444786156,1619.51,0.65,BID
1444786156,1619.59,0.0169,BID
1444786156,1619.87,0.002,BID
1444786156,1619.91,0.012,BID
1444786156,1619.98,0.1548,BID
1444786156,1619.99,0.002,BID
1444786156,1619.99,13.4243,BID
1444786156,1620.0,6.8043,BID
1444786158,1619.35,0.05,BID
1444786164,1619.35,0.05,BID
1444786172,1619.35,0.291,BID
1444786175,1619.36,5.0,BID
1444786175,1619.36,3.0,BID
1444786175,1619.36,1.465,BID
1444786179,1619.12,0.06,ASK
1444786179,1619.12,0.0148,ASK
1444786179,1619.11,0.0115,ASK
1444786179,1619.11,0.2959,ASK
1444786179,1619.1,0.2295,ASK
1444786179,1619.1,0.0683,ASK
1444786188,1619.35,0.0148,BID
1444786188,1619.36,0.1083,BID
1444786190,1619.13,0.703,ASK
1444786190,1619.12,0.2981,ASK
1444786190,1619.12,0.474,ASK
1444786190,1619.11,0.6,ASK
1444786190,1619.11,7.0249,ASK
1444786191,1619.34,0.014,BID
1444786194,1619.12,0.65,BID
1444786197,1619.34,0.046,BID
1444786199,1619.33,0.0305,BID
1444786201,1619.36,0.189,BID
1444786201,1619.35,0.0155,ASK
1444786202,1619.32,0.1266,BID
1444786202,1619.36,0.0008,BID
1444786202,1619.37,0.002,BID
1444786204,1619.98,0.0214,BID
1444786204,1619.98,0.0159,BID
1444786204,1619.99,0.1517,BID
1444786216,1619.39,0.01,ASK
1444786217,1619.39,0.05,ASK
1444786217,1619.38,0.0039,ASK
1444786217,1619.37,0.0061,ASK
1444786218,1619.4,0.05,ASK
1444786219,1619.4,0.3305,ASK
1444786219,1619.37,0.05,ASK
1444786221,1619.41,0.0165,ASK
1444786221,1619.37,0.0043,ASK
1444786221,1619.37,3.9974,ASK
1444786222,1619.41,0.0165,ASK
1444786222,1619.41,0.1175,ASK
1444786223,1619.38,0.134,ASK
1444786224,1619.37,0.0165,ASK
1444786224,1619.16,0.1288,ASK
1444786225,1619.16,0.0113,ASK
1444786229,1619.39,0.06,BID
1444786229,1619.4,0.09,BID
1444786230,1619.4,0.06,BID
1444786233,1619.18,0.0481,ASK
1444786234,1619.16,0.0481,ASK
1444786236,1619.37,0.049,BID
1444786241,1619.35,0.011,BID
1444786247,1619.2,0.001,ASK
1444786247,1619.2,0.0159,ASK
1444786247,1619.17,0.06,ASK
1444786247,1619.16,0.5118,ASK
1444786247,1619.15,0.1421,ASK
1444786247,1619.14,0.0305,ASK
1444786247,1619.13,0.6176,ASK
1444786250,1619.12,0.019,BID
1444786253,1619.12,2.58,BID
1444786254,1619.12,0.6176,BID
1444786255,1619.11,0.7713,ASK
1444786256,1619.12,0.01,BID
1444786256,1619.11,0.65,ASK
1444786257,1619.11,0.65,ASK
1444786258,1619.11,0.65,ASK
1444786259,1619.11,0.65,ASK
1444786260,1619.11,0.65,ASK
1444786260,1619.12,0.355,BID
1444786261,1619.11,0.65,ASK
1444786262,1619.11,0.65,ASK
1444786263,1619.11,0.65,ASK
1444786264,1619.12,0.707,BID
1444786264,1619.11,0.428,ASK
1444786265,1619.1,0.222,BID
1444786265,1619.12,0.032,BID
1444786267,1619.31,0.06,BID
1444786270,1619.33,0.0196,BID
1444786270,1619.34,0.0135,BID
1444786270,1619.34,0.0269,BID
1444786274,1619.34,0.365,BID
1444786275,1619.33,0.0183,BID
1444786275,1619.34,0.0002,BID
1444786275,1619.34,0.0135,BID
1444786275,1619.35,0.2696,BID
1444786282,1619.37,0.014,BID
1444786288,1619.37,0.1647,BID
1444786288,1619.37,0.0013,BID
1444786289,1619.37,0.0007,BID
1444786289,1619.38,0.0481,BID
1444786293,1619.4,0.049,BID
1444786294,1619.4,0.0003,BID
1444786305,1619.42,0.06,ASK
1444786305,1619.42,0.1324,ASK
1444786305,1619.42,0.1063,ASK
1444786306,1619.41,0.01,ASK
1444786306,1619.41,0.039,ASK
1444786306,1619.38,0.1179,ASK
1444786306,1619.35,0.0636,ASK
1444786306,1619.32,0.06,ASK
1444786306,1619.14,0.0182,ASK
1444786307,1619.14,0.0797,ASK
1444786307,1619.14,0.0203,ASK
1444786307,1619.14,0.0141,ASK
1444786307,1619.14,0.0196,ASK
1444786307,1619.13,0.0153,ASK
1444786331,1619.5,0.099,BID
1444786338,1619.48,0.06,BID
1444786338,1619.49,0.067,BID
1444786343,1619.48,0.0119,BID
1444786343,1619.48,0.0118,BID
1444786343,1619.49,0.4503,BID
1444786350,1619.48,0.019,BID
1444786352,1619.47,2.0,BID
1444786352,1619.47,5.751,BID
1444786354,1619.48,0.0009,BID
1444786354,1619.48,0.0111,BID
1444786358,1619.48,0.0002,BID
1444786358,1619.48,0.0118,BID
1444786362,1619.48,0.0059,BID
1444786362,1619.49,0.0237,BID
1444786362,1619.49,0.0454,BID
1444786364,1619.2,1.0,BID
1444786364,1619.2,2.778,BID
1444786366,1619.49,0.073,BID
1444786370,1619.49,0.041,BID
1444786375,1619.49,0.4406,BID
1444786375,1619.49,0.6994,BID
1444786376,1619.49,0.0006,BID
1444786376,1619.5,0.6169,BID
1444786378,1619.5,0.105,BID
1444786384,1619.5,0.018,BID
1444786396,1619.5,0.03,BID
1444786397,1619.5,0.6,BID
1444786397,1619.5,1.0,BID
1444786398,1619.5,0.6175,BID
1444786400,1619.5,0.6175,BID
1444786402,1619.5,0.6175,BID
1444786403,1619.5,0.6175,BID
1444786404,1619.5,0.6175,BID
1444786405,1619.5,0.6175,BID
1444786407,1619.5,0.6175,BID
1444786407,1619.5,0.412,BID
1444786408,1619.5,0.0523,BID
1444786409,1619.5,0.05,BID
1444786413,1619.5,0.524,BID
1444786414,1619.5,1.0,BID
1444786416,1619.5,0.124,BID
1444786416,1619.5,0.05,BID
1444786419,1619.5,0.05,BID
1444786422,1619.5,0.05,BID
1444786425,1619.32,0.015,BID
1444786430,1619.32,0.0019,BID
1444786430,1619.5,0.031,BID
1444786432,1619.49,4.767,BID
1444786433,1619.5,0.05,BID
1444786437,1619.5,0.025,BID
1444786441,1619.5,1.0,BID
1444786444,1619.5,4.1903,BID
1444786444,1619.5,0.8097,BID
1444786448,1619.5,1.076,BID
1444786454,1619.5,0.0007,BID
1444786454,1619.5,1.0753,BID
1444786461,1619.5,5.0,BID
1444786472,1619.5,5.0,BID
1444786479,1619.5,5.0,BID
1444786482,1619.5,2.714,BID
1444786485,1619.5,0.05,BID
1444786489,1619.5,0.196,BID
1444786493,1619.5,2.5647,BID
1444786493,1619.71,0.0728,BID
1444786493,1619.73,0.1225,BID
1444786501,1619.72,0.0264,BID
1444786501,1619.73,0.1162,BID
1444786501,1619.74,0.0536,BID
1444786501,1619.76,0.1324,BID
1444786501,1619.79,2.2354,BID
1444786536,1619.42,0.0284,ASK
1444786537,1619.4,0.0109,ASK
1444786537,1619.39,0.0031,ASK
1444786538,1619.43,0.0109,ASK
1444786539,1619.78,0.0284,BID
1444786539,1619.79,4.9716,BID
1444786539,1619.43,0.0491,ASK
1444786539,1619.39,0.1666,ASK
1444786540,1619.4,0.0108,ASK
1444786540,1619.39,0.0383,ASK
1444786541,1619.39,0.0108,ASK
1444786544,1619.78,0.01,BID
1444786546,1619.78,0.0009,BID
1444786546,1619.78,0.0108,BID
1444786546,1619.79,0.0093,BID
1444786549,1619.37,0.0108,ASK
1444786553,1619.77,0.0108,BID
1444786553,1619.78,0.0492,BID
1444786556,1619.78,0.0108,BID
1444786556,1619.79,0.0492,BID
1444786591,1619.79,0.05,BID
1444786596,1619.79,4.166,BID
1444786599,1619.79,1.0,BID
1444786600,1619.79,0.076,BID
1444786604,1619.79,0.017,BID
1444786607,1619.79,1.163,BID
1444786611,1619.79,0.073,BID
1444786615,1619.79,0.87,BID
1444786619,1619.79,0.0002,BID
1444786619,1619.87,0.002,BID
1444786619,1619.95,0.1338,BID
1444786626,1619.95,0.0002,BID
1444786626,1619.96,0.0039,BID
1444786626,1619.97,0.0459,BID
1444786632,1619.97,0.068,BID
1444786632,1619.79,0.0148,ASK
1444786633,1619.79,0.0148,ASK
1444786635,1619.79,0.0897,ASK
1444786635,1619.42,0.06,ASK
1444786635,1619.41,0.0149,ASK
1444786635,1619.4,0.0654,ASK
1444786636,1619.97,0.89,BID
1444786637,1619.41,2.0,ASK
1444786637,1619.41,3.426,ASK
1444786642,1619.77,0.06,BID
1444786642,1619.78,0.044,BID
1444786649,1619.77,0.2258,BID
1444786649,1619.78,0.0605,BID
1444786649,1619.96,0.0149,BID
1444786649,1619.97,12.4203,BID
1444786649,1619.98,0.377,BID
1444786649,1619.98,1.208,BID
1444786649,1619.98,0.516,BID
1444786649,1619.99,0.2769,BID
1444786649,1619.99,25.0006,BID
1444786652,1619.99,0.03,BID
1444786653,1619.99,4.0,BID
1444786687,1619.55,0.0222,ASK
1444786688,1619.55,0.1038,ASK
1444786688,1619.55,0.0222,ASK
1444786689,1619.55,0.0062,ASK
1444786689,1619.55,0.06,ASK
1444786689,1619.54,0.0222,ASK
1444786689,1619.53,0.0316,ASK
1444786690,1619.53,0.0662,ASK
1444786691,1619.54,0.0247,ASK
1444786691,1619.53,0.3453,ASK
1444786691,1619.53,0.0571,ASK
1444786693,1619.54,0.0214,ASK
1444786693,1619.53,0.0033,ASK
1444786694,1619.53,0.0214,ASK
1444786694,1619.51,0.15,ASK
1444786694,1619.5,0.3006,ASK
1444786694,1619.54,0.0247,ASK
1444786695,1619.54,0.1682,ASK
1444786696,1619.5,0.1682,ASK
1444786706,1619.59,0.002,ASK
1444786706,1619.51,0.008,ASK
1444786707,1619.51,0.01,ASK
1444786711,1619.51,0.4258,ASK
1444786717,1619.93,0.1,BID
1444786723,1619.59,0.002,ASK
1444786723,1619.51,0.008,ASK
1444786724,1619.91,0.021,BID
1444786724,1619.52,0.01,ASK
1444786725,1619.51,0.002,ASK
1444786725,1619.5,0.008,ASK
1444786731,1619.9,0.2802,BID
1444786731,1619.92,0.0154,BID
1444786731,1619.92,0.06,BID
1444786731,1619.93,0.3075,BID
1444786731,1619.96,0.1348,BID
1444786731,1619.98,0.1929,BID
1444786731,1619.99,0.0282,BID
1444786731,1620.0,5.771,BID
1444786734,1619.89,0.1747,BID
1444786734,1619.94,0.1256,ASK
1444786734,1619.51,0.0712,ASK
1444786736,1619.98,0.0074,BID
1444786736,1619.99,0.0036,BID
1444786737,1619.52,0.01,ASK
1444786737,1619.51,0.1035,ASK
1444786737,1619.51,0.0064,ASK
1444786738,1619.99,0.1711,BID
1444786738,1620.0,0.0271,BID
1444786738,1620.0,0.2048,BID
1444786739,1620.0,0.171,BID
1444786742,1620.0,0.437,BID
1444786745,1619.99,0.0975,BID
1444786745,1620.0,0.8055,BID
1444786746,1619.9,0.136,ASK
1444786747,1619.9,0.65,ASK
1444786748,1620.0,0.097,BID
1444786748,1619.9,0.65,ASK
1444786749,1620.0,0.1045,BID
1444786752,1620.0,0.1802,BID
1444786752,1620.0,0.112,BID
1444786752,1620.0,0.3251,BID
1444786753,1620.0,0.05,BID
1444786753,1620.0,0.4249,BID
1444786753,1620.0,0.1924,BID
1444786756,1620.0,0.05,BID
1444786760,1620.0,0.05,BID
1444786763,1619.91,0.0123,ASK
1444786763,1620.0,0.025,BID
1444786764,1619.9,0.01,ASK
1444786764,1620.0,0.0653,BID
1444786767,1619.99,0.0187,BID
1444786767,1620.0,0.0063,BID
1444786772,1620.0,1.18,BID
1444786775,1619.91,0.0118,ASK
1444786775,1619.91,0.1525,ASK
1444786775,1619.91,0.0325,ASK
1444786775,1619.9,0.236,ASK
1444786775,1619.9,2.7672,ASK
1444786776,1619.9,0.1968,ASK
1444786777,1619.99,0.0325,BID
1444786777,1619.99,0.0118,BID
1444786777,1619.99,0.1525,BID
1444786777,1620.0,0.9832,BID
1444786778,1620.0,0.187,BID
1444786782,1620.0,1.18,BID
1444786783,1620.0,0.1968,BID
1444786789,1620.0,0.088,BID
1444786789,1619.91,0.0118,ASK
1444786789,1619.91,0.1525,ASK
1444786789,1619.91,0.0325,ASK
1444786790,1619.99,1.0,ASK
1444786790,1619.99,7.317,ASK
1444786791,1619.9,0.1968,ASK
1444786792,1619.9,2.0,ASK
1444786792,1619.9,0.65,ASK
1444786793,1619.9,0.23,ASK
1444786793,1619.99,0.01,BID
1444786793,1619.9,0.65,ASK
1444786794,1619.9,0.65,ASK
1444786795,1619.91,3.0,ASK
1444786795,1619.91,9.339,ASK
1444786796,1619.9,0.65,ASK
1444786797,1619.9,0.65,ASK
1444786798,1619.9,0.65,ASK
1444786798,1619.9,0.078,ASK
1444786799,1619.9,0.65,ASK
1444786800,1619.99,0.0018,BID
1444786800,1619.99,0.0325,BID
1444786800,1619.99,0.0267,BID
1444786800,1619.9,0.65,ASK
1444786802,1619.99,0.1258,BID
1444786802,1620.0,0.061,BID
1444786803,1620.0,0.125,BID
1444786803,1620.0,0.1258,BID
1444786804,1619.91,0.0367,ASK
1444786804,1619.91,0.0343,ASK
1444786804,1619.91,0.0307,ASK
1444786804,1619.9,0.2273,ASK
1444786805,1619.91,0.0343,ASK
1444786805,1619.9,0.0367,ASK
1444786806,1619.9,0.071,ASK
1444786807,1619.99,0.0343,BID
1444786807,1619.99,0.0157,BID
1444786808,1619.9,0.65,ASK
1444786808,1619.99,0.015,BID
1444786808,1619.99,0.0367,BID
1444786808,1619.99,0.0343,BID
1444786808,1620.0,0.0157,BID
1444786809,1619.92,11.09,BID
1444786809,1619.91,0.0343,ASK
1444786809,1619.91,0.0157,ASK
1444786809,1619.91,0.035,ASK
1444786809,1619.9,0.815,ASK
1444786810,1619.9,0.2349,ASK
1444786813,1619.89,0.05,BID
1444786814,1619.89,0.3651,BID
1444786814,1619.89,0.05,BID
1444786815,1619.89,0.6,BID
1444786816,1619.99,0.0343,BID
1444786816,1619.99,0.0157,BID
1444786816,1619.99,0.035,BID
1444786816,1620.0,0.862,BID
1444786821,1620.0,0.061,BID
1444786823,1620.0,0.6173,BID
1444786823,1619.91,0.01,ASK
1444786824,1619.99,0.01,BID
1444786824,1620.0,0.6073,BID
1444786824,1619.91,0.01,ASK
1444786825,1620.0,0.6173,BID
1444786829,1619.99,0.01,BID
1444786832,1619.91,0.0117,ASK
1444786832,1619.91,0.01,ASK
1444786832,1619.91,0.01,ASK
1444786833,1619.9,0.0173,ASK
1444786833,1619.9,0.0144,ASK
1444786834,1619.91,7.0,ASK
1444786834,1619.91,2.0,ASK
1444786834,1619.91,4.181,ASK
1444786834,1619.91,1.0,ASK
1444786834,1619.91,4.514,ASK
1444786834,1619.91,0.01,ASK
1444786834,1619.91,0.0117,ASK
1444786834,1619.9,0.1766,ASK
1444786836,1619.99,0.01,BID
1444786837,1619.9,0.4263,ASK
1444786838,1619.89,0.2083,BID
1444786838,1619.99,0.0017,BID
1444786838,1619.99,0.01,BID
1444786838,1619.99,0.01,BID
1444786838,1619.99,0.4263,ASK
1444786840,1619.99,1.0761,ASK
1444786842,1619.99,0.2536,ASK
1444786842,1619.9,0.2083,ASK
1444786842,1619.8,0.06,ASK
1444786842,1619.66,0.5542,ASK
1444786843,1619.67,9.0,ASK
1444786843,1619.67,9.05,ASK
1444786843,1619.91,0.0104,ASK
1444786843,1619.66,0.2432,ASK
1444786846,1619.97,0.0104,BID
1444786846,1619.97,0.0096,BID
1444786857,1619.79,0.012,BID
1444786862,1619.79,0.032,BID
1444786863,1619.79,0.6174,BID
1444786864,1619.79,0.0417,BID
1444786866,1619.97,0.0121,BID
1444786866,1619.97,0.0379,BID
1444786869,1619.97,0.0121,BID
1444786870,1619.97,0.01,BID
1444786870,1619.98,0.012,BID
1444786874,1619.96,0.01,BID
1444786878,1619.96,0.01,BID
1444786882,1619.96,0.0001,BID
1444786882,1619.98,0.1119,BID
1444786887,1619.95,0.021,BID
1444786888,1619.95,0.0002,BID
1444786894,1619.96,0.021,ASK
1444786897,1619.98,0.05,BID
1444786898,1619.98,0.4761,BID
1444786898,1619.98,0.1412,BID
1444786900,1619.98,0.1124,BID
1444786901,1620.0,0.016,BID
1444786902,1619.99,0.5049,ASK
1444786903,1619.99,0.6173,ASK
1444786903,1619.87,0.0199,ASK
1444786903,1619.87,0.0628,ASK
1444786904,1619.87,0.0369,ASK
1444786904,1619.86,0.3984,ASK
1444786904,1619.85,0.018,ASK
1444786904,1619.84,0.0212,ASK
1444786904,1619.84,0.1428,ASK
1444786907,1619.88,0.0796,ASK
1444786907,1619.84,0.1968,ASK
1444786907,1619.83,0.0119,ASK
1444786907,1619.82,0.0201,ASK
1444786907,1619.82,0.2181,ASK
1444786907,1619.81,0.0597,ASK
1444786907,1619.8,0.5757,ASK
1444786907,1619.8,0.6174,ASK
1444786907,1619.78,0.06,ASK
1444786907,1619.77,0.002,ASK
1444786907,1619.7,0.199,ASK
1444786907,1619.69,0.2348,ASK
1444786907,1619.68,0.083,ASK
1444786907,1619.66,3.5299,ASK
1444786907,1619.54,0.0975,ASK
1444786907,1619.5,2.5232,ASK
1444786907,1619.36,0.0001,ASK
1444786907,1619.32,0.7,ASK
1444786907,1619.31,0.6,ASK
1444786907,1619.27,0.002,ASK
1444786907,1619.12,0.3088,ASK
1444786907,1619.1,0.5,ASK
1444786907,1619.1,8.3474,ASK
1444786909,1619.97,0.018,BID
1444786909,1619.97,0.0199,BID
1444786909,1619.97,0.0121,BID
1444786917,1619.95,0.0119,BID
1444786917,1619.95,0.0381,BID
1444786928,1619.93,0.0146,BID
1444786928,1619.93,0.0594,BID
1444786929,1619.23,1.0,BID
1444786929,1619.23,2.446,BID
1444786932,1619.92,0.7,BID
1444786937,1619.93,0.0123,BID
1444786937,1619.94,0.0377,BID
1444786941,1619.93,0.011,BID
1444786960,1619.28,0.0284,ASK
1444786960,1619.27,0.06,ASK
1444786960,1619.26,0.0298,ASK
1444786960,1619.22,0.002,ASK
1444786960,1619.13,0.035,ASK
1444786960,1619.12,0.0118,ASK
1444786960,1619.12,0.0893,ASK
1444786961,1619.92,0.029,BID
1444786964,1619.91,0.015,BID
1444786970,1619.9,0.016,BID
1444786974,1619.13,0.5,ASK
1444786975,1619.89,0.0134,BID
1444786975,1619.9,0.0306,BID
1444786981,1619.92,0.0008,BID
1444786981,1619.92,0.0468,BID
1444786981,1619.92,0.0104,BID
1444786986,1619.91,0.02,BID
1444786995,1619.16,0.0284,ASK
1444786995,1619.15,0.07,ASK
1444786995,1619.12,0.1183,ASK
1444786995,1619.12,0.0103,ASK
1444786995,1619.12,0.0568,ASK
1444786995,1619.11,0.2451,ASK
1444786995,1619.11,4.4711,ASK
1444787034,1619.87,0.07,BID
1444787035,1619.31,0.0169,ASK
1444787038,1619.86,0.0274,BID
1444787038,1619.87,0.0226,BID
1444787043,1619.86,0.0129,BID
1444787043,1619.86,0.0124,BID
1444787043,1619.87,0.4807,BID
1444787051,1619.84,0.07,BID
1444787051,1619.84,0.014,BID
1444787055,1619.82,0.014,BID
1444787060,1619.83,0.014,BID
1444787066,1619.82,0.01,BID
1444787073,1619.81,0.05,BID
1444787074,1619.81,0.3322,BID
1444787074,1619.83,0.0003,BID
1444787076,1619.83,0.0656,ASK
1444787076,1619.83,0.4311,ASK
1444787076,1619.85,0.05,BID
1444787077,1619.83,0.36,ASK
1444787077,1619.83,0.65,ASK
1444787077,1619.83,0.2289,ASK
1444787077,1619.24,0.06,ASK
1444787077,1619.22,0.0656,ASK
1444787077,1619.21,0.0143,ASK
1444787077,1619.2,0.0724,ASK
1444787077,1619.2,0.0274,ASK
1444787077,1619.19,0.7,ASK
1444787077,1619.15,0.003,ASK
1444787077,1619.01,0.0129,ASK
1444787077,1619.01,0.0124,ASK
1444787077,1619.0,0.8031,ASK
1444787078,1619.0,0.7,ASK
1444787079,1619.82,0.022,BID
1444787082,1619.81,0.0314,BID
1444787082,1619.82,0.4616,BID
1444787085,1619.82,0.166,BID
1444787088,1619.81,0.022,BID
1444787092,1619.81,0.038,BID
1444787095,1619.82,0.0004,BID
1444787095,1619.83,0.0276,BID
1444787098,1619.83,0.0074,BID
1444787098,1619.83,0.1656,BID
1444787103,1619.82,0.0211,BID
1444787103,1619.83,0.3749,BID
1444787109,1619.83,0.031,BID
1444787119,1619.83,0.0008,BID
1444787119,1619.83,0.0342,BID
1444787119,1619.84,0.15,BID
1444787120,1619.84,0.05,BID
1444787126,1619.84,0.146,BID
1444787128,1619.84,0.354,BID
1444787128,1619.85,0.0224,BID
1444787128,1619.87,0.002,BID
1444787128,1619.88,0.0433,BID
1444787128,1619.89,0.813,BID
1444787133,1619.83,0.01,BID
1444787141,1619.87,0.01,BID
1444787144,1619.11,0.028,ASK
1444787144,1619.1,0.0344,ASK
1444787144,1619.09,0.6,ASK
1444787144,1619.09,0.06,ASK
1444787144,1619.01,0.0748,ASK
1444787144,1619.0,1.4969,ASK
1444787144,1618.97,0.2219,ASK
1444787148,1619.86,0.023,BID
1444787151,1619.1,0.7,ASK
1444787152,1619.84,0.028,BID
1444787156,1619.83,0.0284,BID
1444787156,1619.84,0.032,BID
1444787156,1619.85,0.0016,BID
1444787159,1619.83,0.028,BID
1444787165,1619.82,0.0168,BID
1444787165,1619.82,0.0132,BID
1444787172,1619.81,0.0266,BID
1444787172,1619.82,0.6734,BID
1444787176,1619.81,0.6,BID
1444787180,1619.87,0.359,BID
1444787207,1619.87,0.002,BID
1444787207,1619.87,0.786,BID
1444787216,1619.86,0.02,BID
1444787217,1619.09,0.06,ASK
1444787217,1619.09,0.0285,ASK
1444787225,1619.12,0.0303,ASK
1444787225,1619.12,0.0285,ASK
1444787225,1619.11,0.543,ASK
1444787225,1618.97,0.5682,ASK
1444787225,1618.97,7.4655,ASK
1444787225,1618.96,0.922,ASK
1444787225,1619.85,0.025,BID
1444787229,1619.84,0.0285,BID
1444787229,1619.85,0.0065,BID
1444787230,1619.84,0.0303,BID
1444787230,1619.84,0.5929,BID
1444787230,1619.85,1.3668,BID
1444787231,1619.84,9.0,BID
1444787231,1619.84,3.0,BID
1444787231,1619.84,1.854,BID
1444787232,1619.81,0.5,BID
1444787232,1619.85,0.293,BID
1444787234,1619.83,0.06,ASK
1444787234,1619.83,0.44,ASK
1444787234,1618.99,0.035,ASK
1444787234,1618.98,0.025,ASK
1444787235,1618.98,0.5,ASK
1444787242,1619.8,0.025,BID
1444787242,1619.8,0.015,BID
1444787246,1619.79,0.01,BID
1444787246,1619.8,0.542,BID
1444787260,1619.8,0.01,BID
1444787267,1619.05,0.0244,ASK
1444787267,1619.05,0.0105,ASK
1444787272,1619.06,0.06,ASK
1444787272,1619.05,0.3395,ASK
1444787272,1619.04,0.1855,ASK
1444787280,1619.8,0.0006,BID
1444787280,1619.81,0.0244,BID
1444787288,1619.79,0.06,BID
1444787293,1619.81,0.057,BID
1444787297,1619.8,0.128,BID
1444787301,1619.79,0.0715,BID
1444787301,1619.8,0.222,BID
1444787301,1619.8,0.2945,BID
1444787312,1619.8,0.0252,BID
1444787312,1619.8,0.0248,BID
1444787316,1619.79,0.0224,BID
1444787316,1619.8,0.0296,BID
1444787322,1619.8,0.022,BID
1444787328,1619.8,0.0007,BID
1444787328,1619.82,0.0213,BID
1444787352,1619.82,0.05,BID
1444787357,1619.81,0.0651,BID
1444787357,1619.82,0.4287,BID
1444787357,1619.82,0.5062,BID
1444787357,1619.82,0.075,BID
1444787360,1619.82,0.05,BID
1444787364,1619.81,0.021,BID
1444787368,1619.81,0.019,BID
1444787370,1619.81,0.0818,BID
1444787370,1619.82,39.6928,BID
1444787370,1619.87,0.002,BID
1444787370,1619.88,1.505,BID
1444787371,1619.88,0.011,BID
1444787373,1619.24,0.01,ASK
1444787375,1619.88,0.128,BID
1444787378,1619.87,0.01,BID
1444787378,1619.88,0.176,BID
1444787394,1619.88,1.702,BID
1444787404,1619.88,0.805,BID
1444787410,1619.88,0.0003,BID
1444787410,1619.89,4.9997,BID
1444787413,1619.89,5.0,BID
1444787417,1619.38,0.002,ASK
1444787417,1619.31,0.008,ASK
1444787417,1619.89,1.187,BID
1444787421,1619.88,0.008,BID
1444787421,1619.89,0.0003,BID
1444787421,1619.93,1.0847,BID
1444787424,1619.32,0.0285,ASK
1444787424,1619.32,0.0215,ASK
1444787436,1619.92,0.012,BID
1444787445,1619.92,0.0095,BID
1444787445,1619.93,0.0055,BID
1444787451,1619.43,0.002,ASK
1444787451,1619.36,0.008,ASK
1444787451,1619.36,0.0042,ASK
1444787451,1619.35,0.0058,ASK
1444787455,1619.88,0.3805,ASK
1444787456,1619.88,2.0,ASK
1444787456,1619.88,0.3805,ASK
1444787456,1619.88,0.65,ASK
1444787456,1619.88,2.58,ASK
1444787457,1619.88,1.1594,ASK
1444787457,1619.88,0.65,ASK
1444787458,1619.88,0.6372,ASK
1444787458,1619.88,0.65,ASK
1444787459,1619.88,0.6372,ASK
1444787459,1619.89,14.0,ASK
1444787459,1619.89,1.044,ASK
1444787460,1619.88,0.65,ASK
1444787460,1619.88,0.6372,ASK
1444787461,1619.88,0.65,ASK
1444787462,1619.88,1.9,ASK
1444787462,1619.88,0.65,ASK
1444787462,1619.88,0.65,ASK
1444787463,1619.88,1.24,ASK
1444787463,1619.88,0.65,ASK
1444787464,1619.88,1.24,ASK
1444787464,1619.88,0.65,ASK
1444787465,1619.88,12.3376,ASK
1444787465,1619.92,0.0285,ASK
1444787466,1619.92,0.0949,ASK
1444787466,1619.88,0.5551,ASK
1444787467,1619.88,0.0949,ASK
1444787467,1619.88,0.65,ASK
1444787467,1619.88,0.65,ASK
1444787468,1619.88,0.6,ASK
1444787469,1619.88,0.65,ASK
1444787469,1619.93,0.012,BID
1444787469,1619.88,0.65,ASK
1444787469,1619.93,0.0002,BID
1444787469,1619.94,0.0018,BID
1444787470,1619.88,0.65,ASK
1444787471,1619.89,0.1085,ASK
1444787471,1619.88,0.5415,ASK
1444787472,1619.88,0.65,ASK
1444787473,1619.93,0.1085,BID
1444787473,1619.94,0.4309,BID
1444787473,1619.94,1.7556,BID
1444787473,1619.89,0.0419,ASK
1444787473,1619.89,0.0114,ASK
1444787473,1619.88,0.3289,ASK
1444787475,1619.87,0.1085,BID
1444787476,1619.87,0.1593,BID
1444787476,1619.93,0.0419,BID
1444787476,1619.93,0.0114,BID
1444787476,1619.94,0.0544,BID
1444787480,1619.93,1.0,BID
1444787481,1619.89,0.0134,ASK
1444787481,1619.93,0.6173,BID
1444787483,1619.88,0.0134,ASK
1444787483,1619.92,0.0134,BID
1444787483,1619.93,0.6039,BID
1444787484,1619.89,0.0134,ASK
1444787484,1619.88,0.2544,ASK
1444787484,1619.93,0.4126,BID
1444787484,1619.94,0.9524,BID
1444787484,1619.94,0.6173,BID
1444787485,1619.75,0.026,ASK
1444787485,1619.74,0.2284,ASK
1444787487,1619.87,0.2678,BID
1444787487,1619.93,0.0134,BID
1444787487,1619.94,0.1308,BID
1444787490,1619.93,0.026,BID
1444787491,1619.88,0.01,ASK
1444787491,1619.93,0.026,BID
1444787492,1619.88,0.2578,ASK
1444787492,1619.84,0.002,ASK
1444787492,1619.75,0.008,ASK
1444787492,1619.93,0.034,BID
1444787493,1619.75,0.0066,ASK
1444787493,1619.74,0.2316,ASK
1444787493,1619.73,0.0196,ASK
1444787493,1619.93,0.026,BID
1444787494,1619.87,0.2678,BID
1444787494,1619.92,0.0146,BID
1444787494,1619.93,0.2376,BID
1444787495,1619.93,0.6173,BID
1444787496,1619.93,0.267,BID
1444787497,1619.76,0.0116,ASK
1444787497,1619.93,0.4094,BID
1444787497,1619.94,0.2079,BID
1444787498,1619.76,0.0169,ASK
1444787498,1619.73,0.0235,ASK
1444787498,1619.92,0.2033,BID
1444787498,1619.94,0.414,BID
1444787499,1619.73,0.0169,ASK
1444787500,1619.36,0.0169,ASK
1444787505,1619.36,0.03,ASK
1444787505,1619.36,0.0169,ASK
1444787506,1619.35,0.159,ASK
1444787506,1619.71,8.0,ASK
1444787506,1619.71,4.851,ASK
1444787507,1619.36,0.0891,ASK
1444787509,1619.44,0.002,ASK
1444787509,1619.36,0.0005,ASK
1444787509,1619.35,0.0075,ASK
1444787510,1619.35,0.01,ASK
1444787511,1619.35,0.062,ASK
1444787511,1619.35,0.497,ASK
1444787512,1619.35,0.203,ASK
1444787512,1619.33,0.0548,ASK
1444787512,1619.24,0.1235,ASK
1444787512,1619.18,0.1777,ASK
1444787519,1619.18,0.0209,ASK
1444787523,1619.18,0.0209,ASK
1444787524,1619.19,0.0304,ASK
1444787528,1619.19,0.129,ASK
1444787528,1619.18,0.0095,ASK
1444787528,1619.14,0.2522,ASK
1444787528,1619.07,0.4627,ASK
1444787529,1619.07,0.129,ASK
1444787536,1619.27,0.002,ASK
1444787536,1619.07,0.008,ASK
1444787537,1619.07,0.0003,ASK
1444787537,1619.06,0.0097,ASK
1444787551,1619.65,0.0289,BID
1444787551,1619.66,0.1829,BID
1444787551,1619.68,0.1594,BID
1444787551,1619.69,0.0152,BID
1444787551,1619.7,0.2437,BID
1444787551,1619.7,0.0284,ASK
1444787553,1619.7,0.24,ASK
1444787553,1619.7,0.06,ASK
1444787554,1619.7,0.23,ASK
1444787555,1619.7,0.47,ASK
1444787556,1619.7,0.3415,ASK
1444787556,1619.09,0.0284,ASK
1444787556,1619.08,0.0289,ASK
1444787556,1619.07,0.019,ASK
1444787556,1619.06,0.1622,ASK
1444787557,1619.06,0.2183,ASK
1444787557,1619.05,0.0771,ASK
1444787557,1619.03,0.001,ASK
1444787557,1618.97,0.0451,ASK
1444787561,1619.07,0.076,ASK
1444787567,1619.67,0.0326,BID
1444787567,1619.67,0.0245,BID
1444787567,1619.67,0.0429,BID
1444787572,1619.66,0.0146,BID
1444787572,1619.66,0.0354,BID
1444787575,1619.1,0.071,ASK
1444787588,1619.61,0.0148,BID
1444787588,1619.62,0.1622,BID
1444787589,1619.11,0.0148,ASK
1444787589,1619.1,0.2964,ASK
1444787589,1619.1,0.06,ASK
1444787589,1619.09,0.0705,ASK
1444787589,1619.08,0.0183,ASK
1444787589,1619.07,0.3655,ASK
1444787589,1619.07,0.1242,ASK
1444787589,1618.97,0.1228,ASK
1444787589,1618.96,0.0002,ASK
1444787590,1619.59,15.31,ASK
1444787591,1618.97,11.0,ASK
1444787591,1618.97,2.699,ASK
1444787592,1618.96,0.0148,ASK
1444787593,1619.59,0.0214,BID
1444787593,1619.6,0.1126,BID
1444787602,1619.58,0.06,BID
1444787602,1619.58,0.035,BID
1444787604,1619.58,0.035,BID
1444787604,1619.59,0.0135,BID
1444787604,1619.6,0.315,BID
1444787604,1619.61,0.3982,BID
1444787604,1619.62,0.1342,BID
1444787604,1619.64,0.2001,BID
1444787604,1619.65,0.071,BID
1444787604,1619.66,0.0351,BID
1444787604,1619.68,0.4415,BID
1444787604,1619.72,0.7,ASK
1444787604,1619.72,0.0573,ASK
1444787605,1619.72,0.3069,ASK
1444787606,1619.72,1.2122,ASK
1444787607,1618.97,0.0147,ASK
1444787607,1618.97,0.0214,ASK
1444787607,1618.97,0.035,ASK
1444787607,1618.96,1.1411,ASK
1444787607,1619.7,0.3068,BID
1444787608,1619.73,0.0132,ASK
1444787608,1618.96,0.0579,ASK
1444787609,1619.66,0.0132,ASK
1444787609,1619.68,17.0,ASK
1444787609,1619.68,2.942,ASK
1444787610,1619.66,0.0468,ASK
1444787610,1618.97,0.059,ASK
1444787611,1618.98,0.0468,ASK
1444787612,1618.98,0.374,ASK
1444787614,1618.99,0.062,ASK
1444787615,1618.99,0.017,ASK
1444787615,1618.98,0.062,ASK
1444787616,1619.0,0.017,ASK
1444787617,1619.0,0.0223,ASK
1444787617,1618.98,0.1949,ASK
1444787618,1618.98,0.0223,ASK
1444787632,1619.66,0.019,BID
1444787635,1619.66,0.0006,BID
1444787635,1619.66,0.019,BID
1444787635,1619.67,0.0114,BID
1444787658,1619.63,0.06,BID
1444787660,1619.64,0.0133,BID
1444787660,1619.65,0.0268,BID
1444787660,1619.66,0.0199,BID
1444787670,1619.65,0.0259,BID
1444787673,1619.66,0.0259,BID
1444787678,1619.66,0.029,BID
1444787682,1619.66,0.039,BID
1444787685,1619.66,0.219,BID
1444787688,1619.66,0.15,BID
1444787688,1619.66,0.019,BID
1444787688,1619.66,0.0541,BID
1444787688,1619.67,0.2189,BID
1444787689,1619.67,0.1611,BID
1444787694,1619.67,0.15,ASK
1444787697,1619.67,0.1078,ASK
1444787699,1619.67,0.01,ASK
1444787699,1619.67,0.0812,ASK
1444787699,1619.67,0.4421,ASK
1444787699,1619.67,0.5101,ASK
1444787699,1619.67,0.4811,ASK
1444787699,1619.64,0.01,ASK
1444787700,1619.64,0.05,ASK
1444787700,1619.63,0.1024,ASK
1444787700,1619.63,0.0161,ASK
1444787700,1619.63,0.0196,ASK
1444787700,1619.62,1.3364,ASK
1444787705,1619.62,0.76,ASK
1444787706,1619.63,0.019,ASK
1444787706,1619.62,0.141,ASK
1444787708,1619.62,0.16,ASK
1444787709,1619.62,0.8,ASK
1444787711,1619.62,1.1526,ASK
1444787711,1619.06,0.7,ASK
1444787711,1619.06,0.0133,ASK
1444787711,1619.05,0.0541,ASK
1444787711,1619.05,0.0326,ASK
1444787722,1619.46,0.2876,ASK
1444787723,1619.05,0.0124,ASK
1444787724,1619.42,0.06,ASK
1444787724,1619.05,0.0341,ASK
1444787725,1619.05,0.0621,ASK
1444787725,1619.03,0.0341,ASK
1444787726,1619.03,0.0621,ASK
1444787727,1619.03,0.3377,ASK
1444787727,1619.03,0.2619,ASK
1444787727,1619.02,0.0621,ASK
1444787728,1619.04,0.1075,ASK
1444787728,1619.02,0.2596,ASK
1444787728,1619.02,0.2325,ASK
1444787729,1619.02,0.1075,ASK
1444787730,1619.02,0.01,ASK
1444787731,1619.02,0.0414,ASK
1444787732,1619.01,0.0486,ASK
1444787733,1619.01,4.7603,ASK
1444787735,1619.01,1.1353,ASK
1444787736,1619.01,0.3766,ASK
1444787737,1619.02,0.0467,ASK
1444787744,1619.02,0.105,ASK
1444787762,1619.53,0.06,BID
1444787762,1619.54,0.0108,BID
1444787762,1619.55,0.2165,BID
1444787762,1619.56,0.0403,BID
1444787762,1619.57,0.3999,BID
1444787762,1619.57,0.3565,BID
1444787764,1619.51,7.543,BID
1444787766,1619.52,0.01,BID
1444787775,1619.51,0.011,BID
1444787779,1619.5,0.031,BID
1444787782,1619.5,0.05,BID
1444787785,1619.5,0.043,BID
1444787789,1619.5,0.0345,BID
1444787789,1619.5,0.0105,BID
1444787792,1619.49,0.05,BID
1444787798,1619.49,0.05,BID
1444787802,1619.49,0.017,BID
1444787806,1619.49,0.0829,BID
1444787806,1619.49,0.3399,BID
1444787806,1619.49,0.2172,BID
1444787809,1619.49,0.025,BID
1444787813,1619.48,0.0978,BID
1444787813,1619.49,0.0252,BID
1444787816,1619.49,0.098,BID
1444787818,1619.49,0.0007,BID
1444787818,1619.49,0.7,BID
1444787818,1619.49,0.0142,BID
1444787818,1619.49,0.1102,BID
1444787818,1619.5,1.2289,BID
1444787821,1619.49,0.6,BID
1444787821,1619.49,0.0108,BID
1444787821,1619.5,0.2142,BID
1444787822,1619.13,13.0,BID
1444787822,1619.13,7.964,BID
1444787825,1619.5,0.011,BID
1444787829,1619.14,0.01,ASK
1444787829,1619.13,0.06,ASK
