timestamp,price,amount,side
1444690882,1582.84,0.1,ASK
1444690883,1582.84,0.142,ASK
1444690883,1582.83,0.1,ASK
1444690884,1582.96,0.01,BID
1444690884,1582.86,0.158,ASK
1444690884,1582.83,0.084,ASK
1444690890,1582.94,0.013,BID
1444690890,1582.95,0.2608,BID
1444690890,1582.96,0.0472,BID
1444690891,1582.96,0.0131,BID
1444690893,1582.97,0.0113,BID
1444690893,1582.98,0.2259,BID
1444690893,1582.99,0.1473,BID
1444690894,1583.02,0.01,ASK
1444690894,1583.01,0.0125,ASK
1444690894,1582.96,0.0775,ASK
1444690895,1583.01,0.2477,ASK
1444690896,1583.01,0.0125,ASK
1444690900,1583.03,0.06,BID
1444690901,1583.08,0.01,BID
1444690904,1583.06,0.1,ASK
1444690905,1583.06,0.13,ASK
1444690919,1583.04,0.06,ASK
1444690919,1583.01,0.04,ASK
1444690925,1583.03,0.06,BID
1444690925,1583.04,0.0165,BID
1444690925,1583.05,0.1,BID
1444690925,1583.05,0.1135,BID
1444690926,1583.05,0.06,BID
1444690929,1583.04,0.06,ASK
1444690929,1583.01,0.04,ASK
1444690930,1583.01,0.0438,ASK
1444690940,1582.96,0.1,ASK
1444690941,1582.96,0.0702,ASK
1444690949,1582.83,0.0433,ASK
1444690949,1582.77,0.0567,ASK
1444690952,1582.82,0.0433,BID
1444690955,1583.07,0.0274,BID
1444690955,1583.08,0.0159,BID
1444690968,1582.88,0.06,ASK
1444690968,1582.77,0.0853,ASK
1444690968,1582.76,0.002,ASK
1444690968,1582.64,0.001,ASK
1444690968,1582.64,0.001,ASK
1444690968,1582.64,0.001,ASK
1444690968,1582.64,0.001,ASK
1444690968,1582.64,0.001,ASK
1444690968,1582.64,0.001,ASK
1444690968,1582.63,0.001,ASK
1444690968,1582.63,0.001,ASK
1444690968,1582.62,0.001,ASK
1444690968,1582.62,0.001,ASK
1444690968,1582.62,0.001,ASK
1444690968,1582.62,0.001,ASK
1444690972,1582.78,0.0465,BID
1444690978,1582.77,0.01,BID
1444690978,1582.61,0.001,ASK
1444690978,1582.61,0.001,ASK
1444690978,1582.61,0.001,ASK
1444690978,1582.6,0.001,ASK
1444690978,1582.6,0.001,ASK
1444690978,1582.6,0.001,ASK
1444690978,1582.6,0.001,ASK
1444690978,1582.59,0.001,ASK
1444690978,1582.59,0.001,ASK
1444690978,1582.58,0.001,ASK
1444690978,1582.57,0.001,ASK
1444690978,1582.57,0.001,ASK
1444690978,1582.57,0.001,ASK
1444690978,1582.57,0.001,ASK
1444690978,1582.57,0.001,ASK
1444690978,1582.56,0.001,ASK
1444690978,1582.56,0.001,ASK
1444690978,1582.55,0.001,ASK
1444690978,1582.55,0.001,ASK
1444690978,1582.54,0.001,ASK
1444690978,1582.54,0.001,ASK
1444690978,1582.52,0.001,ASK
1444690978,1582.47,0.001,ASK
1444690978,1582.47,0.001,ASK
1444690978,1582.47,0.001,ASK
1444690978,1582.47,0.001,ASK
1444690978,1582.46,0.001,ASK
1444690978,1582.42,0.001,ASK
1444690978,1582.41,0.001,ASK
1444690978,1582.41,0.001,ASK
1444690978,1582.32,0.1505,BID
1444690979,1582.31,3.0,ASK
1444690979,1582.31,1.401,ASK
1444690980,1582.32,0.06,BID
1444690980,1582.32,0.2,BID
1444690980,1582.32,0.367,BID
1444690980,1582.32,0.0174,BID
1444690982,1582.58,0.0326,ASK
1444690982,1582.58,0.0674,ASK
1444690983,1582.58,0.0326,ASK
1444690984,1582.77,0.0005,BID
1444690984,1582.77,0.0107,BID
1444690984,1582.77,0.0119,BID
1444690984,1582.78,0.8159,BID
1444690985,1582.34,15.377,BID
1444690986,1582.57,0.0326,BID
1444690986,1582.78,0.6104,BID
1444690986,1582.78,0.0326,BID
1444690993,1582.65,0.0112,ASK
1444690993,1582.58,0.0326,ASK
1444690996,1582.77,0.001,BID
1444690996,1582.78,0.1164,BID
1444690996,1582.87,0.0106,BID
1444690997,1582.58,0.06,ASK
1444690998,1582.58,0.0385,ASK
1444691010,1582.53,0.1584,ASK
1444691010,1582.52,0.0119,ASK
1444691010,1582.52,0.06,ASK
1444691010,1582.4,0.0312,ASK
1444691010,1582.39,0.6,ASK
1444691010,1582.37,0.0385,ASK
1444691010,1582.37,0.001,ASK
1444691010,1582.34,0.0644,ASK
1444691010,1582.33,0.644,ASK
1444691010,1582.33,0.644,ASK
1444691010,1582.32,0.173,ASK
1444691010,1582.12,0.004,ASK
1444691010,1582.03,0.025,ASK
1444691010,1582.02,0.5,ASK
1444691010,1582.01,1.4548,ASK
1444691014,1582.51,0.011,BID
1444691018,1582.51,0.0009,BID
1444691018,1582.53,0.112,ASK
1444691018,1582.53,0.0889,ASK
1444691030,1582.72,0.034,BID
1444691048,1582.64,0.0174,ASK
1444691054,1582.68,0.0229,BID
1444691054,1582.69,0.3327,BID
1444691054,1582.69,0.1254,BID
1444691055,1582.69,0.0006,BID
1444691057,1582.7,0.0101,BID
1444691057,1582.71,0.0399,BID
1444691057,1582.71,0.01,BID
1444691063,1582.71,0.01,BID
1444691069,1582.71,0.01,BID
1444691073,1582.69,0.0223,ASK
1444691073,1582.58,0.126,ASK
1444691073,1582.57,0.2497,ASK
1444691073,1582.18,0.926,ASK
1444691077,1582.68,0.0223,BID
1444691077,1582.71,0.0277,BID
1444691080,1582.67,0.0304,BID
1444691082,1582.7,0.06,BID
1444691085,1582.71,0.1039,BID
1444691086,1582.72,0.1039,BID
1444691087,1582.72,0.0363,BID
1444691087,1582.72,0.0197,BID
1444691087,1582.74,0.0119,BID
1444691087,1582.75,0.054,BID
1444691089,1582.71,0.1599,BID
1444691090,1582.71,0.0768,BID
1444691090,1582.75,0.026,BID
1444691090,1582.75,0.08,BID
1444691090,1582.84,0.0539,BID
1444691092,1582.72,0.1676,ASK
1444691093,1582.72,0.0691,ASK
1444691099,1582.71,0.0449,BID
1444691100,1582.71,0.1227,BID
1444691100,1582.71,0.2367,BID
1444691101,1582.84,0.0497,BID
1444691104,1582.84,0.06,BID
1444691105,1582.84,0.0864,BID
1444691117,1582.85,0.1097,ASK
1444691117,1582.85,0.1464,ASK
1444691117,1582.74,0.078,ASK
1444691117,1582.73,0.0225,ASK
1444691117,1582.73,0.0384,ASK
1444691141,1582.73,0.0787,ASK
1444691141,1582.73,0.0225,ASK
1444691141,1582.72,0.0294,ASK
1444691142,1582.72,0.0155,ASK
1444691142,1582.72,0.0857,ASK
1444691154,1582.73,0.01,ASK
1444691160,1582.73,0.011,ASK
1444691160,1582.72,0.039,ASK
1444691164,1582.72,0.01,ASK
1444691171,1582.72,0.149,ASK
1444691171,1582.72,0.1206,ASK
1444691172,1582.63,0.01,ASK
1444691178,1582.62,0.0119,ASK
1444691178,1582.62,0.0108,ASK
1444691178,1582.61,0.0873,ASK
1444691179,1582.61,0.029,ASK
1444691182,1582.61,0.1216,ASK
1444691182,1582.61,0.0274,ASK
1444691183,1582.61,0.1886,ASK
1444691183,1582.6,0.1676,ASK
1444691183,1582.6,0.0104,ASK
1444691184,1582.62,0.2494,ASK
1444691184,1582.6,0.0882,ASK
1444691218,1582.6,0.5,ASK
1444691218,1582.6,0.4014,ASK
1444691218,1582.57,0.2367,ASK
1444691218,1582.49,0.05,ASK
1444691218,1582.3,0.45,ASK
1444691218,1582.29,0.0304,ASK
1444691218,1582.04,0.2015,ASK
1444691218,1582.01,0.1742,ASK
1444691218,1582.0,0.4558,ASK
1444691219,1582.0,0.5123,ASK
1444691219,1581.85,0.155,ASK
1444691219,1581.77,0.001,ASK
1444691219,1581.74,0.3034,ASK
1444691219,1581.73,0.025,ASK
1444691219,1581.68,0.04,ASK
1444691219,1581.34,0.001,ASK
1444691219,1581.33,0.001,ASK
1444691219,1581.33,0.001,ASK
1444691219,1581.31,1.2114,ASK
1444691219,1581.28,0.001,ASK
1444691219,1581.27,0.001,ASK
1444691219,1581.27,0.001,ASK
1444691219,1581.26,0.001,ASK
1444691219,1581.25,0.001,ASK
1444691219,1581.22,0.001,ASK
1444691219,1581.21,0.001,ASK
1444691219,1581.19,0.001,ASK
1444691219,1581.18,0.001,ASK
1444691219,1581.0,0.3199,ASK
1444691221,1582.11,2.0,ASK
1444691221,1582.11,9.876,ASK
1444691222,1582.57,3.0,ASK
1444691222,1582.57,13.707,ASK
1444691243,1582.35,0.15,BID
1444691250,1582.31,0.001,BID
1444691250,1582.34,0.199,BID
1444691254,1582.34,0.0644,BID
1444691254,1582.35,0.06,BID
1444691254,1582.36,0.0118,BID
1444691254,1582.37,0.0238,BID
1444691262,1582.36,0.13,BID
1444691263,1582.36,0.0198,BID
1444691263,1582.36,0.3517,BID
1444691263,1582.37,0.0633,BID
1444691263,1582.37,0.0667,BID
1444691264,1582.37,0.083,BID
1444691265,1582.38,0.001,BID
1444691266,1582.38,0.499,ASK
1444691266,1582.37,0.001,ASK
1444691267,1582.43,2.0,ASK
1444691267,1582.43,3.25,ASK
1444691274,1582.38,0.01,ASK
1444691275,1582.38,0.0005,ASK
1444691275,1582.38,0.0104,ASK
1444691275,1582.37,0.4171,ASK
1444691277,1582.37,0.0004,ASK
1444691289,1582.35,0.0733,BID
1444691289,1582.36,0.0267,BID
1444691291,1582.36,0.0269,BID
1444691293,1582.36,0.001,ASK
1444691296,1582.36,0.01,ASK
1444691298,1582.4,0.0103,BID
1444691298,1582.41,0.0697,BID
1444691331,1582.36,0.0354,ASK
1444691334,1582.33,0.1346,BID
1444691336,1582.34,0.135,ASK
1444691336,1582.34,0.0198,ASK
1444691337,1582.34,0.1148,ASK
1444691338,1582.24,0.042,ASK
1444691340,1582.19,0.0733,ASK
1444691340,1582.18,0.0267,ASK
1444691343,1582.21,0.0104,ASK
1444691343,1582.2,0.3326,ASK
1444691343,1582.2,0.1345,ASK
1444691349,1582.18,0.0189,ASK
1444691352,1582.18,0.008,ASK
1444691352,1582.17,0.146,ASK
1444691356,1582.17,0.0604,ASK
1444691356,1582.16,0.1498,ASK
1444691357,1582.15,0.1497,ASK
1444691357,1582.14,0.0304,ASK
1444691359,1582.13,0.1199,BID
1444691359,1582.13,0.1291,BID
1444691361,1582.13,0.2299,BID
1444691361,1582.14,0.0191,ASK
1444691362,1582.12,0.4789,BID
1444691389,1582.11,0.5,BID
1444691390,1582.12,0.102,BID
1444691392,1582.12,0.398,ASK
1444691401,1582.16,0.0604,BID
1444691401,1582.18,0.001,BID
1444691401,1582.26,0.001,BID
1444691401,1582.27,0.04,BID
1444691401,1582.29,0.0247,BID
1444691401,1582.3,0.001,BID
1444691401,1582.3,0.001,BID
1444691401,1582.31,0.0399,BID
1444691401,1582.31,0.0099,BID
1444691401,1582.31,0.001,BID
1444691401,1582.31,0.001,BID
1444691401,1582.31,0.1151,BID
1444691401,1582.31,0.169,BID
1444691401,1582.31,0.169,BID
1444691403,1582.31,0.1151,BID
1444691403,1582.32,0.0202,BID
1444691403,1582.32,0.0337,BID
1444691403,1582.31,0.0498,BID
1444691403,1582.32,0.3322,BID
1444691405,1582.32,0.01,BID
1444691405,1582.32,0.09,BID
1444691405,1582.32,0.1151,BID
1444691407,1582.32,0.01,BID
1444691407,1582.32,0.01,BID
1444691410,1582.32,0.042,BID
1444691410,1582.32,0.01,BID
1444691411,1582.31,0.127,ASK
1444691411,1582.32,0.3424,BID
1444691411,1582.32,0.0202,BID
1444691411,1582.33,0.052,BID
1444691412,1582.33,0.2176,BID
1444691412,1582.33,0.135,BID
1444691427,1582.35,0.0354,BID
1444691427,1582.35,0.001,BID
1444691434,1582.46,0.1096,BID
1444691434,1582.48,0.001,BID
1444691434,1582.49,0.0164,BID
1444691441,1582.49,0.0091,BID
1444691441,1582.49,0.0009,BID
1444691442,1582.49,0.0155,BID
1444691442,1582.5,0.0335,BID
1444691458,1582.47,0.08,ASK
1444691459,1582.47,0.0296,ASK
1444691461,1582.46,0.08,BID
1444691462,1582.46,0.1096,BID
1444691474,1582.47,0.08,ASK
1444691474,1582.47,0.1096,ASK
1444691474,1582.46,0.0004,ASK
1444691475,1582.46,0.19,ASK
1444691475,1582.46,0.1896,ASK
1444691475,1582.46,0.19,ASK
1444691476,1582.46,0.436,ASK
1444691476,1582.46,0.19,ASK
1444691476,1582.46,0.103,ASK
1444691476,1582.46,0.19,ASK
1444691476,1582.46,0.19,ASK
1444691477,1582.46,0.01,ASK
1444691477,1582.46,0.01,ASK
1444691477,1582.46,0.65,ASK
1444691478,1582.46,0.835,ASK
1444691478,1582.46,0.01,ASK
1444691478,1582.46,0.65,ASK
1444691479,1582.46,0.096,ASK
1444691479,1582.47,0.024,ASK
1444691479,1582.47,0.476,ASK
1444691479,1582.46,0.174,ASK
1444691480,1582.46,1.745,ASK
1444691480,1582.46,0.65,ASK
1444691480,1582.46,0.1743,ASK
1444691481,1582.46,0.65,ASK
1444691482,1582.46,0.65,ASK
1444691482,1582.46,0.389,ASK
1444691483,1582.46,0.65,ASK
1444691484,1582.46,0.2198,ASK
1444691484,1582.46,0.65,ASK
1444691485,1582.46,2.1786,ASK
1444691488,1582.36,0.0364,ASK
1444691488,1582.36,0.01,ASK
1444691488,1582.35,0.1703,ASK
1444691489,1582.35,0.01,ASK
1444691489,1582.35,0.0201,ASK
1444691499,1582.35,0.01,BID
1444691509,1582.35,0.0163,BID
1444691526,1582.33,0.001,ASK
1444691532,1582.33,0.061,ASK
1444691532,1582.28,0.0174,ASK
1444691532,1582.28,0.0478,ASK
1444691532,1582.27,0.0227,ASK
1444691534,1582.27,0.3304,ASK
1444691534,1582.27,0.3,ASK
1444691534,1582.27,0.3,ASK
1444691535,1582.27,0.0021,ASK
1444691535,1582.26,0.05,ASK
1444691535,1582.26,0.0441,BID
1444691535,1582.21,0.05,ASK
1444691542,1582.17,0.06,ASK
1444691543,1582.18,10.0,ASK
1444691543,1582.18,4.096,ASK
1444691552,1582.25,0.0325,BID
1444691552,1582.26,0.65,BID
1444691552,1582.32,0.0126,BID
1444691553,1582.26,0.0325,ASK
1444691580,1582.19,0.0174,BID
1444691580,1582.24,0.0234,BID
1444691580,1582.25,0.4675,BID
1444691583,1582.28,0.249,ASK
1444691584,1582.28,0.65,ASK
1444691585,1582.28,0.65,ASK
1444691586,1582.28,0.65,ASK
1444691587,1582.28,0.3927,ASK
1444691610,1582.27,0.2573,BID
1444691610,1582.27,0.5917,BID
1444691611,1582.27,0.0583,BID
1444691612,1582.37,0.0108,BID
1444691612,1582.37,0.0106,BID
1444691612,1582.38,0.0337,BID
1444691615,1582.28,0.5737,ASK
1444691615,1582.28,0.6063,ASK
1444691616,1582.29,0.0603,ASK
1444691616,1582.29,0.0827,ASK
1444691616,1582.28,0.0257,ASK
1444691626,1582.18,0.0915,ASK
1444691626,1582.07,0.01,ASK
1444691626,1581.89,0.001,ASK
1444691626,1581.88,0.001,ASK
1444691626,1581.87,0.001,ASK
1444691626,1581.86,0.002,ASK
1444691626,1581.86,0.001,ASK
1444691626,1581.85,0.001,ASK
1444691626,1581.8,0.001,ASK
1444691626,1581.72,0.001,ASK
1444691626,1581.67,0.001,ASK
1444691626,1581.62,0.001,ASK
1444691626,1581.57,0.001,ASK
1444691626,1581.57,0.001,ASK
1444691626,1581.56,0.025,ASK
1444691626,1581.55,0.001,ASK
1444691626,1581.55,0.5,ASK
1444691626,1581.53,0.001,ASK
1444691626,1581.48,0.001,ASK
1444691626,1581.38,0.03,ASK
1444691626,1581.37,0.6,ASK
1444691626,1581.36,0.256,ASK
1444691626,1581.35,0.001,ASK
1444691626,1581.35,0.103,ASK
1444691626,1581.31,0.001,ASK
1444691626,1581.31,0.001,ASK
1444691626,1581.3,0.001,ASK
1444691626,1581.3,0.001,ASK
1444691626,1581.3,0.256,ASK
1444691626,1581.26,0.001,ASK
1444691626,1581.22,0.004,ASK
1444691626,1581.18,0.001,ASK
1444691626,1581.1,0.1083,ASK
1444691627,1581.11,5.0,ASK
1444691627,1581.11,6.0,ASK
1444691627,1581.11,3.864,ASK
1444691628,1582.17,0.0449,BID
1444691630,1582.17,0.0449,BID
1444691638,1582.15,0.06,BID
1444691638,1582.16,0.1176,BID
1444691638,1582.17,0.0017,BID
1444691638,1582.26,0.0207,BID
1444691638,1582.25,5.0,BID
1444691638,1582.25,14.272,BID
1444691645,1582.1,0.1083,BID
1444691649,1582.08,0.025,BID
1444691649,1582.09,0.475,BID
1444691649,1582.09,0.025,BID
1444691654,1582.24,0.0485,BID
1444691654,1582.25,0.1515,BID
1444691656,1582.25,0.0485,BID
1444691659,1582.24,0.03,BID
1444691659,1582.25,0.2698,BID
1444691659,1582.25,0.0302,BID
1444691660,1582.25,0.03,BID
1444691660,1582.25,0.4398,BID
1444691660,1582.25,0.03,BID
1444691660,1582.26,0.0202,BID
1444691660,1582.26,0.261,BID
1444691660,1582.13,1.0,BID
1444691660,1582.13,13.926,BID
1444691661,1582.26,0.3188,BID
1444691666,1582.27,0.477,BID
1444691667,1582.27,0.0043,BID
1444691667,1582.27,0.0257,BID
1444691667,1582.27,0.0997,BID
1444691667,1582.28,0.0592,BID
1444691673,1582.28,0.4178,ASK
1444691673,1582.28,0.2422,ASK
1444691674,1582.28,0.2718,ASK
1444691674,1582.27,0.3782,ASK
1444691675,1582.27,0.65,ASK
1444691676,1582.29,0.0453,BID
1444691677,1582.29,0.632,BID
1444691678,1582.27,0.305,ASK
1444691678,1582.29,0.2328,BID
1444691679,1582.3,0.3992,ASK
1444691679,1582.28,0.2508,ASK
1444691679,1582.28,0.3492,ASK
1444691683,1582.28,0.5,BID
1444691699,1582.28,0.1291,ASK
1444691699,1582.28,0.0421,ASK
1444691699,1582.28,0.025,ASK
1444691699,1582.27,2.2158,ASK
1444691700,1582.27,0.1712,ASK
1444691705,1582.34,0.001,BID
1444691705,1582.37,0.0827,BID
1444691705,1582.4,0.062,BID
1444691705,1582.41,0.001,BID
1444691705,1582.41,0.0179,BID
1444691705,1582.42,0.0354,BID
1444691718,1582.4,0.16,BID
1444691719,1582.4,0.0181,BID
1444691719,1582.41,0.0161,BID
1444691721,1582.41,0.1439,ASK
1444691726,1582.36,0.1061,BID
1444691726,1582.41,0.0161,BID
1444691726,1582.42,0.0778,BID
1444691729,1582.3,0.0179,ASK
1444691729,1582.29,0.3827,ASK
1444691729,1582.28,0.0161,ASK
1444691729,1582.28,0.0161,ASK
1444691729,1582.27,1.5672,ASK
1444691730,1582.31,0.2174,ASK
1444691734,1582.29,0.2,BID
1444691735,1582.27,0.217,ASK
1444691736,1582.27,0.65,ASK
1444691737,1582.27,0.65,ASK
1444691738,1582.29,0.0826,BID
1444691738,1582.41,0.0122,BID
1444691738,1582.42,0.0252,BID
1444691738,1582.27,0.65,ASK
1444691741,1582.3,0.0826,ASK
1444691741,1582.28,0.0122,ASK
1444691741,1582.28,0.0308,ASK
1444691741,1582.27,0.3744,ASK
1444691742,1582.38,0.1985,BID
1444691742,1582.41,0.0015,BID
1444691743,1582.29,0.0826,BID
1444691744,1582.39,0.1159,ASK
1444691744,1582.27,2.6861,ASK
1444691745,1582.3,0.04,ASK
1444691746,1582.37,0.1569,BID
1444691746,1582.39,0.01,BID
1444691746,1582.41,0.0095,BID
1444691746,1582.41,0.0236,BID
1444691746,1582.3,0.0426,ASK
1444691746,1582.27,0.6074,ASK
1444691746,1582.27,0.5,ASK
1444691749,1582.38,0.1569,ASK
1444691749,1582.28,0.011,ASK
1444691749,1582.27,0.3321,ASK
1444691750,1582.33,0.18,BID
1444691753,1582.27,0.5,ASK
1444691755,1582.27,0.65,ASK
1444691756,1582.27,0.65,ASK
1444691757,1582.27,0.65,ASK
1444691757,1582.36,0.0424,BID
1444691757,1582.37,0.1569,BID
1444691757,1582.37,0.11,BID
1444691757,1582.37,0.157,BID
1444691757,1582.37,0.11,BID
1444691757,1582.37,0.157,BID
1444691757,1582.41,0.0072,BID
1444691757,1582.41,0.011,BID
1444691757,1582.42,0.2194,BID
1444691757,1582.45,0.1309,BID
1444691757,1582.46,0.248,BID
1444691757,1582.5,0.4437,BID
1444691757,1582.5,0.0304,BID
1444691757,1582.5,0.001,BID
1444691757,1582.5,0.001,BID
1444691757,1582.51,0.001,BID
1444691757,1582.51,0.001,BID
1444691757,1582.51,0.002,BID
1444691757,1582.53,0.001,BID
1444691757,1582.53,0.001,BID
1444691757,1582.54,0.001,BID
1444691757,1582.55,0.001,BID
1444691757,1582.57,0.001,BID
1444691757,1582.57,0.001,BID
1444691757,1582.57,0.001,BID
1444691757,1582.57,0.001,BID
1444691757,1582.57,0.1,BID
1444691757,1582.58,0.0621,BID
1444691758,1582.28,2.0,BID
1444691758,1582.28,9.0,BID
1444691758,1582.28,1.826,BID
1444691758,1582.27,0.1429,ASK
1444691758,1582.27,0.65,ASK
1444691758,1582.27,0.05,ASK
1444691758,1582.27,0.813,ASK
1444691759,1582.28,0.0424,ASK
1444691759,1582.28,0.011,ASK
1444691759,1582.28,0.1026,ASK
1444691759,1582.28,0.0283,ASK
1444691759,1582.27,0.6217,ASK
1444691760,1582.56,6.0,ASK
1444691760,1582.56,3.0,ASK
1444691760,1582.56,0.984,ASK
1444691760,1582.27,0.11,ASK
1444691760,1582.27,0.1398,ASK
1444691760,1582.28,0.06,ASK
1444691760,1582.27,0.59,ASK
1444691765,1582.34,0.0174,ASK
1444691765,1582.27,0.0826,ASK
1444691765,1582.27,0.05,ASK
1444691769,1582.27,0.1,ASK
1444691770,1582.27,0.0355,ASK
1444691772,1582.27,0.01,ASK
1444691772,1582.27,0.2121,ASK
1444691773,1582.4,0.0158,BID
1444691773,1582.41,0.3156,BID
1444691773,1582.41,0.1779,BID
1444691773,1582.47,0.06,BID
1444691773,1582.56,0.014,BID
1444691773,1582.57,0.3389,BID
1444691773,1582.57,0.2578,BID
1444691774,1582.28,0.1,ASK
1444691775,1582.56,0.0169,BID
1444691775,1582.56,0.1202,BID
1444691775,1582.57,1.0429,BID
1444691775,1582.42,0.01,ASK
1444691776,1582.42,0.27,ASK
1444691777,1582.43,0.01,ASK
1444691777,1582.43,0.0053,ASK
1444691777,1582.42,0.0047,ASK
1444691777,1582.43,0.1,ASK
1444691778,1582.48,0.2087,BID
1444691778,1582.54,0.319,BID
1444691778,1582.56,0.0298,BID
1444691778,1582.58,0.1342,BID
1444691778,1582.58,0.4172,BID
1444691778,1582.6,0.001,BID
1444691778,1582.6,0.001,BID
1444691778,1582.62,0.001,BID
1444691778,1582.64,0.001,BID
1444691778,1582.67,0.001,BID
1444691778,1582.68,0.001,BID
1444691778,1582.7,0.0651,BID
1444691778,1582.43,0.01,ASK
1444691778,1582.43,0.0761,ASK
1444691778,1582.42,0.0239,ASK
1444691779,1582.47,0.0104,BID
1444691780,1582.49,0.01,ASK
1444691782,1582.5,0.06,ASK
1444691782,1582.49,0.0839,ASK
1444691783,1582.49,0.1044,ASK
1444691790,1582.48,0.01,BID
1444691794,1582.48,0.0839,BID
1444691794,1582.48,0.1883,BID
1444691794,1582.7,0.1843,BID
1444691794,1582.72,0.001,BID
1444691794,1582.75,0.001,BID
1444691794,1582.76,0.6,BID
1444691794,1582.77,0.5,BID
1444691794,1582.8,0.001,BID
1444691794,1582.83,0.002,BID
1444691794,1582.83,0.001,BID
1444691794,1582.85,0.001,BID
1444691794,1582.86,0.001,BID
1444691794,1582.86,0.001,BID
1444691794,1582.86,0.001,BID
1444691794,1582.87,0.001,BID
1444691794,1582.87,0.001,BID
1444691794,1582.88,0.001,BID
1444691794,1582.88,0.001,BID
1444691794,1582.88,0.001,BID
1444691794,1582.89,0.001,BID
1444691794,1582.89,0.001,BID
1444691794,1582.89,0.001,BID
1444691794,1582.9,0.001,BID
1444691794,1582.9,0.001,BID
1444691794,1582.9,0.001,BID
1444691794,1582.9,0.001,BID
1444691794,1582.9,0.001,BID
1444691794,1582.9,0.001,BID
1444691794,1582.9,0.001,BID
1444691794,1582.9,0.001,BID
1444691794,1582.94,0.001,BID
1444691794,1582.95,0.001,BID
1444691794,1582.98,0.001,BID
1444691794,1583.0,1.0,BID
1444691794,1583.0,0.001,BID
1444691794,1583.0,0.06,ASK
1444691796,1583.0,0.4,ASK
1444691796,1583.0,0.6,ASK
1444691797,1583.0,0.118,ASK
1444691797,1583.0,0.8,ASK
1444691797,1583.0,0.4149,ASK
1444691797,1583.0,0.05,ASK
1444691797,1583.0,0.118,ASK
1444691798,1583.0,0.8,ASK
1444691798,1583.0,0.314,ASK
1444691799,1583.0,0.1,ASK
1444691799,1583.0,0.1207,ASK
1444691799,1583.0,0.8,ASK
1444691800,1583.0,0.179,ASK
1444691800,1583.0,0.806,ASK
1444691801,1583.0,0.1393,ASK
1444691801,1583.0,0.1,ASK
1444691803,1583.0,0.132,ASK
1444691804,1583.0,0.0013,ASK
1444691804,1583.0,0.001,ASK
1444691804,1583.0,0.118,ASK
1444691804,1583.0,0.314,ASK
1444691805,1583.0,0.1,ASK
1444691806,1583.0,0.118,ASK
1444691806,1583.0,0.0013,ASK
1444691806,1583.0,0.01,ASK
1444691807,1583.0,0.0013,ASK
1444691809,1583.0,0.3,ASK
1444691809,1583.0,0.05,ASK
1444691809,1583.0,0.0013,ASK
1444691810,1583.0,0.6,ASK
1444691810,1583.0,0.314,ASK
1444691812,1583.0,0.01,ASK
1444691812,1583.0,0.314,ASK
1444691813,1583.0,0.1,ASK
1444691813,1583.0,0.05,ASK
1444691816,1583.0,0.1,ASK
1444691818,1583.0,0.314,ASK
1444691819,1583.0,0.1,ASK
1444691819,1583.0,0.05,ASK
1444691820,1583.0,0.703,ASK
1444691821,1583.0,0.6,ASK
1444691826,1583.0,0.6,ASK
1444691826,1583.0,0.4,ASK
1444691826,1583.0,0.2,ASK
1444691827,1583.0,0.24,ASK
1444691827,1583.0,0.24,ASK
1444691834,1583.0,0.01,ASK
1444691835,1583.01,0.001,BID
1444691835,1583.01,0.001,BID
1444691835,1583.01,0.01,ASK
1444691835,1583.01,0.01,ASK
1444691837,1583.01,0.126,ASK
1444691838,1583.01,0.01,ASK
1444691839,1583.01,0.01,ASK
1444691844,1583.02,0.1,ASK
1444691861,1583.02,0.3239,ASK
1444691861,1583.02,0.0761,ASK
1444691863,1583.01,0.0299,BID
1444691863,1583.01,0.106,BID
1444691863,1583.01,0.106,BID
1444691863,1583.01,0.0221,BID
1444691864,1583.01,0.0839,BID
1444691864,1583.01,0.106,BID
1444691864,1583.01,0.106,BID
1444691869,1583.02,0.0221,ASK
1444691869,1583.02,0.2439,ASK
1444691870,1583.02,0.21,ASK
1444691870,1583.01,0.1299,ASK
1444691870,1583.01,0.0145,ASK
1444691870,1583.01,0.0474,ASK
1444691870,1583.0,0.02,ASK
1444691872,1583.0,0.05,ASK
1444691874,1583.01,0.0402,BID
1444691877,1583.02,0.0402,ASK
1444691877,1583.01,0.0098,ASK
1444691885,1583.01,0.5,ASK
1444691888,1583.01,0.05,ASK
1444691888,1583.0,0.7,ASK
1444691889,1583.0,0.3701,ASK
1444691890,1583.0,0.0603,ASK
1444691890,1583.0,0.0457,ASK
1444691891,1583.0,0.6,ASK
1444691891,1583.0,0.6,ASK
1444691891,1583.0,0.3,ASK
1444691891,1583.0,0.4,ASK
1444691892,1583.0,0.05,ASK
1444691892,1583.0,0.794,ASK
1444691892,1583.0,0.6,ASK
1444691892,1583.01,6.0,ASK
1444691892,1583.01,3.571,ASK
1444691893,1583.0,0.4,ASK
1444691895,1583.0,0.4,ASK
1444691898,1583.0,0.0103,ASK
1444691898,1582.91,0.0713,ASK
1444691898,1582.9,0.0184,ASK
1444691912,1582.94,0.05,ASK
1444691916,1582.94,0.0157,ASK
1444691916,1582.93,0.0343,ASK
1444691921,1582.93,0.0885,ASK
1444691921,1582.92,0.3115,ASK
1444691921,1582.92,0.05,ASK
1444691921,1582.92,0.0824,ASK
1444691921,1582.91,0.0281,ASK
1444691922,1582.9,0.1034,ASK
1444691928,1582.83,0.06,ASK
1444691928,1582.81,0.129,ASK
1444691929,1582.81,0.4,ASK
1444691929,1582.81,0.189,ASK
1444691931,1582.81,0.01,ASK
1444691932,1582.81,0.1592,ASK
1444691932,1582.79,10.0,ASK
1444691932,1582.79,2.0,ASK
1444691932,1582.79,8.636,ASK
1444691941,1582.61,0.1258,ASK
1444691941,1582.6,0.0002,ASK
1444691943,1582.6,0.0008,ASK
1444691943,1582.6,0.001,ASK
1444691943,1582.6,0.001,ASK
1444691943,1582.6,0.004,BID
1444691953,1582.59,0.4317,BID
1444691953,1582.6,0.0003,BID
1444691954,1582.6,0.103,BID
1444691955,1582.6,0.01,BID
1444691955,1582.6,0.0059,BID
1444691964,1582.64,0.0174,BID
1444691964,1582.7,0.06,BID
1444691964,1582.77,0.0326,BID
1444691969,1582.73,0.0013,BID
1444691969,1582.76,0.0158,BID
1444691969,1582.77,0.0859,BID
1444691975,1582.77,0.183,BID
1444691976,1582.77,0.0144,BID
1444691983,1582.79,0.0939,BID
1444691984,1582.79,0.0319,BID
1444692010,1582.98,0.012,BID
1444692010,1583.0,0.088,BID
1444692012,1582.99,0.1053,BID
1444692012,1583.0,0.5264,BID
1444692013,1583.0,0.1053,BID
1444692023,1582.82,0.012,ASK
1444692023,1582.82,0.0157,ASK
1444692023,1582.81,0.3134,ASK
1444692023,1582.81,0.011,ASK
1444692023,1582.8,0.0939,ASK
1444692023,1582.8,0.1258,ASK
1444692023,1582.79,0.06,ASK
1444692023,1582.79,0.0162,ASK
1444692023,1582.78,0.183,ASK
1444692023,1582.78,0.14,ASK
1444692024,1582.98,0.0334,BID
1444692024,1582.99,0.168,BID
1444692024,1582.99,0.4586,BID
1444692025,1582.99,0.0334,BID
1444692028,1582.99,0.008,BID
1444692028,1582.99,0.002,BID
1444692029,1582.99,0.0402,BID
1444692029,1582.99,0.0162,BID
1444692029,1582.99,0.0267,BID
1444692029,1583.0,0.5169,BID
1444692029,1583.0,0.0831,BID
1444692031,1582.98,0.06,BID
1444692031,1583.0,0.0903,BID
1444692031,1583.0,0.15,BID
1444692033,1582.99,0.0449,BID
1444692035,1582.99,0.0449,BID
1444692037,1582.99,0.15,BID
1444692037,1582.99,0.01,BID
1444692039,1582.99,0.15,BID
1444692039,1582.99,0.2002,BID
1444692039,1583.0,0.31,BID
1444692039,1583.0,0.8,BID
1444692040,1583.0,0.3602,BID
1444692040,1583.0,0.8,BID
1444692042,1583.0,0.01,BID
1444692043,1583.0,0.01,BID
1444692046,1583.0,0.8,BID
1444692046,1583.0,0.15,BID
1444692047,1582.99,0.264,BID
1444692047,1583.0,0.3677,BID
1444692048,1583.0,0.6317,BID
1444692050,1583.0,0.01,BID
1444692054,1583.0,0.3535,BID
1444692055,1583.0,0.6317,BID
1444692056,1583.0,0.721,BID
1444692056,1583.0,0.6317,BID
1444692056,1583.0,0.6,BID
1444692057,1582.85,2.0,BID
1444692057,1582.85,9.022,BID
1444692057,1583.0,0.6317,BID
1444692058,1583.0,0.8551,BID
1444692058,1583.0,0.925,BID
1444692058,1583.0,0.6317,BID
1444692059,1583.0,0.01,BID
1444692059,1583.0,0.6317,BID
1444692060,1583.0,0.6,BID
1444692060,1583.0,0.6664,BID
1444692060,1583.0,0.6,BID
1444692060,1583.0,0.6317,BID
1444692061,1583.0,0.01,BID
1444692061,1583.0,0.937,BID
1444692061,1583.0,0.6317,BID
1444692062,1583.0,0.6,BID
1444692062,1583.0,0.587,BID
1444692062,1583.0,0.6317,BID
1444692063,1583.0,0.01,BID
1444692063,1583.0,0.6317,BID
1444692065,1583.0,0.01,BID
1444692065,1583.0,0.6317,BID
1444692065,1583.0,0.23,BID
1444692066,1583.0,0.6317,BID
1444692067,1583.0,0.6317,BID
1444692068,1583.0,0.6317,BID
1444692068,1583.0,0.6,BID
1444692069,1583.0,0.8,BID
1444692069,1583.0,0.6317,BID
1444692070,1583.0,0.6317,BID
1444692071,1583.0,0.6317,BID
1444692072,1583.0,0.6317,BID
1444692072,1583.0,0.01,BID
1444692073,1583.0,0.6317,BID
1444692073,1583.0,0.01,BID
1444692074,1583.0,0.6317,BID
1444692075,1583.0,0.01,BID
1444692075,1583.0,0.6317,BID
1444692075,1583.0,0.2805,BID
1444692076,1583.0,0.01,BID
1444692077,1583.0,0.343,BID
1444692078,1583.0,0.01,BID
1444692078,1583.0,0.6317,BID
1444692079,1582.99,0.0811,BID
1444692079,1583.0,0.0679,BID
1444692079,1583.0,0.0964,BID
1444692080,1583.03,0.0657,BID
1444692080,1583.04,0.0281,BID
1444692080,1583.05,0.001,BID
1444692080,1583.07,0.001,BID
1444692080,1583.07,0.001,BID
1444692080,1583.08,0.001,BID
1444692080,1583.08,0.001,BID
1444692080,1583.1,0.001,BID
1444692080,1583.1,0.001,BID
1444692080,1583.1,0.001,BID
1444692080,1583.1,0.001,BID
1444692080,1583.1,0.001,BID
1444692080,1583.13,0.001,BID
1444692080,1583.13,0.001,BID
1444692080,1583.13,0.0585,BID
1444692081,1583.12,5.0,BID
1444692081,1583.12,12.535,BID
1444692095,1583.13,0.0657,BID
1444692096,1583.13,0.6317,BID
1444692097,1583.13,0.0861,BID
1444692097,1583.14,0.001,BID
1444692097,1583.14,0.001,BID
1444692103,1583.14,0.0013,ASK
1444692105,1583.15,0.001,BID
1444692105,1583.15,0.001,BID
1444692105,1583.15,0.001,BID
1444692105,1583.15,0.0013,ASK
1444692106,1583.15,0.05,ASK
1444692106,1583.15,1.3741,ASK
1444692107,1583.15,0.0072,ASK
1444692107,1583.14,0.5423,ASK
1444692107,1583.14,0.6305,ASK
1444692108,1583.14,0.0012,ASK
1444692108,1583.06,0.0336,ASK
1444692108,1583.02,0.0583,ASK
1444692108,1583.01,0.5353,ASK
1444692108,1583.01,0.6317,ASK
1444692109,1583.01,0.06,BID
1444692109,1583.01,0.03,BID
1444692110,1583.01,0.0583,BID
1444692111,1583.02,0.0811,ASK
1444692117,1583.02,0.1,ASK
1444692117,1583.21,0.0336,BID
1444692119,1583.02,0.21,ASK
1444692120,1583.02,0.2406,ASK
1444692121,1583.01,0.0174,BID
1444692122,1583.01,0.012,BID
1444692122,1583.01,0.0448,BID
1444692122,1583.01,0.004,BID
1444692123,1582.85,0.0811,ASK
1444692123,1582.85,0.0189,BID
1444692123,1583.01,0.1318,BID
1444692123,1583.01,0.4506,BID
1444692124,1583.02,0.0304,ASK
1444692128,1582.84,0.0507,BID
1444692141,1582.78,2.175,BID
1444692142,1582.78,0.4053,BID
1444692146,1582.8,0.01,BID
1444692151,1582.79,0.0013,ASK
1444692153,1582.79,0.0013,ASK
1444692157,1582.8,0.02,ASK
1444692157,1582.79,0.2239,ASK
1444692157,1582.79,0.0361,ASK
1444692162,1582.61,0.018,ASK
1444692165,1582.61,0.04,ASK
1444692166,1582.61,0.442,ASK
1444692166,1582.6,0.01,BID
1444692173,1582.52,0.23,ASK
1444692173,1582.51,0.57,ASK
1444692173,1582.51,0.0013,ASK
1444692174,1582.51,0.0287,ASK
1444692174,1582.5,0.4317,ASK
1444692203,1582.39,0.1759,ASK
1444692203,1582.38,0.0001,ASK
1444692204,1582.38,0.1759,ASK
1444692225,1582.47,0.069,BID
1444692226,1582.48,0.069,BID
1444692227,1582.48,0.204,BID
1444692227,1582.49,0.069,BID
1444692227,1582.38,0.01,ASK
1444692228,1582.49,0.1069,BID
1444692240,1582.5,0.004,BID
1444692241,1582.49,0.0013,ASK
1444692242,1582.49,0.01,ASK
1444692259,1582.5,0.0075,BID
1444692259,1582.51,0.0925,BID
1444692266,1582.51,0.1375,BID
1444692274,1582.59,0.0265,BID
1444692274,1582.6,0.048,BID
1444692274,1582.6,0.0625,BID
1444692276,1582.59,0.021,BID
1444692276,1582.6,0.2569,BID
1444692277,1582.59,0.021,BID
1444692277,1582.6,0.0055,BID
1444692278,1582.6,0.021,BID
1444692281,1582.6,0.01,BID
1444692283,1582.49,0.1548,ASK
1444692283,1582.38,0.104,ASK
1444692283,1582.28,0.0779,ASK
1444692283,1582.28,0.0354,ASK
1444692283,1582.27,0.708,ASK
1444692283,1582.01,0.001,ASK
1444692283,1582.0,0.001,ASK
1444692283,1581.9,0.001,ASK
1444692283,1581.9,0.001,ASK
1444692283,1581.9,0.001,ASK
1444692283,1581.89,0.001,ASK
1444692283,1581.89,0.001,ASK
1444692283,1581.88,0.001,ASK
1444692283,1581.87,0.001,ASK
1444692283,1581.68,0.0143,ASK
1444692283,1581.68,0.0265,ASK
1444692283,1581.67,0.0501,ASK
1444692296,1581.32,0.025,ASK
1444692311,1581.49,0.01,BID
1444692314,1581.48,0.333,BID
1444692315,1581.49,0.0074,BID
1444692317,1581.81,0.0497,ASK
1444692320,1581.55,0.01,BID
1444692322,1581.54,0.02,BID
1444692323,1581.54,0.02,BID
1444692323,1581.54,0.02,BID
1444692323,1581.54,0.1039,BID
1444692323,1581.55,0.0103,BID
1444692364,1582.06,0.01,ASK
1444692367,1582.18,0.01,BID
1444692367,1582.19,0.0013,BID
1444692367,1582.28,0.03,BID
1444692367,1582.29,0.2587,BID
1444692367,1582.29,0.3413,BID
1444692368,1582.43,5.0,BID
1444692368,1582.43,2.0,BID
1444692368,1582.43,8.53,BID
1444692371,1582.43,0.003,BID
1444692373,1582.42,0.01,BID
1444692377,1582.3,0.0349,BID
1444692379,1582.3,0.1482,BID
1444692379,1582.42,0.0013,BID
1444692379,1582.44,0.2505,ASK
1444692379,1582.44,0.2435,ASK
1444692379,1582.44,0.01,ASK
1444692383,1582.44,0.2595,ASK
1444692388,1582.31,0.01,ASK
1444692394,1582.31,0.01,ASK
1444692396,1582.31,0.1282,ASK
1444692399,1582.26,0.004,BID
1444692403,1582.26,0.0678,BID
1444692403,1582.3,0.0582,BID
1444692421,1582.3,0.08,BID
1444692423,1582.03,0.1794,ASK
1444692424,1581.96,0.3127,BID
1444692424,1581.96,0.5268,BID
1444692424,1581.96,0.01,BID
1444692425,1581.96,0.5082,BID
1444692430,1582.37,0.0678,BID
1444692433,1582.35,0.1783,BID
1444692434,1582.41,0.165,BID
1444692445,1582.4,0.0013,BID
1444692445,1582.41,0.2927,BID
1444692446,1582.42,0.013,BID
1444692447,1582.42,0.0013,ASK
1444692447,1582.42,0.0013,ASK
1444692450,1582.43,0.036,BID
1444692451,1582.43,0.2235,BID
1444692451,1582.44,0.036,ASK
1444692451,1582.42,0.014,ASK
1444692452,1582.42,0.141,ASK
1444692452,1582.42,0.0013,ASK
1444692453,1582.44,0.2595,ASK
1444692453,1582.42,0.0189,ASK
1444692454,1582.42,0.0013,ASK
1444692458,1582.42,0.1,ASK
1444692459,1582.42,0.0019,ASK
1444692461,1582.36,0.178,ASK
1444692463,1581.98,0.0378,ASK
1444692463,1581.97,0.0122,ASK
1444692464,1582.27,0.1,BID
1444692467,1582.21,0.06,ASK
1444692467,1581.97,0.1117,ASK
1444692467,1581.97,0.6321,ASK
1444692467,1581.86,0.0453,ASK
1444692467,1581.73,0.3309,ASK
1444692468,1582.26,2.0,ASK
1444692468,1582.26,12.081,ASK
1444692468,1582.0,0.0222,ASK
1444692471,1581.97,0.004,BID
1444692484,1581.69,0.3,ASK
1444692486,1581.69,0.1132,ASK
1444692487,1581.68,0.0227,ASK
1444692487,1581.68,0.0174,BID
1444692487,1581.56,0.1,ASK
1444692487,1581.56,0.0013,ASK
1444692488,1581.56,0.01,ASK
1444692488,1581.56,0.05,ASK
1444692488,1581.56,0.1263,ASK
1444692488,1581.55,0.1639,ASK
1444692489,1581.49,0.0013,ASK
1444692491,1581.49,0.2373,ASK
1444692491,1581.49,0.0027,ASK
1444692491,1581.49,0.0013,ASK
1444692492,1581.49,0.4929,ASK
1444692492,1581.48,0.001,BID
1444692493,1581.48,0.004,BID
1444692495,1581.48,0.01,BID
1444692503,1581.48,0.01,BID
1444692504,1581.48,0.1321,BID
1444692504,1581.48,0.1155,BID
1444692504,1581.48,0.01,BID
1444692505,1581.48,0.5245,BID
1444692534,1581.49,0.1078,ASK
1444692534,1581.49,0.6322,ASK
1444692535,1581.49,0.0001,ASK
1444692535,1581.48,0.001,ASK
1444692535,1581.48,0.6,BID
1444692548,1581.43,0.003,ASK
1444692548,1581.32,0.338,ASK
1444692618,1581.32,0.0386,ASK
1444692618,1581.31,0.4075,ASK
1444692618,1581.3,0.4,ASK
1444692618,1581.12,0.002,ASK
1444692618,1581.0,0.5875,ASK
1444692621,1581.31,0.0386,BID
1444692625,1581.3,0.0316,BID
1444692645,1581.36,0.0122,BID
1444692645,1581.37,0.1846,BID
1444692645,1581.37,0.06,BID
1444692647,1581.38,0.0002,ASK
1444692673,1581.14,0.0174,BID
1444692692,1581.35,0.0011,BID
1444692692,1581.45,0.017,BID
1444692692,1581.46,0.3349,BID
1444692692,1581.46,0.0053,BID
1444692692,1581.46,0.1014,BID
1444692692,1581.47,0.0386,BID
1444692692,1581.48,0.0489,BID
1444692695,1581.51,0.0109,BID
1444692696,1581.51,0.0005,BID
1444692696,1581.52,0.0995,BID
1444692697,1581.52,0.126,BID
1444692698,1581.51,0.01,BID
1444692699,1581.51,0.0057,BID
1444692699,1581.52,0.1823,BID
1444692699,1581.52,0.006,BID
1444692712,1581.67,0.0114,BID
1444692712,1581.68,0.2186,BID
1444692715,1581.68,0.0085,BID
1444692722,1581.68,0.0025,ASK
1444692722,1581.56,0.0075,ASK
1444692722,1581.56,0.1179,ASK
1444692722,1581.55,0.0113,ASK
1444692722,1581.54,0.1988,ASK
1444692724,1581.68,0.1,BID
1444692724,1581.69,0.0904,BID
1444692725,1581.69,0.1,ASK
1444692726,1581.69,0.56,ASK
1444692727,1581.69,0.5847,ASK
1444692727,1581.69,0.0653,ASK
1444692727,1581.69,0.0347,ASK
1444692729,1581.67,2.0,ASK
1444692729,1581.67,18.44,ASK
1444692729,1581.59,0.05,ASK
1444692730,1581.6,0.06,ASK
1444692732,1581.6,0.315,ASK
1444692733,1581.6,0.0008,ASK
1444692733,1581.59,0.01,ASK
1444692733,1581.59,0.0144,BID
1444692767,1581.57,0.001,ASK
1444692812,1581.7,0.0207,BID
1444692812,1581.71,0.0113,BID
1444692813,1581.71,0.01,BID
1444692813,1581.71,0.0359,BID
1444692818,1581.69,0.01,BID
1444692819,1581.69,0.154,BID
1444692819,1581.68,0.0189,BID
1444692819,1581.7,0.0205,BID
1444692819,1581.71,0.0206,BID
1444692826,1581.71,0.013,BID
1444692826,1581.72,0.115,BID
1444692827,1581.72,0.128,BID
1444692828,1581.72,0.0712,BID
1444692828,1581.73,0.0288,BID
1444692828,1581.71,0.1992,BID
1444692829,1581.71,0.0141,BID
1444692829,1581.73,0.0252,BID
1444692883,1581.73,0.02,ASK
1444692906,1581.73,0.1399,ASK
1444692906,1581.73,0.07,ASK
1444692906,1581.71,0.0189,ASK
1444692906,1581.7,0.0712,ASK
1444692920,1581.72,0.1399,BID
1444692920,1581.75,0.017,BID
1444692920,1581.76,0.1451,BID
1444692924,1581.76,0.01,BID
1444692926,1581.76,0.01,BID
1444692936,1581.76,0.05,BID
1444692936,1581.76,0.1256,BID
1444692936,1581.79,0.1761,BID
1444692936,1581.8,0.0493,BID
1444692938,1581.8,0.01,BID
1444692939,1581.8,0.01,BID
1444692954,1581.77,0.12,ASK
1444692955,1581.77,0.0556,ASK
1444692970,1581.74,0.01,ASK
1444692993,1581.74,0.04,ASK
1444692993,1581.73,0.1399,ASK
1444692993,1581.71,0.0153,ASK
1444692993,1581.7,0.3058,ASK
1444692996,1581.73,0.01,BID
1444693015,1581.7,0.0003,ASK
1444693015,1581.6,0.0105,ASK
1444693015,1581.59,0.2109,ASK
1444693015,1581.58,0.054,ASK
1444693015,1581.57,0.0723,ASK
1444693020,1581.57,0.0004,ASK
1444693020,1581.54,0.0496,ASK
1444693173,1581.7,0.0174,ASK
1444693173,1581.64,0.14,ASK
1444693173,1581.57,0.02,ASK
1444693173,1581.56,0.2076,ASK
1444693184,1581.62,0.0157,BID
1444693184,1581.63,0.157,BID
1444693184,1581.63,0.157,BID
1444693184,1581.73,0.03,BID
1444693184,1581.74,0.0457,BID
1444693184,1581.75,0.0148,BID
1444693184,1581.75,0.2264,BID
1444693184,1581.76,0.12,BID
1444693184,1581.76,0.1756,BID
1444693184,1581.8,0.0044,BID
1444693184,1581.9,0.06,BID
1444693184,1581.92,0.06,BID
1444693184,1582.05,0.1134,BID
1444693257,1581.59,0.0318,ASK
1444693257,1581.59,0.0182,ASK
1444693265,1581.57,0.42,ASK
1444693267,1581.57,0.06,ASK
1444693267,1581.56,0.1926,ASK
1444693267,1581.54,0.1489,ASK
1444693267,1581.54,0.0185,ASK
1444693270,1581.54,0.0187,ASK
1444693270,1581.54,0.0185,ASK
1444693270,1581.53,0.3828,ASK
1444693272,1581.53,0.36,ASK
1444693289,1581.54,0.0026,ASK
1444693289,1581.53,0.0003,ASK
1444693289,1581.49,0.0071,ASK
1444693299,1581.5,0.408,ASK
1444693308,1581.51,0.08,ASK
1444693313,1581.7,0.1,ASK
1444693313,1581.51,0.215,ASK
1444693313,1581.52,0.0317,ASK
1444693313,1581.5,0.0006,ASK
1444693313,1581.49,0.011,ASK
1444693313,1581.48,0.0096,ASK
1444693313,1581.45,0.0471,ASK
1444693332,1581.45,0.05,ASK
1444693334,1581.45,0.0127,ASK
1444693361,1581.44,0.001,BID
1444693366,1581.44,0.01,BID
1444693384,1581.4,0.0027,ASK
1444693384,1581.39,0.0073,ASK
1444693402,1581.4,0.04,ASK
1444693403,1581.4,0.0483,ASK
1444693403,1581.39,0.0332,ASK
1444693404,1581.39,0.0068,BID
1444693404,1581.45,0.0432,ASK
1444693433,1581.37,0.1,BID
1444693433,1581.37,0.176,BID
1444693433,1581.37,0.1,BID
1444693434,1581.36,0.2088,BID
1444693434,1581.37,0.0743,BID
1444693434,1581.38,0.1363,BID
1444693436,1581.38,0.0309,ASK
1444693436,1581.38,0.0191,ASK
1444693437,1581.38,0.0309,ASK
1444693438,1581.38,0.05,ASK
1444693438,1581.38,0.4503,ASK
1444693439,1581.37,0.0809,BID
1444693439,1581.39,0.0201,BID
1444693440,1581.37,0.0809,BID
1444693441,1581.37,0.101,BID
1444693441,1581.37,0.0809,BID
1444693442,1581.37,0.2684,BID
1444693442,1581.38,0.0183,BID
1444693442,1581.38,0.0358,ASK
1444693443,1581.38,0.0327,ASK
1444693444,1581.38,0.176,ASK
1444693444,1581.38,0.128,ASK
1444693446,1581.38,0.1404,ASK
1444693452,1581.36,0.335,BID
1444693452,1581.37,0.0683,BID
1444693452,1581.37,0.4444,BID
1444693452,1581.38,0.0248,BID
1444693452,1581.38,0.0116,BID
1444693452,1581.39,0.025,BID
1444693452,1581.39,0.2709,BID
1444693456,1581.39,0.724,BID
1444693510,1581.4,0.6324,ASK
1444693510,1581.38,0.1159,ASK
1444693510,1581.37,0.335,ASK
1444693510,1581.32,0.05,ASK
1444693510,1581.25,0.0358,ASK
1444693510,1581.25,0.0109,ASK
1444693517,1581.25,0.05,ASK
1444693518,1581.25,0.3521,ASK
1444693518,1581.24,0.05,ASK
1444693519,1581.24,0.1769,ASK
1444693519,1581.24,0.05,BID
1444693531,1581.16,0.0626,ASK
1444693531,1581.01,0.6,ASK
1444693531,1581.0,0.5174,ASK
1444693540,1581.0,2.0,ASK
1444693541,1581.0,0.65,ASK
1444693542,1581.0,0.65,ASK
1444693544,1581.01,0.1933,ASK
1444693544,1581.0,0.2752,ASK
1444693544,1581.0,0.1815,ASK
1444693545,1581.0,0.1185,ASK
1444693545,1581.0,0.5315,ASK
1444693560,1581.01,0.0535,ASK
1444693560,1581.0,0.0465,ASK
1444693561,1581.0,0.027,ASK
1444693562,1581.0,0.54,ASK
1444693564,1581.0,0.094,ASK
1444693564,1581.0,0.05,ASK
1444693565,1581.0,0.65,ASK
1444693566,1581.0,0.263,ASK
1444693566,1581.0,0.65,ASK
1444693566,1581.0,0.263,ASK
1444693567,1581.0,0.01,ASK
1444693567,1581.0,0.3367,ASK
1444693567,1581.0,0.3133,ASK
1444693568,1581.13,0.0535,BID
1444693568,1581.14,0.0455,BID
1444693568,1581.0,0.65,ASK
1444693569,1581.0,0.01,ASK
1444693569,1581.01,0.0343,ASK
1444693569,1581.0,0.0267,ASK
1444693569,1580.99,0.0535,BID
1444693570,1580.99,0.0025,BID
1444693570,1581.01,0.05,ASK
1444693570,1581.01,0.0447,ASK
1444693571,1580.98,7.0,ASK
1444693571,1580.98,4.149,ASK
1444693573,1580.9,0.004,ASK
1444693573,1580.65,0.006,ASK
1444693575,1580.65,0.01,ASK
1444693576,1580.65,0.021,ASK
1444693579,1580.65,0.01,ASK
1444693581,1580.65,0.01,ASK
1444693582,1580.65,0.0535,ASK
1444693583,1580.65,0.021,ASK
1444693585,1580.65,0.01,ASK
1444693594,1580.65,0.01,ASK
1444693619,1580.91,0.0149,BID
1444693619,1580.92,0.1151,BID
1444693626,1580.9,0.1846,BID
1444693626,1580.91,0.07,BID
1444693626,1580.92,0.1284,BID
1444693626,1580.92,0.01,BID
1444693628,1580.92,0.0186,BID
1444693628,1580.93,0.0126,BID
1444693628,1580.94,0.253,BID
1444693628,1580.96,0.0168,BID
1444693632,1580.91,0.1319,BID
1444693632,1580.96,0.0009,BID
1444693632,1580.97,0.2672,BID
1444693632,1580.97,0.1821,BID
1444693635,1580.98,0.01,ASK
1444693646,1580.99,0.01,BID
1444693662,1580.99,0.4,BID
1444693662,1580.99,0.0793,BID
1444693662,1581.02,0.2164,BID
1444693664,1581.03,0.01,ASK
1444693666,1581.03,0.01,ASK
1444693667,1581.07,0.221,BID
1444693668,1581.07,0.1325,BID
1444693721,1581.08,0.221,ASK
1444693743,1580.96,0.0174,BID
1444693743,1581.04,0.0036,BID
1444693743,1581.05,0.029,BID
1444693743,1581.07,0.221,BID
1444693743,1581.12,0.0972,BID
1444693743,1581.12,0.4866,BID
1444693743,1581.12,0.2832,BID
1444693743,1581.15,0.0626,BID
1444693743,1581.18,1.4351,BID
1444693743,1581.23,0.1357,BID
1444693743,1581.24,0.1752,BID
1444693743,1581.38,0.5,BID
1444693743,1581.39,0.6324,BID
1444693743,1581.47,0.11,BID
1444693743,1581.56,0.2286,BID
1444693743,1581.63,0.154,BID
1444693743,1581.64,1.0,BID
1444693743,1581.65,0.1689,BID
1444693743,1581.87,7.6191,BID
1444693743,1581.88,0.3924,BID
1444693743,1581.91,0.4418,BID
1444693743,1582.0,0.3,BID
1444693743,1582.1,0.006,BID
1444693743,1582.1,0.05,BID
1444693743,1582.27,0.17,BID
1444693743,1582.28,4.877,BID
1444693749,1581.0,0.3,ASK
1444693751,1580.97,0.01,ASK
1444693756,1581.35,0.02,ASK
1444693756,1581.35,0.01,ASK
1444693757,1581.35,0.01,ASK
1444693758,1581.35,0.01,ASK
1444693759,1581.05,0.01,BID
1444693759,1581.36,0.05,ASK
1444693759,1581.36,0.01,ASK
1444693761,1581.36,0.01,ASK
1444693761,1581.36,0.1551,ASK
1444693761,1581.03,0.0783,ASK
1444693761,1581.03,0.2397,ASK
1444693763,1581.04,0.013,ASK
1444693763,1581.03,0.1521,ASK
1444693764,1581.03,0.01,ASK
1444693768,1581.06,0.01,ASK
1444693769,1581.06,0.0142,ASK
1444693769,1581.06,0.061,ASK
1444693769,1581.05,0.0898,ASK
1444693769,1581.05,0.01,ASK
1444693770,1581.05,0.066,ASK
1444693771,1581.05,0.011,ASK
1444693772,1581.06,0.165,ASK
1444693772,1581.06,0.165,ASK
1444693774,1581.06,0.0788,ASK
1444693774,1581.05,0.0862,ASK
1444693776,1581.07,0.01,ASK
1444693776,1581.07,0.037,ASK
1444693777,1581.08,0.06,ASK
1444693777,1581.07,0.0195,ASK
1444693777,1581.05,0.0059,ASK
1444693778,1580.97,0.0117,ASK
1444693778,1580.94,0.0036,ASK
1444693799,1580.88,0.08,ASK
1444693800,1580.88,0.1575,ASK
1444693800,1580.88,0.0101,ASK
1444693800,1580.87,0.0699,ASK
1444693801,1580.87,0.0103,ASK
1444693802,1580.85,10.0,ASK
1444693802,1580.85,4.507,ASK
1444693804,1580.87,0.2373,BID
1444693839,1580.89,0.01,ASK
1444693842,1580.99,0.0135,BID
1444693848,1580.99,0.0135,BID
1444693850,1580.89,0.01,ASK
1444693851,1580.89,0.05,ASK
1444693852,1580.89,0.01,ASK
1444693852,1580.89,0.65,ASK
1444693853,1580.9,0.0564,ASK
1444693853,1580.89,0.4681,ASK
1444693853,1580.89,0.0119,ASK
1444693853,1580.88,0.1136,ASK
1444693854,1580.88,0.1237,ASK
1444693855,1580.88,0.0113,BID
1444693868,1580.84,0.01,ASK
1444693870,1580.84,0.01,ASK
1444693887,1580.88,0.515,BID
1444693930,1580.99,0.0135,BID
1444693930,1581.0,0.2697,BID
1444693930,1581.0,0.0124,BID
1444693930,1581.01,0.2375,BID
1444693930,1581.01,0.0101,BID
1444693930,1581.02,0.0802,BID
1444693930,1581.03,0.1058,BID
1444693930,1581.09,0.06,BID
1444693930,1581.12,0.0029,BID
1444693930,1581.23,0.0718,BID
1444693930,1581.24,1.1361,BID
1444693932,1581.24,0.2993,BID
1444693932,1581.33,0.0665,BID
1444693932,1581.35,0.1651,BID
1444693932,1581.35,0.13,BID
1444693932,1581.38,0.5191,BID
1444693938,1581.47,0.11,BID
1444693938,1581.61,0.0217,BID
1444693938,1581.88,0.4432,ASK
1444693941,1581.88,0.0909,ASK
1444693941,1581.88,0.341,ASK
1444693941,1581.88,2.0,ASK
1444693941,1581.88,1.116,ASK
1444693941,1581.88,0.06,ASK
1444693941,1581.88,2.694,ASK
1444693941,1581.88,2.3,ASK
1444693941,1581.88,3.1232,ASK
1444693941,1581.0,5.0,ASK
1444693941,1581.0,4.0,ASK
1444693941,1581.0,3.388,ASK
1444693945,1581.43,0.715,BID
1444693945,1581.83,0.01,BID
1444693945,1581.84,0.2,BID
1444693945,1581.86,0.0181,BID
1444693945,1581.87,0.4917,BID
1444693949,1581.0,0.05,ASK
1444693953,1581.27,0.01,BID
1444693956,1581.4,0.02,ASK
1444693958,1581.4,0.015,ASK
1444693958,1581.4,0.0295,ASK
1444693958,1581.17,0.0205,ASK
1444693960,1581.17,0.033,ASK
1444693970,1581.19,0.0339,ASK
1444693970,1581.18,0.2641,ASK
1444693979,1581.61,0.0156,BID
1444693979,1581.62,0.0094,BID
1444693987,1581.18,0.05,ASK
1444693992,1581.57,0.42,BID
1444693992,1581.6,0.0207,BID
1444693992,1581.6,0.0144,BID
1444693992,1581.61,0.6,BID
1444693992,1581.62,0.1249,BID
1444693995,1581.56,0.0305,BID
1444693995,1581.61,0.0289,BID
1444693995,1581.62,0.1007,BID
1444693995,1581.62,0.5,BID
1444693995,1581.64,0.1838,BID
1444693995,1581.67,1.4348,BID
1444693995,1581.83,0.0645,BID
1444693995,1581.87,0.2368,BID
1444693996,1581.87,1.5342,BID
1444693996,1581.87,0.4658,BID
1444693997,1581.62,0.01,ASK
1444693997,1581.87,0.0342,BID
1444693997,1581.87,0.5,BID
1444693997,1581.87,0.5,BID
1444693997,1581.87,0.1458,BID
1444693999,1581.63,0.02,ASK
1444693999,1581.63,0.005,ASK
1444693999,1581.62,0.005,ASK
1444694001,1581.86,0.015,BID
1444694006,1581.86,0.01,BID
1444694006,1581.87,0.1952,BID
1444694006,1581.87,0.2948,BID
1444694006,1581.66,0.11,ASK
1444694008,1581.66,0.02,ASK
1444694008,1581.87,0.2052,BID
1444694008,1581.87,0.2948,BID
1444694017,1581.68,0.025,ASK
1444694017,1581.68,0.0029,ASK
1444694017,1581.67,0.0411,ASK
1444694017,1581.67,0.01,ASK
1444694018,1581.67,0.025,ASK
1444694018,1581.67,0.01,ASK
1444694023,1581.68,0.01,ASK
1444694031,1581.75,0.01,ASK
1444694032,1581.75,0.01,ASK
1444694033,1581.84,0.01,BID
1444694034,1581.75,0.01,ASK
1444694035,1581.75,0.01,ASK
1444694037,1581.75,0.6,ASK
1444694037,1581.75,0.373,ASK
1444694038,1581.7,0.0165,ASK
1444694038,1581.69,0.0335,ASK
1444694038,1581.69,0.01,ASK
1444694039,1581.73,0.11,BID
1444694039,1581.74,0.027,BID
1444694039,1581.74,0.4,BID
1444694039,1581.74,0.65,BID
1444694041,1581.76,0.02,ASK
1444694044,1581.76,0.05,ASK
1444694045,1581.76,0.1579,ASK
1444694045,1581.75,0.05,ASK
1444694046,1581.75,0.2079,ASK
1444694046,1581.75,0.03,ASK
1444694053,1581.75,0.01,ASK
1444694055,1581.75,0.01,ASK
1444694057,1581.75,0.01,ASK
1444694058,1581.75,0.01,ASK
1444694059,1581.75,0.01,ASK
1444694060,1581.75,0.01,ASK
1444694060,1581.75,0.0791,ASK
1444694060,1581.7,0.0143,ASK
1444694060,1581.69,0.0166,ASK
1444694060,1581.69,0.02,ASK
1444694060,1581.69,0.05,ASK
1444694062,1581.69,0.085,ASK
1444694064,1581.7,0.0143,ASK
1444694064,1581.69,0.1144,ASK
1444694066,1581.64,0.01,ASK
1444694067,1581.64,0.05,ASK
1444694067,1581.64,0.0191,ASK
1444694067,1581.63,0.3827,ASK
1444694068,1581.36,0.01,ASK
1444694070,1581.37,0.01,ASK
1444694070,1581.61,1.0,ASK
1444694070,1581.61,2.0,ASK
1444694070,1581.61,4.839,ASK
1444694073,1581.37,0.01,ASK
1444694073,1581.38,0.0364,ASK
1444694073,1581.37,0.0136,ASK
1444694073,1581.37,0.06,ASK
1444694074,1581.37,0.1276,ASK
1444694078,1581.36,0.0012,BID
1444694084,1581.35,0.01,BID
1444694090,1581.24,0.0305,ASK
1444694090,1581.2,0.0207,ASK
1444694090,1581.18,0.12,ASK
1444694090,1581.18,0.1838,ASK
1444694090,1581.17,0.0165,ASK
1444694090,1581.17,0.8085,ASK
1444694092,1581.23,0.01,BID
1444694099,1581.17,0.01,ASK
1444694114,1581.23,0.0205,BID
1444694117,1581.24,0.01,ASK
1444694122,1581.24,0.0205,ASK
1444694122,1581.17,0.0295,ASK
1444694123,1581.17,0.01,ASK
1444694124,1581.23,0.0205,BID
1444694124,1581.33,0.014,BID
1444694124,1581.34,0.2793,BID
1444694124,1581.35,0.1327,BID
1444694124,1581.35,0.0155,BID
1444694124,1581.35,0.0211,BID
1444694124,1581.36,0.5212,BID
1444694124,1581.36,0.2112,BID
1444694125,1581.37,0.01,ASK
1444694126,1581.37,0.01,ASK
1444694129,1581.37,0.01,ASK
1444694131,1581.36,0.4,ASK
1444694131,1581.35,0.062,ASK
1444694159,1581.25,0.05,ASK
1444694160,1581.25,0.08,ASK
1444694160,1581.24,0.0205,ASK
1444694165,1581.24,0.0295,BID
1444694165,1581.24,0.13,BID
1444694170,1581.25,0.0005,ASK
1444694170,1581.25,0.0095,ASK
1444694177,1581.25,0.02,ASK
1444694219,1581.34,0.1062,BID
1444694220,1581.34,0.0238,BID
1444694220,1581.34,0.0082,BID
1444694239,1581.41,0.0452,BID
1444694239,1581.42,0.9047,BID
1444694239,1581.45,0.069,BID
1444694239,1581.52,0.0778,BID
1444694239,1581.55,0.06,BID
1444694239,1581.6,0.0106,BID
1444694239,1581.61,0.2112,BID
1444694241,1581.62,0.5,ASK
1444694242,1581.62,0.01,ASK
1444694242,1581.62,0.65,ASK
1444694243,1581.62,0.65,ASK
1444694243,1581.62,0.5,ASK
1444694245,1581.62,0.65,ASK
1444694245,1581.62,0.05,ASK
1444694245,1581.62,0.01,ASK
1444694246,1581.62,0.65,ASK
1444694246,1581.63,0.0791,BID
1444694247,1581.63,0.5209,ASK
1444694247,1581.62,0.1291,ASK
1444694247,1581.62,0.01,ASK
1444694247,1581.62,0.5,ASK
1444694248,1581.62,0.65,ASK
1444694254,1581.63,0.01,ASK
1444694255,1581.63,0.49,ASK
1444694255,1581.62,0.69,ASK
1444694255,1581.62,2.0,ASK
1444694256,1581.62,0.5,ASK
1444694257,1581.62,0.5,ASK
1444694257,1581.62,2.0,ASK
1444694257,1581.62,0.01,ASK
1444694258,1581.62,0.01,ASK
1444694258,1581.66,0.0135,BID
1444694258,1581.67,0.27,BID
1444694258,1581.67,0.0135,BID
1444694258,1581.68,0.0707,BID
1444694258,1581.68,0.1994,BID
1444694258,1581.74,0.0891,BID
1444694258,1581.81,0.0122,BID
1444694258,1581.84,0.1639,BID
1444694258,1581.84,0.3477,BID
1444694258,1581.62,0.01,ASK
1444694259,1581.83,1.0,BID
1444694259,1581.83,9.723,BID
1444694259,1581.83,1.0,ASK
1444694259,1581.83,7.222,ASK
1444694259,1581.62,0.01,ASK
1444694260,1581.63,0.01,ASK
1444694260,1581.63,0.5171,ASK
1444694260,1581.62,0.2329,ASK
1444694261,1581.62,0.01,ASK
1444694261,1581.62,0.65,ASK
1444694263,1581.63,0.1644,ASK
1444694263,1581.63,0.021,ASK
1444694263,1581.62,0.4646,ASK
1444694263,1581.62,0.02,ASK
1444694264,1581.63,0.0201,ASK
1444694264,1581.63,0.0122,ASK
1444694264,1581.62,0.6177,ASK
1444694265,1581.62,0.1644,ASK
1444694266,1581.62,0.01,ASK
1444694266,1581.62,0.164,ASK
1444694266,1581.62,0.164,ASK
1444694266,1581.62,0.05,ASK
1444694266,1581.62,0.65,ASK
1444694267,1581.62,0.65,ASK
1444694268,1581.62,0.65,ASK
1444694269,1581.62,0.65,ASK
1444694270,1581.62,0.338,ASK
1444694270,1581.62,0.338,ASK
1444694270,1581.62,0.4088,ASK
1444694270,1581.61,0.2412,BID
1444694271,1581.63,0.0971,ASK
1444694272,1581.49,0.05,ASK
1444694279,1581.5,0.01,ASK
1444694281,1581.5,0.01,ASK
1444694282,1581.59,6.0,ASK
1444694282,1581.59,10.055,ASK
1444694283,1581.5,0.01,ASK
1444694285,1581.5,0.01,ASK
1444694287,1581.5,0.01,ASK
1444694288,1581.5,0.01,ASK
1444694295,1581.5,0.01,ASK
1444694296,1581.59,0.0286,BID
1444694297,1581.6,0.0286,BID
1444694297,1581.5,0.01,ASK
1444694341,1581.51,0.0286,ASK
1444694342,1581.5,0.0286,ASK
1444694343,1581.5,0.0758,ASK
1444694343,1581.5,0.3879,ASK
1444694343,1581.5,0.47,ASK
1444694343,1581.49,0.2463,ASK
1444694344,1581.49,0.1047,ASK
1444694344,1581.44,0.6393,ASK
1444694344,1581.44,0.1672,ASK
1444694344,1581.42,0.0452,ASK
1444694344,1581.39,0.06,ASK
1444694344,1581.35,0.1062,ASK
1444694344,1581.35,0.1382,ASK
1444694344,1581.24,0.1,ASK
1444694344,1581.18,0.4956,ASK
1444694344,1581.1,0.0676,ASK
1444694346,1581.1,0.1047,ASK
1444694349,1581.58,0.0272,BID
1444694355,1581.56,0.0117,BID
1444694355,1581.57,0.1412,BID
1444694359,1581.1,0.01,ASK
1444694361,1581.1,0.01,ASK
1444694369,1581.11,0.01,ASK
1444694371,1581.11,0.01,ASK
1444694376,1581.12,0.0387,ASK
1444694376,1581.11,0.0113,ASK
1444694392,1581.12,0.05,ASK
1444694399,1581.29,0.05,ASK
1444694400,1581.29,0.01,ASK
1444694403,1581.29,0.01,ASK
1444694415,1581.3,0.05,ASK
1444694431,1581.3,0.0314,ASK
1444694431,1581.29,0.0186,ASK
1444694432,1581.29,0.0314,ASK
1444694435,1581.12,0.0046,ASK
1444694435,1581.12,0.0117,ASK
1444694435,1581.11,0.0637,ASK
1444694441,1581.12,0.0043,ASK
1444694441,1581.11,0.0907,ASK
1444694443,1581.11,0.01,ASK
1444694446,1581.11,0.145,ASK
1444694449,1581.11,0.05,ASK
1444694449,1581.11,0.01,ASK
1444694450,1581.29,9.0,ASK
1444694450,1581.29,8.285,ASK
1444694451,1581.3,0.129,BID
1444694451,1581.44,0.855,BID
1444694451,1581.44,0.0131,BID
1444694451,1581.45,0.06,BID
1444694451,1581.46,0.0043,BID
1444694452,1581.5,0.01,ASK
1444694452,1581.5,0.5,ASK
1444694453,1581.5,0.2,ASK
1444694453,1581.5,0.2,ASK
1444694453,1581.5,0.129,ASK
1444694453,1581.5,0.62,ASK
1444694453,1581.5,0.4,ASK
1444694454,1581.5,0.5,ASK
1444694455,1581.5,0.01,ASK
1444694455,1581.5,0.0431,ASK
1444694455,1581.5,0.5,ASK
1444694455,1581.5,1.0,ASK
1444694455,1581.5,0.8063,ASK
1444694455,1581.5,3.101,ASK
1444694455,1581.5,0.01,ASK
1444694455,1581.5,0.459,ASK
1444694455,1581.5,0.6,ASK
1444694455,1581.5,0.4,ASK
1444694455,1581.5,0.592,ASK
1444694456,1581.5,1.0,ASK
1444694456,1581.5,3.101,ASK
1444694457,1581.5,1.0,ASK
1444694457,1581.5,0.459,ASK
1444694457,1581.5,0.099,ASK
1444694459,1581.31,0.129,ASK
1444694459,1581.31,0.06,ASK
1444694459,1581.12,0.0131,ASK
1444694459,1581.11,0.0369,ASK
1444694459,1581.12,5.837,ASK
1444694460,1581.11,0.01,ASK
1444694461,1581.21,0.2259,BID
1444694461,1581.12,16.387,BID
1444694462,1581.21,0.5851,BID
1444694463,1581.22,0.0473,ASK
1444694463,1581.22,0.4527,ASK
1444694464,1581.22,0.01,ASK
1444694464,1581.22,0.01,ASK
1444694473,1581.22,0.07,ASK
1444694473,1581.22,0.045,ASK
1444694474,1581.22,0.0447,ASK
1444694474,1581.11,0.115,ASK
1444694475,1581.11,0.0447,ASK
1444694475,1581.11,1.0,ASK
1444694477,1581.11,0.14,ASK
1444694477,1581.11,0.01,ASK
1444694477,1581.11,0.05,ASK
1444694478,1581.11,0.01,ASK
1444694478,1581.11,0.65,ASK
1444694479,1581.11,0.01,ASK
1444694479,1581.11,0.207,ASK
1444694479,1581.1,0.443,ASK
1444694480,1581.19,6.0,ASK
1444694480,1581.19,3.0,ASK
1444694480,1581.19,10.432,ASK
1444694480,1581.1,0.028,ASK
1444694482,1581.1,0.333,ASK
1444694483,1581.1,0.69,ASK
1444694485,1581.1,0.05,ASK
1444694486,1581.1,0.012,ASK
1444694488,1581.1,0.029,ASK
1444694490,1581.1,0.012,ASK
1444694492,1581.1,0.029,ASK
1444694492,1581.1,0.05,ASK
1444694493,1581.1,0.1306,ASK
1444694493,1581.1,0.001,ASK
1444694493,1581.08,0.006,ASK
1444694493,1581.08,0.0444,ASK
1444694495,1581.08,0.1316,ASK
1444694496,1581.08,0.227,ASK
1444694496,1581.08,0.189,ASK
1444694496,1581.08,0.189,ASK
1444694496,1581.08,0.05,ASK
1444694496,1581.08,0.189,ASK
1444694497,1581.08,0.49,ASK
1444694497,1581.08,0.011,ASK
1444694497,1581.08,0.189,ASK
1444694498,1581.08,0.5,ASK
1444694498,1581.08,0.5,ASK
1444694498,1581.08,0.498,ASK
1444694500,1581.08,0.902,ASK
1444694501,1581.08,0.35,ASK
1444694501,1581.08,0.045,ASK
1444694502,1581.08,0.024,ASK
1444694503,1581.08,0.01,ASK
1444694504,1581.08,0.0787,ASK
1444694504,1581.08,0.05,ASK
1444694505,1581.08,0.4,ASK
1444694506,1581.08,0.4,ASK
1444694507,1581.08,1.0,ASK
1444694507,1581.08,0.714,ASK
1444694509,1581.08,0.442,ASK
1444694516,1581.08,0.086,ASK
1444694517,1581.08,0.2376,ASK
1444694517,1581.08,0.026,ASK
1444694518,1581.08,0.2201,ASK
1444694520,1581.08,0.3242,ASK
1444694520,1581.08,0.11,ASK
1444694520,1581.08,0.05,ASK
1444694522,1581.08,0.01,ASK
1444694523,1581.08,0.0449,ASK
1444694524,1581.08,0.243,ASK
1444694524,1581.08,0.423,ASK
1444694524,1581.08,0.243,ASK
1444694524,1581.08,0.5,ASK
1444694524,1581.08,0.3892,ASK
1444694525,1580.93,0.19,ASK
1444694526,1580.78,0.013,ASK
1444694526,1580.77,0.1311,ASK
1444694526,1580.77,0.002,ASK
1444694526,1580.75,0.2779,ASK
1444694526,1580.74,0.014,ASK
1444694526,1580.65,0.0985,ASK
1444694526,1580.63,0.02,ASK
1444694526,1580.52,0.1935,ASK
1444694527,1580.52,0.1845,ASK
1444694527,1580.52,0.0055,ASK
1444694528,1580.77,0.011,ASK
1444694529,1580.52,0.013,ASK
1444694530,1580.52,0.29,ASK
1444694531,1580.52,0.073,ASK
1444694533,1580.52,0.103,ASK
1444694534,1580.52,0.1433,ASK
1444694534,1580.52,0.07,ASK
1444694536,1580.52,0.01,ASK
1444694537,1580.52,0.5062,ASK
1444694537,1580.52,0.0438,ASK
1444694537,1580.52,0.4732,ASK
1444694537,1580.51,0.0768,ASK
1444694538,1580.51,1.0,ASK
1444694540,1580.51,0.101,ASK
1444694549,1580.63,0.05,ASK
1444694549,1580.63,0.011,ASK
1444694550,1580.63,0.019,ASK
1444694550,1580.51,0.461,ASK
1444694550,1580.51,0.48,ASK
1444694551,1580.51,0.48,ASK
1444694551,1580.51,0.13,ASK
1444694551,1580.51,0.08,ASK
1444694552,1580.51,0.08,ASK
1444694553,1580.51,2.58,ASK
1444694553,1580.51,0.165,ASK
1444694554,1580.51,0.55,ASK
1444694555,1580.51,0.05,ASK
1444694555,1580.51,1.0,ASK
1444694555,1580.51,0.4623,ASK
1444694557,1580.51,0.245,ASK
1444694557,1580.51,0.532,ASK
1444694558,1580.51,1.0,ASK
1444694558,1580.51,0.11,ASK
1444694560,1580.51,0.05,ASK
1444694563,1580.82,0.01,BID
1444694563,1580.88,0.0556,BID
1444694563,1580.89,1.4349,BID
1444694563,1580.89,0.0465,BID
1444694563,1581.19,0.058,BID
1444694563,1581.21,0.1597,BID
1444694563,1581.21,0.1597,BID
1444694563,1581.44,0.6,BID
1444694563,1581.45,0.5,BID
1444694563,1581.49,0.5,BID
1444694563,1581.49,0.218,BID
1444694563,1581.5,0.2259,BID
1444694563,1581.51,0.0814,BID
1444694563,1581.53,0.0546,BID
1444694563,1581.56,0.3482,BID
1444694563,1581.58,0.3998,BID
1444694563,1581.6,0.3879,BID
1444694563,1581.61,0.0297,BID
1444694563,1581.61,0.5,BID
1444694563,1581.67,0.27,BID
1444694563,1581.67,0.05,BID
1444694563,1581.68,1.498,BID
1444694565,1580.52,0.01,ASK
1444694573,1580.54,0.01,ASK
1444694575,1580.55,0.01,ASK
1444694575,1580.55,0.0163,ASK
1444694575,1580.54,0.5,ASK
1444694575,1580.54,0.4837,ASK
1444694580,1580.56,0.0296,ASK
1444694580,1580.55,0.3234,ASK
1444694580,1580.55,0.146,ASK
1444694581,1580.56,0.02,ASK
1444694581,1580.55,0.0126,ASK
1444694582,1580.55,0.01,ASK
1444694582,1580.56,20.63,ASK
1444694585,1580.55,0.108,ASK
1444694585,1580.55,0.092,ASK
1444694586,1580.55,0.05,ASK
1444694586,1580.55,0.2502,ASK
1444694586,1580.53,0.2498,ASK
1444694586,1580.54,8.0,ASK
1444694586,1580.54,3.0,ASK
1444694586,1580.54,1.891,ASK
1444694588,1580.53,0.0349,ASK
1444694589,1580.53,0.1396,ASK
1444694589,1580.51,0.5,ASK
1444694589,1580.51,0.909,ASK
1444694589,1580.51,0.1745,ASK
1444694589,1580.53,0.0349,BID
1444694589,1580.54,0.01,ASK
1444694590,1580.54,0.9067,ASK
1444694590,1580.51,0.0933,ASK
1444694593,1580.51,0.608,ASK
1444694594,1580.51,0.2279,ASK
1444694594,1580.51,0.0479,ASK
1444694595,1580.51,0.2079,ASK
1444694596,1580.78,0.06,BID
1444694596,1580.78,0.0396,BID
1444694596,1580.79,0.875,BID
1444694596,1581.07,0.0886,BID
1444694596,1581.07,0.0423,BID
1444694596,1581.08,2.1115,BID
1444694597,1580.51,0.218,ASK
1444694598,1580.52,0.0396,ASK
1444694598,1580.52,0.0485,ASK
1444694598,1580.52,0.0886,ASK
1444694598,1580.51,0.8233,ASK
1444694599,1580.51,1.0,ASK
1444694600,1580.51,0.02,ASK
1444694603,1580.52,0.06,ASK
1444694603,1580.51,0.44,ASK
1444694605,1580.51,1.0,ASK
1444694606,1580.51,0.01,ASK
1444694607,1580.51,0.5,ASK
1444694607,1580.52,0.0131,ASK
1444694607,1580.51,0.4869,ASK
1444694608,1580.51,0.01,ASK
1444694612,1580.51,1.0,ASK
1444694612,1580.51,0.5,ASK
1444694612,1580.51,0.2,ASK
1444694613,1580.51,0.3003,ASK
1444694615,1580.51,0.24,ASK
1444694616,1580.51,0.01,ASK
1444694616,1580.51,0.04,ASK
1444694617,1580.51,0.01,ASK
1444694618,1580.51,0.01,ASK
1444694618,1580.51,1.0,ASK
1444694620,1580.51,0.01,ASK
1444694622,1580.51,0.01,ASK
1444694624,1580.51,0.01,ASK
1444694625,1580.51,0.01,ASK
1444694627,1580.51,0.01,ASK
1444694629,1580.51,0.01,ASK
1444694630,1580.51,0.05,ASK
1444694630,1580.51,0.5,ASK
1444694633,1580.51,1.0,ASK
1444694634,1580.51,0.5,ASK
1444694638,1580.51,0.5,ASK
1444694640,1580.51,1.0,ASK
1444694642,1580.51,0.3925,ASK
1444694644,1580.35,0.011,ASK
1444694644,1580.33,0.001,ASK
1444694644,1580.31,0.014,ASK
1444694644,1580.24,0.974,ASK
1444694644,1580.24,0.05,ASK
1444694649,1580.25,0.05,ASK
1444694652,1580.25,0.0842,ASK
1444694654,1580.24,0.1449,ASK
1444694654,1580.23,0.2071,ASK
1444694656,1580.23,0.05,ASK
1444694662,1580.24,0.0015,ASK
1444694662,1580.23,0.3505,ASK
1444694663,1580.23,0.05,ASK
1444694664,1580.23,0.352,ASK
1444694667,1580.24,0.05,ASK
1444694670,1580.24,0.0305,ASK
1444694671,1580.23,0.05,ASK
1444694675,1580.23,0.5,ASK
1444694675,1580.23,0.5,ASK
1444694676,1580.23,0.05,ASK
1444694677,1580.23,0.5,ASK
1444694679,1580.23,0.5,ASK
1444694681,1580.24,0.0039,ASK
1444694681,1580.23,0.0461,ASK
1444694687,1580.23,0.05,ASK
1444694692,1580.24,0.05,ASK
1444694694,1580.39,0.0187,BID
1444694694,1580.4,0.375,BID
1444694694,1580.41,0.0146,BID
1444694694,1580.42,0.289,BID
1444694694,1580.42,0.0039,BID
1444694694,1580.43,0.0122,BID
1444694694,1580.44,0.1437,BID
1444694694,1580.44,0.1,BID
1444694694,1580.45,0.0805,BID
1444694694,1580.46,0.0015,BID
1444694694,1580.46,0.1512,BID
1444694694,1580.47,0.4689,BID
1444694694,1580.49,0.1533,BID
1444694694,1580.49,0.1342,BID
1444694694,1580.58,0.0533,BID
1444694694,1580.58,1.18,BID
1444694703,1580.25,0.0162,ASK
1444694703,1580.24,0.0338,ASK
1444694706,1580.26,0.01,ASK
1444694708,1580.26,0.01,ASK
1444694714,1580.27,0.1105,ASK
1444694715,1580.27,0.1265,ASK
1444694715,1580.27,0.2718,ASK
1444694715,1580.26,0.1017,ASK
1444694717,1580.26,0.2066,ASK
1444694717,1580.26,0.1858,ASK
1444694717,1580.24,0.1076,ASK
1444694717,1580.24,0.05,ASK
1444694717,1580.24,0.1336,ASK
1444694717,1580.23,0.001,ASK
1444694717,1580.2,0.8654,ASK
1444694722,1580.2,0.05,ASK
1444694725,1580.2,0.5,ASK
1444694727,1580.2,0.4246,ASK
1444694727,1580.19,0.0754,ASK
1444694731,1580.19,0.5,ASK
1444694731,1580.19,0.08,ASK
1444694732,1580.19,0.5,ASK
1444694732,1580.19,0.5,ASK
1444694733,1580.19,1.0,ASK
1444694734,1580.19,0.05,ASK
1444694738,1580.19,0.01,ASK
1444694739,1580.19,0.5,ASK
1444694739,1580.19,1.0,ASK
1444694739,1580.19,0.01,ASK
1444694739,1580.19,0.05,ASK
1444694739,1580.19,0.2,ASK
1444694741,1580.19,0.01,ASK
1444694743,1580.19,0.5,ASK
1444694744,1580.19,0.2,ASK
1444694744,1580.19,0.5,ASK
1444694745,1580.19,0.5,ASK
1444694746,1580.19,0.01,ASK
1444694746,1580.19,1.0,ASK
1444694746,1580.19,0.09,ASK
1444694746,1580.19,0.371,ASK
1444694747,1580.19,0.33,ASK
1444694747,1580.19,0.5,ASK
1444694748,1580.19,0.01,ASK
1444694750,1580.19,0.05,ASK
1444694750,1580.19,0.2,ASK
1444694750,1580.19,0.5,ASK
1444694753,1580.19,1.0,ASK
1444694753,1580.19,0.5,ASK
1444694754,1580.19,0.2,ASK
1444694754,1580.19,0.756,ASK
1444694757,1580.19,0.5,ASK
1444694758,1580.19,0.374,ASK
1444694758,1580.19,0.05,ASK
1444694758,1580.19,0.2,ASK
1444694758,1580.19,0.01,ASK
1444694759,1580.19,0.374,ASK
1444694759,1580.19,0.475,ASK
1444694760,1580.19,1.0,ASK
1444694760,1580.19,0.5,ASK
1444694760,1580.19,0.01,ASK
1444694762,1580.19,0.01,ASK
1444694762,1580.19,0.2,ASK
1444694763,1580.19,0.5,ASK
1444694763,1580.19,0.265,ASK
1444694764,1580.26,9.0,ASK
1444694764,1580.26,7.247,ASK
1444694764,1580.19,1.0,ASK
1444694764,1580.19,0.05,ASK
1444694766,1580.19,0.18,ASK
1444694766,1580.19,0.374,ASK
1444694766,1580.19,0.5,ASK
1444694766,1580.27,0.0039,BID
1444694766,1580.36,2.0,ASK
1444694766,1580.36,4.0,ASK
1444694766,1580.36,1.469,ASK
1444694767,1580.28,0.0061,ASK
1444694767,1580.2,0.0039,ASK
1444694768,1580.2,0.1766,ASK
1444694768,1580.19,0.8234,ASK
1444694768,1580.19,5.89,ASK
1444694769,1580.19,0.01,ASK
1444694769,1580.19,0.5,ASK
1444694770,1580.2,0.0064,BID
1444694770,1580.21,0.05,ASK
1444694771,1580.21,0.0395,ASK
1444694771,1580.19,0.9605,ASK
1444694772,1580.19,0.6,ASK
1444694773,1580.19,0.5,ASK
1444694773,1580.19,0.9182,ASK
1444694773,1580.13,0.004,ASK
1444694773,1580.02,0.018,ASK
1444694773,1580.01,0.015,ASK
1444694773,1580.0,0.0448,ASK
1444694775,1580.2,0.3049,ASK
1444694775,1580.0,0.2552,ASK
1444694775,1580.0,0.3,ASK
1444694775,1580.0,0.3199,ASK
1444694779,1580.0,0.05,ASK
1444694781,1580.0,0.029,ASK
1444694784,1580.0,0.01,ASK
1444694785,1580.0,1.0,ASK
1444694785,1580.0,0.05,ASK
1444694788,1580.0,0.01,ASK
1444694788,1580.0,0.01,ASK
1444694790,1580.0,0.01,ASK
1444694791,1580.0,0.5,ASK
1444694791,1580.0,0.01,ASK
1444694792,1580.0,0.0011,ASK
1444694792,1580.0,0.9989,ASK
1444694793,1580.0,0.0011,ASK
1444694793,1580.0,0.9989,ASK
1444694793,1580.0,0.01,ASK
1444694794,1580.15,8.0,ASK
1444694794,1580.15,6.119,ASK
1444694794,1580.0,0.5,ASK
1444694794,1580.0,0.01,ASK
1444694795,1580.0,0.244,ASK
1444694796,1580.0,0.01,ASK
1444694799,1580.0,0.16,ASK
1444694800,1580.0,0.05,ASK
1444694801,1580.0,0.023,ASK
1444694803,1580.01,0.0526,ASK
1444694803,1580.0,1.9474,ASK
1444694805,1580.0,0.039,ASK
1444694805,1580.0,0.05,ASK
1444694805,1580.0,2.0,ASK
1444694806,1580.0,0.01,ASK
1444694806,1580.0,0.465,ASK
1444694807,1580.01,0.01,ASK
1444694807,1580.01,0.0664,ASK
1444694809,1580.01,0.0255,ASK
1444694809,1580.01,0.019,ASK
1444694810,1580.01,0.05,ASK
1444694811,1580.01,0.0204,ASK
1444694811,1580.01,0.1487,ASK
1444694811,1580.0,0.1845,ASK
1444694812,1580.0,0.014,ASK
1444694812,1580.0,0.01,ASK
1444694812,1580.0,1.0,ASK
1444694814,1580.0,0.5,ASK
1444694814,1580.0,1.0,ASK
1444694815,1580.0,0.05,ASK
1444694818,1580.0,0.5,ASK
1444694819,1580.1,0.004,ASK
1444694819,1580.1,0.0134,ASK
1444694820,1580.0,20.5645,ASK
1444694820,1580.0,1.0,ASK
1444694820,1580.0,0.05,ASK
1444694821,1580.0,0.5,ASK
1444694821,1580.0,1.0,ASK
1444694823,1580.0,0.5,ASK
1444694824,1580.0,0.0905,ASK
1444694824,1580.0,1.0,ASK
1444694825,1580.0,0.05,ASK
1444694827,1580.0,0.5,ASK
1444694828,1580.0,0.01,ASK
1444694830,1580.0,0.5,ASK
1444694831,1580.0,1.0,ASK
1444694835,1580.0,0.5,ASK
1444694836,1580.0,0.5,ASK
1444694837,1580.0,0.05,ASK
1444694838,1580.0,1.0,ASK
1444694838,1580.0,0.5,ASK
1444694841,1580.0,0.5,ASK
1444694841,1580.0,0.05,ASK
1444694842,1580.0,8.3478,ASK
1444694843,1580.0,0.273,ASK
1444694844,1580.0,0.5,ASK
1444694844,1580.0,1.0,ASK
1444694846,1580.0,0.05,ASK
1444694847,1580.08,15.0,ASK
1444694847,1580.08,0.949,ASK
1444694849,1580.0,0.5,ASK
1444694851,1580.09,0.0158,BID
1444694851,1580.1,0.3158,BID
1444694851,1580.1,0.0019,BID
1444694851,1580.1,0.0124,BID
1444694851,1580.11,0.235,BID
1444694851,1580.11,0.0117,BID
1444694851,1580.12,0.2344,BID
1444694851,1580.13,0.0526,BID
1444694851,1580.14,0.0027,BID
1444694851,1580.0,1.0,ASK
1444694852,1580.0,0.05,ASK
1444694852,1580.01,0.0124,ASK
1444694852,1580.0,0.9876,ASK
1444694854,1580.01,0.0158,ASK
1444694854,1580.01,0.0117,ASK
1444694854,1580.0,0.4725,ASK
1444694856,1580.0,0.252,ASK
1444694857,1580.01,0.05,ASK
1444694857,1580.01,0.3148,ASK
1444694857,1580.0,0.1852,ASK
1444694858,1580.0,0.325,ASK
1444694858,1580.0,1.0,ASK
1444694859,1580.0,0.19,ASK
1444694859,1580.0,1.0,ASK
1444694861,1580.01,0.0122,ASK
1444694861,1580.0,0.4878,ASK
1444694861,1580.0,0.05,ASK
1444694861,1580.0,0.01,ASK
1444694864,1580.0,0.2,ASK
1444694865,1580.0,0.5,ASK
1444694865,1580.0,0.0064,ASK
1444694866,1580.0,0.05,ASK
1444694866,1580.0,1.0,ASK
1444694868,1580.01,0.0389,ASK
1444694868,1580.0,0.9611,ASK
1444694868,1580.0,0.0354,ASK
1444694869,1580.02,0.0879,ASK
1444694869,1580.0,0.4121,ASK
1444694870,1580.0,0.05,ASK
1444694870,1580.0,0.01,ASK
1444694872,1580.0,0.5,ASK
1444694873,1580.0,0.0186,ASK
1444694873,1580.0,1.0,ASK
1444694874,1580.0,1.0,ASK
1444694877,1580.0,0.052,ASK
1444694878,1580.0,0.01,ASK
1444694880,1580.0,1.0,ASK
1444694880,1580.0,0.5,ASK
1444694881,1580.0,0.0015,ASK
1444694882,1580.0,1.0,ASK
1444694884,1580.0,0.5,ASK
1444694884,1580.0,1.0,ASK
1444694885,1580.0,1.0,ASK
1444694887,1580.0,0.01,ASK
1444694887,1580.0,0.5,ASK
1444694890,1580.0,0.05,ASK
1444694891,1580.0,1.0,ASK
1444694891,1580.0,0.5,ASK
1444694892,1580.0,1.0,ASK
1444694892,1580.0,0.01,ASK
1444694894,1580.0,0.01,ASK
1444694894,1580.0,0.5,ASK
1444694894,1580.0,42.9939,ASK
1444694898,1579.87,0.13,ASK
1444694898,1579.78,0.87,ASK
1444694898,1579.78,0.0529,ASK
1444694898,1579.78,0.015,ASK
1444694898,1579.73,0.05,ASK
1444694898,1579.68,0.015,ASK
1444694898,1579.66,0.05,ASK
1444694898,1579.65,0.017,ASK
1444694898,1579.64,0.013,ASK
1444694898,1579.62,0.015,ASK
1444694898,1579.62,0.016,ASK
1444694898,1579.58,0.23,ASK
1444694898,1579.57,0.019,ASK
1444694898,1579.47,0.0071,ASK
1444694901,1579.77,0.0351,ASK
1444694901,1579.47,0.0069,ASK
1444694902,1579.43,0.008,BID
1444694914,1579.48,0.01,ASK
1444694919,1579.48,0.01,ASK
1444694921,1579.48,0.05,ASK
1444694923,1579.48,0.0885,ASK
1444694923,1579.32,0.013,ASK
1444694923,1579.19,0.017,ASK
1444694923,1579.05,6.9,ASK
1444694923,1579.02,0.13,ASK
1444694923,1579.01,0.018,ASK
1444694923,1579.0,0.3,ASK
1444694923,1579.0,5.0,ASK
1444694923,1579.0,0.6174,ASK
1444694923,1579.0,0.6364,ASK
1444694923,1578.89,0.013,ASK
1444694923,1578.87,0.008,ASK
1444694923,1578.79,0.017,ASK
1444694923,1578.7,0.013,ASK
1444694923,1578.7,2.12,ASK
1444694923,1578.69,4.8855,ASK
1444694923,1578.69,7.6344,ASK
1444694923,1578.68,22.775,ASK
1444694923,1578.09,0.308,ASK
1444694923,1578.07,0.05,ASK
1444694923,1578.04,0.396,ASK
1444694923,1578.03,25.348,ASK
1444694923,1578.02,4.2074,ASK
1444694923,1578.01,0.1,ASK
1444694923,1578.0,0.3,ASK
1444694923,1578.0,0.95,ASK
1444694923,1578.0,9.7722,ASK
1444694933,1579.35,0.0198,BID
1444694933,1579.36,0.3862,BID
1444694933,1579.36,0.0098,BID
1444694935,1579.37,0.0198,ASK
1444694935,1579.37,0.05,ASK
1444694939,1579.37,0.05,ASK
1444694943,1579.37,0.2764,ASK
1444694943,1579.37,0.4,ASK
1444694943,1579.37,0.3236,ASK
1444694947,1579.37,0.05,ASK
1444694951,1579.37,0.0264,ASK
1444694955,1578.95,0.527,BID
1444694961,1578.98,0.0198,ASK
1444694961,1578.97,0.0302,ASK
1444694965,1579.14,0.01,ASK
1444694967,1579.14,0.168,ASK
1444694967,1579.14,0.119,ASK
1444694967,1579.14,0.05,ASK
1444694968,1579.14,0.009,ASK
1444694968,1579.14,0.148,ASK
1444694968,1579.14,0.148,ASK
1444694968,1579.14,0.178,ASK
1444694973,1578.96,0.05,ASK
1444694976,1578.96,0.01,ASK
1444694978,1578.96,0.05,ASK
1444694980,1578.96,0.01,ASK
1444694981,1578.96,0.148,ASK
1444694982,1578.96,0.12,ASK
1444694983,1578.96,0.12,ASK
1444694984,1578.96,0.0191,ASK
1444694984,1578.58,0.013,ASK
1444694984,1578.56,0.016,ASK
1444694997,1578.53,0.0028,ASK
1444694997,1578.34,0.014,ASK
1444694997,1578.31,0.013,ASK
1444695001,1578.23,0.015,ASK
1444695004,1578.06,0.055,BID
1444695004,1578.43,0.06,BID
1444695007,1578.94,0.0028,BID
1444695007,1578.95,0.12,BID
1444695007,1579.05,0.2027,ASK
1444695008,1579.05,0.11,ASK
1444695009,1579.05,0.527,ASK
1444695010,1579.05,0.5,ASK
1444695010,1579.05,0.01,ASK
1444695011,1579.05,0.5,ASK
1444695011,1579.05,2.172,ASK
1444695011,1579.05,1.0,ASK
1444695011,1579.05,0.762,ASK
1444695011,1579.06,24.187,ASK
1444695012,1579.05,0.01,ASK
1444695012,1579.05,0.0835,ASK
1444695013,1578.43,0.06,BID
1444695014,1578.43,0.8565,BID
1444695016,1578.45,0.0471,ASK
1444695017,1578.44,0.0595,ASK
1444695018,1578.65,8.94,ASK
1444695023,1578.25,0.01,ASK
1444695025,1578.25,0.007,ASK
1444695025,1578.15,0.017,ASK
1444695025,1578.03,0.026,ASK
1444695031,1578.26,0.01,ASK
1444695031,1578.03,0.0211,ASK
1444695031,1578.02,0.017,ASK
1444695031,1578.01,0.0019,ASK
1444695036,1578.01,0.0195,ASK
1444695036,1578.0,0.0305,ASK
1444695039,1578.0,0.01,ASK
1444695040,1578.0,0.01,ASK
1444695046,1578.01,0.05,ASK
1444695047,1578.01,0.1535,ASK
1444695047,1578.0,0.0495,ASK
1444695047,1578.0,0.203,ASK
1444695048,1578.0,0.203,ASK
1444695052,1578.0,0.15,ASK
1444695054,1578.01,0.01,BID
1444695054,1578.01,0.01,ASK
1444695056,1578.01,0.01,ASK
1444695058,1578.01,0.01,ASK
1444695058,1578.01,0.0324,ASK
1444695058,1578.0,0.6662,ASK
1444695059,1578.0,0.01,ASK
1444695059,1578.0,1.0,ASK
1444695060,1578.0,0.01,ASK
1444695062,1578.0,0.01,ASK
1444695062,1578.0,0.5,ASK
1444695063,1578.0,1.0,ASK
1444695065,1578.0,0.5,ASK
1444695069,1578.01,0.0474,ASK
1444695069,1578.0,0.4526,ASK
1444695072,1578.0,1.0,ASK
1444695072,1578.0,0.5,ASK
1444695076,1578.0,0.5,ASK
1444695076,1578.0,0.01,ASK
1444695077,1578.0,0.1076,ASK
1444695078,1578.0,0.01,ASK
1444695081,1578.0,0.01,ASK
1444695084,1578.0,0.05,ASK
1444695087,1578.0,0.01,ASK
1444695089,1578.0,0.05,ASK
1444695094,1578.0,0.05,ASK
1444695098,1578.0,0.05,ASK
1444695102,1578.0,0.01,ASK
1444695102,1578.39,0.06,BID
1444695102,1578.4,0.047,BID
1444695105,1578.01,0.0198,ASK
1444695105,1578.0,0.0302,ASK
1444695105,1578.0,0.011,ASK
1444695109,1578.0,0.01,ASK
1444695110,1578.4,0.0004,BID
1444695110,1578.61,0.0724,BID
1444695110,1578.63,0.1022,BID
1444695110,1578.0,0.01,ASK
1444695111,1578.0,0.05,ASK
1444695112,1578.0,0.01,ASK
1444695113,1578.62,0.01,ASK
1444695116,1578.62,0.0067,ASK
1444695117,1578.62,0.0403,ASK
1444695125,1578.0,0.05,ASK
1444695129,1578.01,0.05,ASK
1444695137,1578.0,0.05,ASK
1444695141,1578.0,0.05,ASK
1444695153,1578.4,0.4,BID
1444695153,1578.39,0.05,BID
1444695153,1578.4,0.42,BID
1444695153,1578.4,0.8,BID
1444695153,1578.4,0.3,BID
1444695160,1578.01,0.01,ASK
1444695160,1578.0,0.04,ASK
1444695198,1578.02,0.05,ASK
1444695208,1578.03,0.0043,ASK
1444695208,1578.02,0.1076,ASK
1444695208,1578.0,0.3881,ASK
1444695212,1578.0,1.0,ASK
1444695212,1578.0,0.5,ASK
1444695213,1578.0,0.05,ASK
1444695219,1578.0,0.08,ASK
1444695224,1578.0,1.0995,ASK
1444695226,1578.0,0.14,ASK
1444695227,1578.15,0.0198,BID
1444695227,1578.16,0.1851,BID
1444695227,1578.16,0.2113,BID
1444695227,1578.17,0.1838,BID
1444695231,1578.02,0.05,ASK
1444695233,1578.02,0.0824,ASK
1444695233,1578.01,0.0198,ASK
1444695233,1578.01,0.0178,ASK
1444695235,1578.14,0.0644,BID
1444695235,1578.16,0.0766,BID
1444695237,1578.15,0.0644,ASK
1444695238,1578.13,0.3695,BID
1444695240,1578.14,0.05,ASK
1444695240,1578.14,0.0204,ASK
1444695246,1578.14,0.05,ASK
1444695247,1578.16,0.0558,BID
1444695247,1578.17,0.0089,BID
1444695247,1578.18,0.0043,BID
1444695247,1578.18,0.0186,BID
1444695247,1578.19,0.3727,BID
1444695247,1578.2,0.0554,BID
1444695253,1578.17,0.05,ASK
1444695254,1578.18,0.0558,ASK
1444695257,1578.18,0.05,ASK
1444695258,1578.29,0.0139,BID
1444695258,1578.3,0.2775,BID
1444695262,1578.2,0.0161,ASK
1444695262,1578.19,0.0339,ASK
1444695263,1578.26,8.0,ASK
1444695263,1578.26,5.28,ASK
1444695264,1578.27,0.0161,BID
1444695264,1578.28,0.3214,BID
1444695264,1578.39,0.1849,BID
1444695264,1578.39,0.0477,BID
1444695264,1578.4,0.9544,BID
1444695264,1578.62,0.0067,BID
1444695264,1578.66,0.07,BID
1444695264,1578.72,0.5,BID
1444695264,1578.72,0.0915,BID
1444695264,1578.75,0.01,ASK
1444695264,1578.75,0.025,ASK
1444695265,1578.75,0.4985,ASK
1444695266,1578.7,6.319,BID
1444695266,1578.2,0.0253,ASK
1444695266,1578.19,0.0247,ASK
1444695268,1578.25,0.01,BID
1444695273,1578.21,0.0184,ASK
1444695273,1578.21,0.0229,ASK
1444695273,1578.2,0.4341,ASK
1444695273,1578.2,0.0241,ASK
1444695273,1578.19,0.2628,ASK
1444695273,1578.19,0.2017,ASK
1444695273,1578.18,0.036,ASK
1444695273,1578.19,0.0165,ASK
1444695273,1578.18,0.1035,ASK
1444695273,1578.2,0.5,ASK
1444695273,1578.21,11.0,ASK
1444695273,1578.21,1.0,ASK
1444695273,1578.21,1.979,ASK
1444695273,1578.49,4.0,ASK
1444695273,1578.49,13.002,ASK
1444695277,1578.22,0.06,ASK
1444695277,1578.21,0.2715,ASK
1444695277,1578.2,0.1,ASK
1444695277,1578.18,0.0685,ASK
1444695278,1578.18,0.06,ASK
1444695280,1578.18,0.0619,ASK
1444695280,1578.17,0.0058,ASK
1444695280,1578.15,0.0125,ASK
1444695280,1578.14,0.2491,ASK
1444695280,1578.13,0.0161,ASK
1444695280,1578.12,0.1546,ASK
1444695287,1578.28,0.05,BID
1444695296,1578.29,0.05,ASK
1444695296,1578.33,0.001,BID
1444695338,1578.14,0.05,ASK
1444695339,1578.14,0.0819,ASK
1444695339,1578.13,0.05,ASK
1444695340,1578.13,0.1319,ASK
1444695343,1578.13,0.0195,ASK
1444695343,1578.12,0.0305,ASK
1444695347,1578.12,0.05,ASK
1444695348,1578.12,0.0866,ASK
1444695353,1578.04,0.05,ASK
1444695358,1578.04,0.05,ASK
1444695366,1578.05,0.0174,BID
1444695368,1578.05,0.0826,ASK
1444695368,1578.04,0.4,ASK
1444695369,1578.03,0.05,ASK
1444695374,1578.03,0.0207,ASK
1444695374,1578.02,0.0204,ASK
1444695374,1578.02,0.0089,ASK
1444695375,1578.04,0.1696,BID
1444695375,1578.11,0.05,BID
1444695375,1578.21,0.0137,BID
1444695375,1578.22,0.2742,BID
1444695375,1578.22,0.0149,BID
1444695375,1578.22,0.0109,BID
1444695375,1578.23,0.2981,BID
1444695375,1578.23,0.2184,BID
1444695375,1578.24,0.06,BID
1444695375,1578.25,0.0779,BID
1444695375,1578.26,0.2021,BID
1444695375,1578.27,0.3909,BID
1444695375,1578.28,0.05,BID
1444695375,1578.32,0.0469,BID
1444695375,1578.47,0.2014,BID
1444695375,1578.49,0.4505,BID
1444695375,1578.49,0.1936,BID
1444695375,1578.02,0.0207,ASK
1444695380,1578.06,0.05,ASK
1444695385,1578.07,0.05,ASK
1444695389,1578.08,0.05,ASK
1444695395,1578.49,0.0779,BID
1444695395,1578.49,0.0221,ASK
1444695398,1578.48,0.075,BID
1444695398,1578.48,0.025,ASK
1444695440,1578.31,0.1582,ASK
1444695440,1578.29,0.0825,ASK
1444695440,1578.2,0.2096,ASK
1444695440,1578.19,0.0165,ASK
1444695440,1578.18,0.0332,ASK
1444695449,1578.45,0.05,BID
1444695450,1578.47,0.394,ASK
1444695450,1578.47,0.321,ASK
1444695451,1578.47,0.035,ASK
1444695452,1578.47,0.0128,ASK
1444695452,1578.47,0.025,ASK
1444695452,1578.47,0.03,ASK
1444695453,1578.47,0.5,ASK
1444695453,1578.47,0.3629,ASK
1444695454,1578.47,0.6,ASK
1444695454,1578.47,0.5,ASK
1444695456,1578.47,0.5,ASK
1444695456,1578.47,0.1727,ASK
1444695457,1578.47,0.05,ASK
1444695457,1578.47,0.23,ASK
1444695458,1578.47,0.2,ASK
1444695458,1578.47,0.2273,ASK
1444695459,1578.47,1.0,ASK
1444695459,1578.47,1.0,ASK
1444695460,1578.47,0.1815,ASK
1444695460,1578.47,0.5,ASK
1444695462,1578.47,0.0069,ASK
1444695462,1578.47,0.018,ASK
1444695464,1578.47,0.127,ASK
1444695464,1578.47,0.127,ASK
1444695464,1578.47,0.127,ASK
1444695464,1578.47,0.063,ASK
1444695465,1578.47,0.2,ASK
1444695465,1578.47,0.5,ASK
1444695466,1578.47,1.0,ASK
1444695467,1578.47,1.0,ASK
1444695468,1578.47,0.019,ASK
1444695468,1578.47,0.5,ASK
1444695469,1578.47,0.05,ASK
1444695469,1578.47,0.23,ASK
1444695470,1578.47,0.109,ASK
1444695470,1578.47,0.0108,ASK
1444695470,1578.47,0.109,ASK
1444695470,1578.64,3.0,ASK
1444695470,1578.64,3.421,ASK
1444695472,1578.47,0.235,ASK
1444695473,1578.47,0.905,ASK
1444695473,1578.47,0.5,ASK
1444695473,1578.48,0.142,ASK
1444695473,1578.47,0.122,ASK
1444695474,1578.47,1.0,ASK
1444695474,1578.47,0.01,ASK
1444695476,1578.48,0.0234,ASK
1444695476,1578.48,0.0148,ASK
1444695476,1578.47,0.3419,ASK
1444695476,1578.47,1.0,ASK
1444695477,1578.63,10.598,ASK
1444695477,1578.47,0.109,ASK
1444695478,1578.47,0.2,ASK
1444695478,1578.47,0.01,ASK
1444695480,1578.47,0.5,ASK
1444695480,1578.47,0.1,ASK
1444695480,1578.47,0.1,ASK
1444695480,1578.47,1.0,ASK
1444695480,1578.47,0.2,ASK
1444695481,1578.47,0.6,ASK
1444695481,1578.47,0.4,ASK
1444695481,1578.47,0.042,ASK
1444695482,1578.47,0.209,ASK
1444695482,1578.47,0.297,ASK
1444695482,1578.47,0.788,ASK
1444695482,1578.47,0.134,ASK
1444695482,1578.47,0.134,ASK
1444695483,1578.47,0.05,ASK
1444695483,1578.47,0.5,ASK
1444695483,1578.47,0.18,ASK
1444695484,1578.47,0.1,ASK
1444695484,1578.47,0.01,ASK
1444695484,1578.47,0.0018,ASK
1444695484,1578.47,1.0,ASK
1444695484,1578.47,0.205,ASK
1444695485,1578.47,0.309,ASK
1444695486,1578.47,0.5,ASK
1444695487,1578.47,0.1,ASK
1444695488,1578.47,1.647,ASK
1444695488,1578.47,0.17,ASK
1444695488,1578.47,0.0052,ASK
1444695488,1578.47,0.186,ASK
1444695489,1578.47,0.05,ASK
1444695489,1578.47,0.5,ASK
1444695490,1578.47,0.0013,ASK
1444695490,1578.47,1.0,ASK
1444695491,1578.47,0.2,ASK
1444695491,1578.47,1.0,ASK
1444695493,1578.47,3.9289,ASK
1444695494,1578.28,0.05,ASK
1444695495,1578.28,0.01,ASK
1444695498,1578.18,0.2962,ASK
1444695498,1578.11,0.05,ASK
1444695498,1578.1,0.4683,ASK
1444695498,1578.09,0.0971,ASK
1444695498,1578.08,0.0884,ASK
1444695499,1578.08,0.1562,ASK
1444695499,1578.06,0.1706,ASK
1444695499,1578.06,0.2347,ASK
1444695499,1578.05,0.1696,ASK
1444695499,1578.01,0.0466,ASK
1444695499,1578.0,0.2223,ASK
1444695499,1578.0,0.1868,ASK
1444695499,1578.0,0.3132,ASK
1444695503,1578.0,0.5,ASK
1444695506,1578.0,1.0,ASK
1444695507,1578.0,0.5,ASK
1444695515,1578.0,0.5,ASK
1444695519,1578.0,0.9868,ASK
1444695519,1578.0,0.0132,ASK
1444695524,1578.0,0.0868,ASK
1444695524,1577.87,0.12,ASK
1444695524,1577.84,0.008,ASK
1444695524,1577.83,0.01,ASK
1444695524,1577.77,0.5442,ASK
1444695527,1577.77,0.2249,ASK
1444695529,1577.76,0.0001,BID
1444695545,1577.93,0.0174,ASK
1444695545,1577.64,0.2875,ASK
1444695545,1577.63,0.05,ASK
1444695545,1577.53,0.002,ASK
1444695545,1577.47,0.015,ASK
1444695545,1577.39,0.016,ASK
1444695545,1577.33,0.013,ASK
1444695545,1577.21,0.019,ASK
1444695545,1577.11,0.013,ASK
1444695545,1577.06,0.015,ASK
1444695545,1577.01,0.0538,ASK
1444695554,1577.96,0.06,BID
1444695554,1577.97,0.0265,BID
1444695554,1577.97,0.0172,BID
1444695554,1577.98,0.1283,BID
1444695555,1577.98,0.104,BID
1444695559,1577.97,0.0191,BID
1444695559,1577.98,0.0552,BID
1444695559,1577.98,0.5,BID
1444695559,1577.98,0.0673,BID
1444695559,1577.98,0.0345,BID
1444695559,1577.99,1.4353,BID
1444695559,1577.99,0.6,BID
1444695559,1577.99,0.0321,BID
1444695559,1578.0,1.5603,BID
1444695591,1577.82,0.06,ASK
1444695593,1577.81,0.7,BID
1444695593,1577.81,0.8,BID
1444695593,1577.81,0.4,BID
1444695593,1577.81,2.58,BID
1444695593,1577.81,0.3,BID
1444695594,1577.81,0.16,BID
1444695602,1577.99,0.06,BID
1444695607,1578.01,0.06,ASK
1444695607,1578.0,0.06,ASK
1444695607,1578.0,0.06,ASK
1444695607,1577.84,0.5,ASK
1444695607,1577.83,1.4354,ASK
1444695607,1577.82,0.44,ASK
1444695607,1577.82,0.6338,ASK
1444695607,1577.82,0.6338,ASK
1444695607,1577.81,0.6,BID
1444695608,1577.81,0.5,BID
1444695608,1577.81,0.025,BID
1444695608,1577.81,0.052,BID
1444695622,1578.47,0.06,BID
1444695622,1578.48,0.0054,BID
1444695622,1578.65,0.1206,BID
1444695626,1578.48,0.01,ASK
1444695627,1578.48,0.05,ASK
1444695628,1578.48,0.06,ASK
1444695628,1577.98,0.01,BID
1444695628,1578.47,0.056,BID
1444695631,1578.47,0.004,BID
1444695631,1578.47,0.11,BID
1444695633,1578.48,0.05,ASK
1444695634,1578.48,0.064,ASK
1444695634,1578.48,0.114,ASK
1444695634,1578.43,0.3,ASK
1444695634,1577.84,0.0908,ASK
1444695634,1577.84,0.06,ASK
1444695634,1577.84,0.0289,ASK
1444695634,1577.83,5.0,ASK
1444695634,1577.82,0.577,ASK
1444695634,1577.81,0.1236,ASK
1444695636,1577.81,0.8,BID
1444695637,1577.81,0.54,BID
1444695637,1577.81,0.111,BID
1444695637,1577.81,0.1907,BID
1444695643,1578.47,0.11,BID
1444695644,1578.46,0.06,BID
1444695644,1578.47,0.004,BID
1444695646,1578.48,0.005,ASK
1444695646,1578.48,0.105,ASK
1444695651,1578.47,0.02,ASK
1444695652,1578.47,0.04,ASK
1444695652,1577.82,0.227,ASK
1444695652,1577.82,0.2629,ASK
1444695654,1578.46,0.06,BID
1444695654,1578.65,0.0656,BID
1444695654,1578.68,0.0324,BID
1444695659,1578.47,0.06,ASK
1444695659,1578.45,0.06,ASK
1444695659,1577.82,0.3709,ASK
1444695659,1577.81,0.0471,ASK
1444695661,1577.7,2.374,BID
1444695661,1577.7,0.122,BID
1444695662,1577.7,4.337,BID
1444695662,1577.7,3.0,BID
1444695662,1577.7,0.6338,BID
1444695663,1577.7,0.54,BID
1444695663,1577.7,2.0,BID
1444695663,1577.7,0.58,BID
1444695663,1577.69,0.1015,BID
1444695663,1577.7,0.5323,BID
1444695663,1577.7,3.0,BID
1444695664,1577.7,0.4302,BID
1444695665,1577.71,0.2036,ASK
1444695666,1577.69,0.865,BID
1444695667,1577.69,0.3,BID
1444695667,1577.69,0.0668,BID
1444695672,1577.84,0.01,BID
1444695685,1577.8,0.251,ASK
1444695687,1577.8,1.619,BID
1444695688,1577.8,0.01,BID
1444695688,1577.8,0.4,BID
1444695688,1577.79,0.5,BID
1444695688,1577.8,0.1338,BID
1444695689,1577.8,0.5704,BID
1444695689,1577.8,0.5,BID
1444695689,1577.8,0.6338,BID
1444695690,1577.8,0.0813,BID
1444695690,1577.79,0.1417,BID
1444695690,1577.79,0.025,BID
1444695690,1577.8,0.4037,BID
1444695691,1577.8,0.6338,BID
1444695692,1577.8,0.7,BID
1444695692,1577.8,0.6338,BID
1444695692,1577.8,0.0076,BID
1444695693,1577.79,0.6,BID
1444695693,1577.8,0.0338,BID
1444695694,1577.8,0.5704,BID
1444695694,1577.8,0.331,BID
1444695694,1577.8,0.6338,BID
1444695695,1577.8,0.0049,BID
1444695697,1577.8,0.6,BID
1444695697,1577.8,0.3,BID
1444695697,1577.8,0.0226,BID
1444695699,1577.8,0.1235,BID
1444695700,1577.8,0.6338,BID
1444695701,1577.8,0.6338,BID
1444695702,1577.8,0.6338,BID
1444695703,1577.8,0.6338,BID
1444695704,1577.8,0.6338,BID
1444695705,1577.8,0.4,BID
1444695705,1577.8,0.6,BID
1444695705,1577.8,0.8,BID
1444695705,1577.8,0.6338,BID
1444695705,1577.79,20.0,BID
1444695705,1577.79,2.537,BID
1444695706,1577.8,0.6,BID
1444695706,1577.8,0.6338,BID
1444695706,1577.8,0.4,BID
1444695707,1577.8,0.6338,BID
1444695708,1577.8,0.6338,BID
1444695709,1577.8,0.6338,BID
1444695710,1577.8,0.001,BID
1444695711,1577.8,0.6338,BID
1444695712,1577.8,0.6338,BID
1444695712,1577.8,0.0024,BID
1444695713,1577.8,0.6338,BID
1444695714,1577.8,0.6338,BID
1444695715,1577.8,0.6338,BID
1444695716,1577.8,0.6338,BID
1444695717,1577.8,0.6338,BID
1444695718,1577.8,0.4,BID
1444695718,1577.8,0.6338,BID
1444695719,1577.8,0.6338,BID
1444695720,1577.8,0.6338,BID
1444695721,1577.8,0.6338,BID
1444695722,1577.8,0.6338,BID
1444695722,1577.8,0.01,BID
1444695723,1577.8,0.5085,BID
1444695768,1578.44,0.05,BID
1444695768,1578.45,0.059,BID
1444695770,1578.45,0.0498,BID
1444695770,1578.46,0.0592,BID
1444695772,1578.46,0.0008,BID
1444695778,1578.5,0.019,BID
1444695814,1578.5,0.081,BID
1444695825,1578.47,0.01,ASK
1444695826,1578.47,0.01,ASK
1444695827,1578.47,0.01,ASK
1444695838,1578.5,0.015,BID
1444695838,1578.5,0.0129,BID
1444695838,1578.51,0.5574,BID
1444695838,1578.65,0.4061,BID
1444695838,1578.67,0.03,BID
1444695838,1578.68,0.1258,BID
1444695838,1578.69,0.0825,BID
1444695838,1578.7,0.0184,BID
1444695838,1578.75,0.0062,BID
1444695838,1579.0,0.3,BID
1444695838,1579.13,0.296,BID
1444695838,1579.14,0.02,BID
1444695838,1579.73,0.004,BID
1444695838,1579.74,0.05,BID
1444695838,1579.88,11.1381,BID
1444695840,1578.48,22.0,BID
1444695840,1578.48,13.0,BID
1444695840,1578.48,32.546,BID
1444695866,1579.29,0.0303,BID
1444695866,1579.3,2.4502,BID
1444695866,1579.6,0.135,BID
1444695866,1579.66,0.6377,BID
1444695886,1578.58,0.01,ASK
1444695886,1578.59,0.01,ASK
1444695912,1578.73,0.0037,BID
1444695915,1578.72,0.0021,BID
1444695917,1578.72,0.0021,ASK
1444695918,1578.72,0.0029,BID
1444695923,1578.72,0.0029,BID
1444695925,1578.73,0.01,BID
1444695950,1578.73,0.0037,BID
1444695973,1578.79,0.0227,ASK
1444695973,1578.78,0.3663,ASK
1444696019,1578.85,0.0477,ASK
1444696019,1578.84,0.06,ASK
1444696019,1578.83,0.3197,ASK
1444696019,1578.8,0.0986,ASK
1444696019,1578.78,0.0875,ASK
1444696019,1578.75,0.0478,ASK
1444696019,1578.71,0.0215,ASK
1444696019,1578.71,0.0163,ASK
1444696019,1578.7,0.327,ASK
1444696019,1578.68,0.055,ASK
1444696019,1578.56,0.1,ASK
1444696019,1578.51,0.0179,ASK
1444696019,1578.5,0.3072,ASK
1444696019,1578.5,0.05,ASK
1444696019,1578.46,0.8362,ASK
1444696019,1578.08,0.5926,ASK
1444696019,1578.06,0.5,ASK
1444696019,1578.01,2.4522,ASK
1444696019,1578.0,0.1,ASK
1444696019,1578.0,0.3,ASK
1444696019,1577.8,1.0751,ASK
1444696034,1578.99,0.01,BID
1444696038,1578.98,0.01,BID
1444696039,1578.97,0.01,BID
1444696041,1578.97,0.01,BID
1444696042,1578.97,0.01,BID
1444696045,1578.96,0.01,BID
1444696046,1578.96,0.4319,BID
1444696046,1578.96,0.049,BID
1444696046,1578.97,0.0191,BID
1444696069,1578.97,0.01,BID
1444696076,1578.96,0.01,BID
1444696084,1578.93,0.01,ASK
1444696086,1578.95,0.01,BID
1444696088,1578.95,0.0048,BID
1444696090,1578.95,0.0085,BID
1444696103,1578.93,0.0074,ASK
1444696103,1578.83,0.0226,ASK
1444696116,1578.83,0.02,ASK
1444696125,1578.83,0.01,ASK
1444696142,1578.84,0.0098,ASK
1444696142,1578.84,0.017,ASK
1444696142,1578.83,0.1418,ASK
1444696142,1578.83,0.1794,ASK
1444696168,1578.83,0.0179,ASK
1444696179,1578.69,0.01,ASK
1444696185,1578.69,0.01,ASK
1444696187,1578.69,0.01,ASK
1444696199,1578.7,0.01,ASK
1444696248,1578.75,0.056,BID
1444696248,1578.78,0.0264,BID
1444696248,1578.79,0.3516,BID
1444696249,1578.79,0.158,BID
1444696256,1578.79,0.01,BID
1444696275,1578.79,0.0767,BID
1444696275,1578.79,0.0227,BID
1444696275,1578.79,0.0166,BID
1444696276,1578.79,0.0003,BID
1444696276,1578.8,0.0642,BID
1444696276,1578.8,0.0618,BID
1444696280,1578.76,0.01,ASK
1444696294,1578.8,0.212,BID
1444696295,1578.76,0.01,ASK
1444696295,1578.81,0.1752,BID
1444696295,1578.81,0.0368,BID
1444696296,1578.76,0.01,ASK
1444696304,1578.76,0.01,ASK
1444696313,1578.76,0.016,ASK
1444696313,1578.72,0.014,ASK
1444696325,1578.81,0.01,BID
1444696327,1578.81,0.01,BID
1444696339,1578.75,0.01,BID
1444696360,1578.72,0.068,ASK
1444696360,1578.7,0.1652,ASK
1444696360,1578.7,0.045,ASK
1444696360,1578.69,0.02,ASK
1444696360,1578.67,0.5503,ASK
1444696360,1578.65,0.06,ASK
1444696362,1578.6,0.3,BID
1444696362,1578.6,0.4,BID
1444696362,1578.6,0.6,BID
1444696365,1578.6,0.8,BID
1444696367,1578.6,0.6335,BID
1444696368,1578.6,0.6335,BID
1444696371,1578.6,0.6335,BID
1444696372,1578.6,0.6335,BID
1444696373,1578.59,0.4334,BID
1444696373,1578.6,0.2001,BID
1444696374,1578.6,0.6335,BID
1444696380,1578.57,0.01,ASK
1444696380,1578.56,0.01,ASK
1444696387,1578.53,0.03,BID
1444696387,1578.59,0.117,BID
1444696387,1578.6,0.253,BID
1444696387,1578.6,0.6,BID
1444696388,1578.54,0.03,ASK
1444696390,1578.52,0.03,BID
1444696391,1578.52,0.1247,BID
1444696392,1578.59,0.1547,BID
1444696394,1578.53,0.0303,ASK
1444696394,1578.53,0.137,ASK
1444696394,1578.53,0.155,ASK
1444696394,1578.53,0.1547,ASK
1444696394,1578.53,0.155,ASK
1444696394,1578.53,0.137,ASK
1444696394,1578.53,0.1547,ASK
1444696394,1578.41,0.1847,ASK
1444696394,1578.4,0.21,ASK
1444696394,1578.34,0.1317,ASK
1444696394,1578.34,0.1275,ASK
1444696396,1578.4,0.03,BID
1444696399,1578.52,0.137,BID
1444696400,1578.51,0.1935,BID
1444696400,1578.52,0.4125,BID
1444696401,1578.52,0.0565,BID
1444696403,1578.53,0.3644,ASK
1444696404,1578.53,0.1851,ASK
1444696410,1578.52,0.01,BID
1444696412,1578.52,0.01,BID
1444696414,1578.41,0.0211,ASK
1444696414,1578.4,0.0396,ASK
1444696414,1578.39,0.13,ASK
1444696414,1578.34,0.0146,ASK
1444696414,1578.32,0.05,ASK
1444696414,1578.3,0.049,ASK
1444696414,1578.52,0.3444,BID
1444696414,1578.52,0.4556,BID
1444696415,1578.52,0.0939,BID
1444696416,1578.53,0.0211,ASK
1444696417,1578.53,0.185,ASK
1444696417,1578.53,0.0703,ASK
1444696418,1578.6,0.398,BID
1444696418,1578.53,0.0236,ASK
1444696419,1578.52,0.1825,BID
1444696419,1578.53,0.2789,BID
1444696419,1578.6,0.1721,BID
1444696420,1578.6,0.6335,BID
1444696427,1578.59,0.06,BID
1444696427,1578.6,0.267,BID
1444696428,1578.6,0.1,BID
1444696428,1578.6,0.1,BID
1444696429,1578.6,0.1,BID
1444696430,1578.6,0.451,BID
1444696431,1578.6,0.102,BID
1444696431,1578.6,0.468,BID
1444696431,1578.6,0.102,BID
1444696432,1578.6,0.0251,BID
1444696433,1578.6,0.102,BID
1444696433,1578.6,0.01,BID
1444696434,1578.6,0.1814,BID
1444696434,1578.6,0.1563,BID
1444696435,1578.6,0.444,BID
1444696435,1578.6,0.0359,BID
1444696436,1578.6,0.6335,BID
1444696437,1578.59,0.014,BID
1444696439,1578.59,0.0672,BID
1444696440,1578.6,0.0327,BID
1444696440,1578.6,0.0812,BID
1444696441,1578.6,0.5,BID
1444696443,1578.6,0.01,BID
1444696444,1578.6,0.0317,BID
1444696445,1578.6,0.3,BID
1444696445,1578.6,0.605,BID
1444696446,1578.6,1.0,BID
1444696448,1578.6,0.0327,BID
1444696451,1578.6,0.0549,BID
1444696456,1578.53,0.3309,BID
1444696458,1578.53,0.4,BID
1444696458,1578.53,0.6,BID
1444696458,1578.53,0.4,BID
1444696460,1578.53,0.1,BID
1444696460,1578.53,0.2,BID
1444696461,1578.53,0.103,BID
1444696464,1578.53,0.4,BID
1444696466,1578.53,0.474,BID
1444696469,1578.52,0.0917,BID
1444696469,1578.53,0.9083,BID
1444696470,1578.53,0.0917,BID
1444696472,1578.53,0.0359,BID
1444696474,1578.53,0.0777,BID
1444696474,1578.53,0.3,BID
1444696479,1578.53,0.137,BID
1444696486,1578.52,0.137,BID
1444696486,1578.52,0.0327,BID
1444696488,1578.51,4.0,BID
1444696488,1578.51,8.0,BID
1444696488,1578.51,3.771,BID
1444696488,1578.52,0.1,BID
1444696488,1578.52,0.0376,BID
1444696488,1578.53,0.0624,BID
1444696488,1578.53,0.4,BID
1444696490,1578.59,0.022,BID
1444696490,1578.59,0.0107,BID
1444696492,1578.59,0.0223,BID
1444696492,1578.6,0.1147,BID
1444696493,1578.6,0.0223,BID
1444696494,1578.6,0.137,BID
1444696497,1578.6,0.6429,BID
1444696499,1578.46,0.0264,ASK
1444696499,1578.44,0.0161,ASK
1444696499,1578.43,0.0575,ASK
1444696500,1578.6,0.137,BID
1444696501,1578.59,0.137,BID
1444696504,1578.59,0.01,BID
1444696506,1578.58,0.01,BID
1444696508,1578.58,0.0061,BID
1444696508,1578.58,0.0039,BID
1444696509,1578.58,0.01,BID
1444696512,1578.58,0.01,BID
1444696512,1578.45,0.0474,ASK
1444696512,1578.44,0.0132,ASK
1444696512,1578.43,0.0694,ASK
1444696513,1578.44,0.01,BID
1444696514,1578.44,0.0374,BID
1444696535,1578.53,0.2719,BID
1444696539,1578.52,0.0531,ASK
1444696539,1578.45,0.0065,ASK
1444696539,1578.45,0.042,ASK
1444696539,1578.43,0.1952,ASK
1444696539,1578.42,0.0917,ASK
1444696539,1578.41,0.0005,ASK
1444696543,1578.51,0.01,BID
1444696544,1578.51,0.0431,BID
1444696544,1578.51,0.1837,BID
1444696544,1578.51,0.02,BID
1444696544,1578.52,0.3532,BID
1444696544,1578.52,0.4,BID
1444696545,1578.5,0.01,BID
1444696547,1578.5,0.0013,BID
1444696547,1578.52,0.0087,BID
1444696549,1578.41,0.0215,ASK
1444696549,1578.41,0.0785,ASK
1444696549,1578.52,0.3,BID
1444696550,1578.52,0.4,BID
1444696550,1578.41,0.0028,ASK
1444696551,1578.4,0.1,BID
1444696551,1578.52,0.0005,BID
1444696551,1578.52,0.01,BID
1444696569,1578.51,0.01,BID
1444696570,1578.51,0.0529,BID
1444696571,1578.52,0.0629,BID
1444696574,1578.52,0.01,BID
1444696574,1578.52,0.01,BID
1444696580,1578.52,0.147,BID
1444696610,1578.51,0.0471,ASK
1444696610,1578.42,0.0629,ASK
1444696610,1578.4,0.066,ASK
1444696612,1578.5,0.01,BID
1444696614,1578.41,0.001,BID
1444696614,1578.5,0.009,BID
1444696629,1578.39,0.244,ASK
1444696629,1578.38,0.081,ASK
1444696630,1578.38,0.0002,ASK
1444696631,1578.36,0.01,BID
1444696633,1578.32,0.17,ASK
1444696633,1578.29,0.029,ASK
1444696633,1578.29,0.031,ASK
1444696638,1578.28,0.01,BID
1444696666,1578.28,0.189,BID
1444696666,1578.31,0.17,BID
1444696667,1578.38,0.001,BID
1444696668,1578.38,0.01,BID
1444696669,1578.38,0.01,BID
1444696670,1578.29,0.0591,ASK
1444696670,1578.21,0.2541,ASK
1444696671,1578.21,0.01,BID
1444696672,1578.21,0.223,BID
1444696675,1578.21,0.199,BID
1444696675,1578.21,0.051,BID
1444696676,1578.21,0.199,BID
1444696680,1578.21,0.199,BID
1444696681,1578.21,0.191,BID
1444696683,1578.21,0.199,BID
1444696685,1578.21,0.1,BID
1444696686,1578.21,0.116,BID
1444696687,1578.21,0.0777,BID
1444696687,1578.21,0.23,BID
1444696687,1578.21,0.23,BID
1444696689,1578.21,0.01,BID
1444696690,1578.21,0.01,BID
1444696692,1578.21,0.6,BID
1444696697,1578.21,0.1469,BID
1444696702,1578.21,0.4,BID
1444696704,1578.21,0.5155,BID
1444696705,1578.28,0.0591,BID
1444696705,1578.38,0.2228,BID
1444696705,1578.39,0.06,BID
1444696705,1578.41,0.001,BID
1444696713,1578.48,0.0571,BID
1444696714,1578.48,0.0089,BID
1444696714,1578.49,0.0571,BID
1444696742,1578.28,0.0211,ASK
1444696742,1578.27,0.06,ASK
1444696746,1578.24,0.0589,BID
1444696753,1578.25,0.03,ASK
1444696754,1578.27,0.0264,ASK
1444696754,1578.25,0.0289,ASK
1444696757,1578.24,0.0036,BID
1444696757,1578.24,0.0589,BID
1444696758,1578.4,0.06,BID
1444696758,1578.45,0.0025,BID
1444696768,1578.35,0.0589,BID
1444696768,1578.35,0.01,BID
1444696769,1578.35,0.0364,BID
1444696773,1578.36,0.0689,ASK
1444696773,1578.36,0.1051,ASK
1444696773,1578.36,0.0002,ASK
1444696779,1578.25,0.0625,ASK
1444696779,1578.25,0.0595,ASK
1444696779,1578.35,0.0689,BID
1444696780,1578.44,7.0,ASK
1444696780,1578.44,1.0,ASK
1444696780,1578.44,3.48,ASK
1444696784,1578.36,0.0625,ASK
1444696785,1578.45,0.01,BID
1444696787,1578.35,0.01,BID
1444696787,1578.35,0.123,BID
1444696787,1578.35,0.0411,BID
1444696787,1578.35,0.174,BID
1444696787,1578.45,0.007,BID
1444696787,1578.46,0.126,BID
1444696789,1578.45,0.0125,BID
1444696789,1578.46,0.2632,BID
1444696789,1578.47,0.0724,BID
1444696792,1578.47,0.01,BID
1444696792,1578.46,0.01,BID
1444696793,1578.36,0.0276,ASK
1444696793,1578.34,0.01,BID
1444696795,1578.34,0.255,BID
1444696795,1578.34,0.006,BID
1444696796,1578.34,0.0514,BID
1444696796,1578.35,0.0276,BID
1444696796,1578.46,0.0176,BID
1444696796,1578.47,0.0335,BID
1444696801,1578.46,0.01,BID
1444696802,1578.46,0.1575,BID
1444696802,1578.47,0.0975,BID
1444696807,1578.44,0.23,BID
1444696826,1578.36,0.1675,ASK
1444696826,1578.36,0.0156,ASK
1444696826,1578.35,0.3119,ASK
1444696826,1578.35,0.0005,ASK
1444696830,1578.31,0.0068,BID
1444696830,1578.34,0.4,BID
1444696830,1578.34,0.4,BID
1444696830,1578.35,0.0002,BID
1444696832,1578.35,0.1829,BID
1444696832,1578.38,0.0174,BID
1444696832,1578.47,0.0086,BID
1444696832,1578.48,0.0067,BID
1444696846,1578.46,0.008,BID
1444696850,1578.46,0.052,BID
1444696850,1578.48,0.0144,BID
1444696850,1578.48,0.0178,BID
1444696850,1578.49,0.1869,BID
1444696850,1578.49,0.0183,BID
1444696850,1578.5,0.0281,BID
1444696850,1578.5,0.2025,BID
1444696858,1578.51,0.01,BID
1444696860,1578.47,0.052,ASK
1444696860,1578.37,0.0131,ASK
1444696860,1578.36,0.2625,ASK
1444696860,1578.36,0.0224,ASK
1444696865,1578.45,0.052,BID
1444696865,1578.45,0.01,BID
1444696867,1578.45,0.106,BID
1444696867,1578.46,0.052,BID
1444696869,1578.49,0.0131,BID
1444696869,1578.5,0.2969,BID
1444696876,1578.5,1.18,BID
1444696877,1578.46,0.106,ASK
1444696877,1578.46,3.4359,ASK
1444696877,1578.37,0.168,ASK
1444696877,1578.36,0.0363,ASK
1444696877,1578.3,0.06,ASK
1444696877,1578.28,0.024,ASK
1444696877,1578.26,0.0178,ASK
1444696877,1578.2,0.084,ASK
1444696877,1578.19,0.1578,ASK
1444696877,1578.17,0.01,ASK
1444696877,1578.09,0.017,ASK
1444696877,1578.08,0.3397,ASK
1444696877,1578.02,0.0147,ASK
1444696877,1578.01,0.2944,ASK
1444696877,1578.0,0.1088,ASK
1444696877,1577.92,0.03,ASK
1444696877,1577.91,0.3728,ASK
1444696878,1578.49,8.0,ASK
1444696878,1578.49,15.225,ASK
1444696882,1578.44,0.03,BID
1444696882,1578.45,0.496,BID
1444696889,1578.45,0.0327,BID
1444696894,1578.07,0.5274,ASK
1444696894,1578.06,0.1384,ASK
1444696894,1577.92,0.1165,ASK
1444696894,1577.91,0.2272,ASK
1444696894,1577.91,0.025,ASK
1444696894,1577.9,0.5,ASK
1444696894,1577.81,0.0536,ASK
1444696894,1577.8,0.6119,ASK
1444696895,1578.44,0.06,BID
1444696895,1578.44,0.1165,BID
1444696895,1578.45,0.1213,BID
1444696896,1578.48,0.0147,BID
1444696896,1578.49,0.1618,BID
1444696900,1578.47,0.0495,BID
1444696901,1578.48,0.0126,BID
1444696901,1578.49,0.0369,BID
1444696902,1578.48,0.4779,ASK
1444696902,1578.48,0.0124,ASK
1444696906,1578.48,0.0371,ASK
1444696911,1578.47,0.0371,BID
1444696911,1578.48,0.017,BID
1444696911,1578.49,0.2439,BID
1444696912,1578.49,0.092,BID
1444696912,1578.49,0.206,BID
1444696915,1578.48,0.01,BID
1444696918,1578.48,0.1,BID
1444696919,1578.48,0.0235,BID
1444696919,1578.49,0.1,BID
1444696920,1578.49,0.1235,BID
1444696923,1578.47,0.01,BID
1444696927,1578.47,0.4408,BID
1444696927,1578.47,0.0644,BID
1444696927,1578.48,0.4452,BID
1444696927,1578.49,0.0496,BID
1444696927,1578.48,0.121,ASK
1444696927,1578.48,0.121,ASK
1444696927,1578.48,0.121,ASK
1444696927,1578.33,0.2142,ASK
1444696927,1578.31,0.0644,ASK
1444696927,1578.3,0.1335,ASK
1444696927,1578.27,0.06,ASK
1444696927,1578.0,0.12,ASK
1444696927,1578.0,0.5275,BID
1444696929,1577.99,17.216,ASK
1444696929,1578.0,0.04,BID
1444696929,1578.0,0.2762,BID
1444696929,1578.0,0.378,BID
1444696929,1578.0,1.0,BID
1444696929,1578.0,0.145,BID
1444696930,1578.0,0.2,BID
1444696930,1578.0,0.5,BID
1444696930,1578.0,0.5,BID
1444696930,1578.0,0.5,BID
1444696930,1578.0,0.2,BID
1444696930,1578.0,1.0,BID
1444696930,1578.0,0.7842,BID
1444696930,1578.49,0.0209,BID
1444696930,1578.51,1.1949,BID
1444696931,1578.27,0.05,ASK
1444696931,1578.04,0.2,ASK
1444696931,1578.01,0.1149,ASK
1444696931,1578.5,0.1088,BID
1444696931,1578.51,0.2562,BID
1444696932,1578.5,2.0,BID
1444696932,1578.5,13.67,BID
1444696932,1578.27,0.06,ASK
1444696936,1578.51,0.121,BID
1444696939,1578.5,0.1832,BID
1444696939,1578.51,0.1737,BID
1444696939,1578.51,1.785,BID
1444696939,1578.51,0.1622,BID
1444696950,1578.48,0.5275,BID
1444696950,1578.5,0.35,ASK
1444696951,1578.5,9.1225,ASK
1444696965,1578.43,0.09,BID
1444696966,1578.43,0.0874,BID
1444696966,1578.45,0.0147,BID
1444696966,1578.48,0.0753,BID
1444696967,1578.48,0.041,BID
1444696967,1578.48,0.2,BID
1444696967,1578.48,0.1006,BID
1444696967,1578.5,0.0994,BID
1444696968,1578.5,1.18,BID
1444696968,1578.5,0.01,BID
1444696973,1578.5,0.01,BID
1444696974,1578.5,0.063,BID
1444696975,1578.5,0.01,BID
1444696977,1578.5,0.285,BID
1444696977,1578.5,0.0327,BID
1444696977,1578.5,0.177,BID
1444696977,1578.49,18.0,BID
1444696977,1578.49,2.652,BID
1444696987,1578.5,0.5,BID
1444696988,1578.5,3.713,BID
1444696988,1578.5,0.0872,BID
1444696996,1578.5,0.01,BID
1444696998,1578.5,1.0,BID
1444696998,1578.5,1.0,BID
1444696998,1578.5,0.5,BID
1444697006,1578.5,1.0,BID
1444697007,1578.5,1.0,BID
1444697008,1578.5,0.23,BID
1444697016,1578.5,1.18,BID
1444697021,1578.51,0.081,BID
1444697031,1578.5,0.063,BID
1444697031,1578.51,0.018,BID
1444697036,1578.51,0.115,BID
1444697036,1578.51,0.115,BID
1444697038,1578.51,0.115,BID
1444697047,1578.51,0.1124,BID
1444697051,1578.51,0.0658,BID
1444697051,1578.51,0.118,BID
1444697051,1578.51,0.118,BID
1444697052,1578.51,0.1,BID
1444697053,1578.51,0.118,BID
1444697053,1578.51,0.01,BID
1444697053,1578.51,1.0,BID
1444697055,1578.43,0.0017,ASK
1444697055,1578.51,0.01,BID
1444697056,1578.51,0.2871,BID
1444697057,1578.51,0.0572,BID
1444697060,1578.51,0.0522,BID
1444697068,1578.51,0.136,BID
1444697070,1578.51,0.136,BID
1444697071,1578.51,0.16,BID
1444697071,1578.51,0.0327,BID
1444697073,1578.51,0.0359,BID
1444697074,1578.51,0.0812,BID
1444697074,1578.51,0.01,BID
1444697076,1578.51,1.0,BID
1444697077,1578.51,0.135,BID
1444697077,1578.51,0.4622,BID
1444697078,1578.51,0.01,BID
1444697081,1578.43,0.0294,ASK
1444697081,1578.42,0.3206,ASK
1444697082,1578.42,0.0294,ASK
1444697085,1578.49,0.01,BID
1444697092,1578.49,0.0211,BID
1444697092,1578.5,0.0789,BID
1444697093,1578.5,0.0311,BID
1444697096,1578.5,0.01,BID
1444697103,1578.5,6.3366,BID
1444697104,1578.5,0.0075,BID
1444697105,1578.5,0.01,BID
1444697107,1578.5,0.01,BID
1444697111,1578.5,0.16,BID
1444697112,1578.5,0.0236,BID
1444697114,1578.5,0.01,BID
1444697118,1578.5,0.0309,BID
1444697119,1578.5,0.03,BID
1444697120,1578.5,0.01,BID
1444697126,1578.5,0.9,BID
