timestamp,price,amount,side
1443052673,1495.0,0.411,ASK
1443052673,1495.0,0.013,ASK
1443052673,1495.0,0.322,ASK
1443052681,1494.51,0.105,ASK
1443052696,1494.62,0.026,ASK
1443052697,1494.62,0.022,ASK
1443052698,1494.52,0.017,ASK
1443052700,1494.52,0.016,ASK
1443052701,1494.32,0.001,ASK
1443052701,1494.31,0.01,ASK
1443052719,1494.51,0.0158,ASK
1443052725,1494.7,0.011,ASK
1443052727,1494.6,0.02,ASK
1443052741,1494.76,0.005,BID
1443052741,1494.95,0.001,BID
1443052741,1494.97,0.002,BID
1443052741,1495.05,0.002,BID
1443052747,1495.05,0.14,BID
1443052747,1495.05,0.142,BID
1443052750,1494.5,0.043,ASK
1443052757,1494.6,0.01,BID
1443052767,1494.52,0.001,ASK
1443052767,1494.41,0.009,ASK
1443052773,1494.41,0.0259,ASK
1443052773,1494.41,0.015,ASK
1443052773,1494.41,0.0158,ASK
1443052773,1494.4,0.001,ASK
1443052774,1494.4,0.0567,ASK
1443052775,1494.4,0.388,ASK
1443052777,1494.4,0.5,ASK
1443052778,1494.4,0.5,ASK
1443052779,1494.4,0.078,ASK
1443052780,1494.4,0.388,ASK
1443052781,1494.4,1.0,ASK
1443052786,1494.59,0.01,BID
1443052796,1494.59,0.0445,BID
1443052796,1494.59,0.095,BID
1443052796,1494.6,1.0605,BID
1443052813,1494.22,0.002,ASK
1443052813,1494.21,0.0446,ASK
1443052813,1494.1,1.1334,ASK
1443052817,1494.4,0.01,BID
1443052818,1494.21,0.05,ASK
1443052820,1494.21,0.045,ASK
1443052843,1494.39,0.0937,BID
1443052843,1494.39,0.05,BID
1443052843,1494.39,0.0591,BID
1443052843,1494.39,0.0338,BID
1443052843,1494.4,0.2634,BID
1443052844,1494.4,0.2366,BID
1443052845,1494.4,0.5,BID
1443052846,1494.4,0.6692,BID
1443052847,1494.21,0.0691,ASK
1443052847,1494.21,0.0937,ASK
1443052847,1494.21,0.0338,ASK
1443052847,1494.2,0.9834,ASK
1443052847,1494.2,2.0,ASK
1443052847,1494.4,0.01,BID
1443052847,1494.4,0.6692,BID
1443052847,1494.4,0.5,BID
1443052850,1494.2,0.1966,BID
1443052850,1494.39,0.0937,BID
1443052850,1494.39,0.0691,BID
1443052850,1494.39,0.0338,BID
1443052850,1494.4,0.1068,BID
1443052852,1494.4,0.5,BID
1443052853,1494.4,0.6692,BID
1443052854,1494.4,0.6692,BID
1443052856,1494.4,0.6692,BID
1443052857,1494.4,0.6692,BID
1443052858,1494.4,0.6692,BID
1443052859,1494.4,0.6692,BID
1443052860,1494.4,1.2,BID
1443052860,1494.4,0.6692,BID
1443052861,1494.4,0.6692,BID
1443052862,1494.4,0.6692,BID
1443052863,1494.4,0.6692,BID
1443052864,1494.4,0.5,BID
1443052864,1494.4,0.6692,BID
1443052865,1494.39,0.045,BID
1443052865,1494.4,0.6242,BID
1443052866,1494.4,0.5,BID
1443052866,1494.4,0.6692,BID
1443052867,1494.4,0.6692,BID
1443052868,1494.4,0.6692,BID
1443052869,1494.4,0.5,BID
1443052869,1494.4,0.6692,BID
1443052870,1494.4,0.6692,BID
1443052871,1494.4,0.2434,BID
1443052873,1494.41,0.211,ASK
1443052874,1494.6,0.0137,BID
1443052874,1494.41,0.0456,ASK
1443052874,1494.41,0.6044,ASK
1443052874,1494.41,0.0648,ASK
1443052874,1494.41,0.6692,ASK
1443052874,1494.21,0.1966,ASK
1443052874,1494.11,0.0438,ASK
1443052874,1494.01,0.1687,ASK
1443052874,1494.0,0.016,ASK
1443052874,1494.0,0.2249,ASK
1443052876,1494.4,0.0295,BID
1443052880,1494.39,0.031,BID
1443052880,1494.4,0.494,BID
1443052880,1494.4,0.1265,BID
1443052880,1494.6,0.0158,BID
1443052880,1494.87,0.002,BID
1443052880,1495.02,0.001,BID
1443052880,1495.04,0.0128,BID
1443052880,1495.04,0.0801,BID
1443052880,1495.05,0.0783,BID
1443052909,1494.51,0.0462,ASK
1443052909,1494.51,0.0338,ASK
1443052909,1494.51,0.018,ASK
1443052912,1495.02,0.001,BID
1443052912,1495.04,0.0886,BID
1443052912,1495.05,0.0304,BID
1443052913,1494.5,0.282,ASK
1443052921,1495.03,0.048,BID
1443052921,1495.04,0.0462,BID
1443052921,1495.04,0.018,BID
1443052921,1495.05,1.0878,BID
1443053105,1494.43,0.001,ASK
1443053105,1494.4,0.0306,ASK
1443053113,1495.04,0.0331,BID
1443053113,1495.05,0.6615,BID
1443053113,1495.05,0.5054,BID
1443053289,1495.02,0.001,BID
1443053289,1495.05,1.4946,BID
1443053294,1495.05,0.6,ASK
1443053295,1495.05,0.65,ASK
1443053296,1495.04,0.1296,BID
1443053339,1495.04,0.01,BID
1443053378,1494.72,0.0969,ASK
1443053378,1494.71,0.0139,ASK
1443053378,1494.71,0.0146,ASK
1443053378,1494.71,0.1673,ASK
1443053378,1494.7,0.2665,ASK
1443053385,1495.03,0.0153,BID
1443053385,1495.03,0.0102,BID
1443053385,1495.03,0.0545,BID
1443053404,1495.0,0.5,BID
1443053406,1494.99,0.0355,BID
1443053406,1494.99,0.11,BID
1443053406,1495.0,0.3545,BID
1443053409,1494.99,0.0424,BID
1443053409,1494.99,0.0255,BID
1443053409,1495.0,0.4321,BID
1443053410,1495.0,0.01,BID
1443053410,1495.0,0.0679,BID
1443053411,1495.0,0.5,BID
1443053411,1495.0,0.6689,BID
1443053412,1495.0,0.6689,BID
1443053413,1495.0,0.6689,BID
1443053414,1495.0,0.1288,BID
1443053440,1495.01,0.4,ASK
1443053441,1495.01,0.1401,ASK
1443053441,1495.01,0.1288,ASK
1443053444,1494.72,0.039,ASK
1443053445,1494.72,0.011,ASK
1443053483,1494.98,0.01,BID
1443053483,1494.99,0.05,BID
1443053483,1495.0,0.2089,BID
1443053484,1495.0,0.2,BID
1443053488,1495.0,0.2411,BID
1443053488,1495.0,0.65,BID
1443053488,1495.04,0.5104,BID
1443053499,1495.18,0.2,BID
1443053499,1495.19,0.003,BID
1443053517,1495.3,0.02,BID
1443053566,1495.3,0.01,BID
1443053589,1495.3,0.02,BID
1443053596,1495.3,0.02,BID
1443053597,1495.29,7.0,BID
1443053597,1495.29,12.186,BID
1443053601,1495.3,0.16,BID
1443053601,1495.3,0.141,BID
1443053601,1495.3,0.02,BID
1443053602,1495.3,0.009,BID
1443053604,1495.37,0.002,BID
1443053604,1495.4,0.008,BID
1443053617,1495.4,0.592,BID
1443053617,1495.49,0.002,BID
1443053617,1495.5,0.8125,BID
1443053617,1495.5,0.0425,BID
1443053617,1495.5,0.856,BID
1443053617,1495.5,0.5,BID
1443053619,1495.5,1.6015,BID
1443053619,1495.53,3.8642,BID
1443053620,1495.85,0.01,ASK
1443053622,1496.0,0.3,BID
1443053622,1496.0,0.292,BID
1443053627,1496.0,0.01,BID
1443053634,1495.86,0.0968,ASK
1443053634,1495.85,0.01,ASK
1443053693,1495.85,0.07,BID
1443053705,1495.85,0.02,BID
1443053783,1495.52,0.025,ASK
1443053783,1495.51,0.375,ASK
1443053786,1495.88,9.0,ASK
1443053786,1495.88,6.002,ASK
1443053792,1495.89,0.01,BID
1443053793,1495.88,8.592,BID
1443053813,1495.51,0.125,ASK
1443053852,1495.07,0.002,ASK
1443053852,1495.01,0.0107,ASK
1443053852,1495.0,0.2933,ASK
1443053866,1495.0,0.0067,ASK
1443053866,1494.99,0.0222,ASK
1443053866,1494.98,0.4441,ASK
1443053896,1494.64,0.002,ASK
1443053896,1494.62,0.004,ASK
1443053896,1494.5,0.099,ASK
1443053975,1494.42,0.001,ASK
1443053983,1494.4,0.4,BID
1443053984,1494.4,0.6692,BID
1443053985,1494.4,0.6692,BID
1443053985,1494.4,0.223,BID
1443053986,1494.4,0.6692,BID
1443053987,1494.4,0.101,BID
1443053987,1494.4,0.6692,BID
1443053987,1494.4,2.3982,BID
1443053991,1494.71,0.001,BID
1443053991,1494.72,0.0165,BID
1443053991,1494.73,0.3125,BID
1443053992,1494.73,0.0175,BID
1443053996,1495.05,0.0165,BID
1443053996,1495.06,0.1835,BID
1443053998,1495.06,0.1465,BID
1443054001,1495.37,0.0149,BID
1443054001,1495.38,0.1851,BID
1443054002,1495.38,0.1449,BID
1443054002,1495.39,0.1851,BID
1443054006,1495.39,0.1449,BID
1443054006,1495.45,0.0481,BID
1443054007,1495.44,14.266,BID
1443054007,1495.45,0.01,BID
1443054007,1495.45,0.346,BID
1443054021,1495.4,0.1449,ASK
1443054023,1495.19,0.01,BID
1443054027,1495.19,0.01,BID
1443054033,1495.11,0.095,ASK
1443054045,1495.1,0.095,BID
1443054045,1495.37,0.002,BID
1443054045,1495.39,0.1449,BID
1443054045,1495.45,0.2,BID
1443054045,1495.4,6.43,ASK
1443054049,1495.45,0.2,BID
1443054061,1495.44,0.095,BID
1443054061,1495.45,0.025,BID
1443054064,1495.01,0.0615,ASK
1443054064,1495.01,0.0735,ASK
1443054064,1495.0,0.628,ASK
1443054064,1495.0,0.738,ASK
1443054064,1495.0,0.6,ASK
1443054064,1494.87,0.002,ASK
1443054069,1494.87,0.133,BID
1443054069,1494.87,0.002,BID
1443054081,1495.44,0.0735,BID
1443054081,1495.44,0.035,BID
1443054081,1495.45,0.0915,BID
1443054082,1495.45,0.1085,BID
1443054088,1495.44,0.01,BID
1443054088,1495.44,0.0165,BID
1443054088,1495.45,0.0594,BID
1443054096,1495.45,0.06,BID
1443054098,1495.45,0.223,BID
1443054109,1495.45,0.2,BID
1443054110,1495.45,0.6687,BID
1443054123,1495.13,0.001,ASK
1443054203,1495.45,0.025,BID
1443054205,1495.45,0.07,BID
1443054209,1495.45,0.2,BID
1443054210,1495.45,0.4648,BID
1443054210,1495.45,0.2982,BID
1443054210,1495.45,0.6687,BID
1443054211,1495.45,0.6687,BID
1443054213,1495.45,0.13,BID
1443054214,1495.45,0.6687,BID
1443054215,1495.45,0.6687,BID
1443054216,1495.45,0.6687,BID
1443054217,1495.45,0.6687,BID
1443054220,1495.45,0.5596,BID
1443054220,1495.48,0.002,BID
1443054220,1495.5,0.125,BID
1443054220,1495.56,0.002,BID
1443054220,1495.56,0.02,BID
1443054220,1495.71,0.0214,BID
1443054231,1494.9,0.002,ASK
1443054231,1494.88,0.133,ASK
1443054233,1494.88,0.002,ASK
1443054233,1494.81,0.0165,ASK
1443054233,1494.8,0.33,ASK
1443054236,1494.68,0.01,BID
1443054242,1494.48,0.0165,ASK
1443054242,1494.47,0.0895,ASK
1443054276,1494.68,0.02,BID
1443054286,1494.99,0.0165,BID
1443054286,1494.99,0.0175,BID
1443054286,1495.0,0.2705,BID
1443054302,1494.6,0.3255,ASK
1443054324,1495.0,0.0595,BID
1443054324,1495.0,3.0,BID
1443054329,1494.97,0.355,ASK
1443054332,1494.76,0.02,BID
1443054332,1494.95,0.355,BID
1443054332,1494.96,0.335,BID
1443054338,1494.76,0.02,ASK
1443054341,1494.75,0.1,BID
1443054456,1495.29,0.001,BID
1443054456,1495.34,0.33,BID
1443054484,1495.37,0.002,BID
1443054486,1495.4,0.018,ASK
1443054494,1494.51,0.016,ASK
1443054494,1494.48,0.33,ASK
1443054494,1494.47,0.001,ASK
1443054494,1494.45,0.007,ASK
1443054494,1494.43,0.001,ASK
1443054494,1494.41,0.075,ASK
1443054494,1494.4,0.59,ASK
1443054524,1495.57,0.001,BID
1443054524,1495.57,0.016,BID
1443054524,1495.58,0.003,BID
1443054534,1494.62,0.339,BID
1443054535,1494.62,0.01,BID
1443054535,1494.62,0.6533,BID
1443054549,1494.64,0.034,ASK
1443054549,1494.63,0.0158,ASK
1443054549,1494.63,0.0862,ASK
1443054678,1495.38,0.025,BID
1443054678,1495.38,0.01,BID
1443054678,1495.39,0.5,BID
1443054678,1495.4,5.0,BID
1443054678,1495.43,2.5696,BID
1443054678,1495.45,5.0,BID
1443054680,1495.45,0.011,ASK
1443054681,1495.45,0.5,ASK
1443054681,1495.45,0.5,ASK
1443054681,1495.45,0.5,ASK
1443054681,1495.45,0.28,ASK
1443054681,1495.45,0.4,ASK
1443054682,1495.45,0.01,ASK
1443054682,1495.45,0.06,ASK
1443054682,1495.45,0.65,ASK
1443054682,1495.45,2.58,ASK
1443054682,1495.45,3.4144,ASK
1443054693,1495.35,0.018,BID
1443054693,1495.44,0.5,BID
1443054693,1495.44,0.65,BID
1443054693,1495.44,0.5,BID
1443054693,1495.58,0.008,BID
1443054693,1495.6,3.7821,BID
1443054693,1495.13,0.011,ASK
1443054695,1495.13,0.0055,ASK
1443054695,1495.12,0.0045,ASK
1443054696,1495.13,0.01,ASK
1443054696,1495.13,0.001,ASK
1443054696,1495.12,0.119,ASK
1443054697,1495.12,0.011,ASK
1443054705,1495.12,0.1955,ASK
1443054707,1495.42,0.025,BID
1443054709,1495.43,0.011,ASK
1443054711,1495.24,0.011,BID
1443054711,1495.41,0.0979,BID
1443054884,1494.66,0.002,ASK
1443054886,1494.66,0.4,BID
1443054886,1494.66,0.6,BID
1443054886,1494.66,0.6,BID
1443054886,1494.66,0.082,BID
1443054887,1494.66,0.01,BID
1443054888,1494.66,0.106,BID
1443054888,1494.66,5.3267,BID
1443054888,1494.66,0.261,BID
1443054889,1494.66,0.384,BID
1443054889,1494.66,0.01,BID
1443054889,1494.66,0.669,BID
1443054890,1494.66,0.669,BID
1443054891,1494.66,0.103,BID
1443054891,1494.66,0.4,BID
1443054891,1494.66,0.669,BID
1443054891,1494.64,5.0,BID
1443054891,1494.64,5.79,BID
1443054892,1494.66,0.669,BID
1443054893,1494.66,0.163,BID
1443054893,1494.66,0.669,BID
1443054895,1494.66,0.428,BID
1443054895,1494.66,0.4128,BID
1443055018,1495.49,0.0115,BID
1443055018,1495.5,1.0,BID
1443055019,1495.5,0.01,ASK
1443055021,1495.45,0.01,BID
1443055021,1495.46,0.1677,BID
1443055022,1495.17,0.005,ASK
1443055022,1495.17,0.17,ASK
1443055024,1495.45,0.01,ASK
1443055025,1495.46,0.3223,BID
1443055025,1495.54,0.002,BID
1443055025,1495.56,0.002,BID
1443055025,1495.6,1.2179,BID
1443055025,1495.6,0.01,ASK
1443055026,1495.6,0.13,ASK
1443055028,1495.6,0.103,ASK
1443055029,1495.6,0.011,ASK
1443055029,1495.6,0.306,ASK
1443055029,1495.58,0.114,BID
1443055030,1495.58,0.317,ASK
1443055030,1495.59,0.002,BID
1443055030,1495.58,0.317,ASK
1443055030,1495.58,0.21,ASK
1443055031,1495.58,0.056,ASK
1443055031,1495.59,0.334,BID
1443055031,1495.58,0.01,ASK
1443055031,1495.58,0.5,ASK
1443055032,1495.58,0.65,ASK
1443055032,1495.59,0.214,BID
1443055032,1495.59,0.4,BID
1443055032,1495.59,0.28,BID
1443055032,1495.58,0.011,ASK
1443055033,1495.58,0.1089,ASK
1443055033,1495.58,0.65,ASK
1443055033,1495.59,0.14,BID
1443055034,1495.59,0.01,ASK
1443055034,1495.59,0.349,ASK
1443055034,1495.59,0.535,ASK
1443055034,1495.58,0.115,ASK
1443055035,1495.58,0.5,ASK
1443055035,1495.58,0.17,ASK
1443055035,1495.58,0.1089,ASK
1443055035,1495.58,0.65,ASK
1443055035,1495.6,0.0183,BID
1443055035,1495.68,0.0097,BID
1443055036,1495.58,0.133,ASK
1443055036,1495.58,0.133,ASK
1443055036,1495.58,0.17,ASK
1443055037,1495.58,0.1089,ASK
1443055037,1495.59,0.028,ASK
1443055037,1495.59,0.0096,ASK
1443055037,1495.58,0.2079,ASK
1443055039,1495.54,0.1089,BID
1443055039,1495.57,0.4325,BID
1443055039,1495.57,0.5411,BID
1443055040,1495.17,0.155,ASK
1443055040,1494.85,0.0034,ASK
1443055041,1495.57,0.095,BID
1443055042,1495.57,0.0139,BID
1443055048,1495.5,0.01,BID
1443055048,1495.56,0.0244,BID
1443055048,1495.57,0.1502,BID
1443055053,1494.85,0.013,ASK
1443055101,1495.48,0.4,ASK
1443055101,1495.48,0.554,ASK
1443055102,1495.48,0.5,ASK
1443055102,1495.48,0.103,ASK
1443055104,1495.48,0.01,ASK
1443055104,1495.48,0.5,ASK
1443055105,1495.48,0.018,ASK
1443055105,1495.48,0.65,ASK
1443055106,1495.48,0.011,ASK
1443055106,1495.48,0.5,ASK
1443055106,1495.48,0.65,ASK
1443055107,1495.48,0.65,ASK
1443055108,1495.48,0.012,ASK
1443055108,1495.48,0.5,ASK
1443055108,1495.48,0.65,ASK
1443055109,1495.48,0.01,ASK
1443055109,1495.48,0.65,ASK
1443055110,1495.48,0.32,ASK
1443055111,1495.27,0.528,BID
1443055111,1495.16,0.0165,ASK
1443055111,1495.15,0.33,ASK
1443055111,1494.69,0.002,ASK
1443055111,1494.69,0.98,BID
1443055113,1494.69,0.0578,BID
1443055113,1495.27,0.452,BID
1443055114,1495.28,0.0165,ASK
1443055114,1495.46,0.01,BID
1443055116,1495.28,0.1425,ASK
1443055116,1495.28,0.3455,ASK
1443055117,1495.28,0.3233,ASK
1443055125,1495.26,0.0166,BID
1443055125,1495.27,0.0864,BID
1443055126,1495.27,0.2403,BID
1443055126,1495.27,0.65,BID
1443055126,1495.47,0.33,BID
1443055126,1495.47,0.32,BID
1443055128,1495.47,0.033,ASK
1443055128,1495.47,0.07,ASK
1443055133,1494.64,0.002,ASK
1443055133,1494.62,0.002,ASK
1443055133,1494.61,0.001,ASK
1443055133,1494.59,0.004,ASK
1443055133,1494.54,0.007,ASK
1443055133,1494.53,0.0165,ASK
1443055133,1494.53,0.0975,ASK
1443055135,1495.43,0.002,BID
1443055135,1495.45,0.103,BID
1443055135,1495.69,0.002,BID
1443055138,1495.67,0.01,BID
1443055139,1495.45,0.09,ASK
1443055143,1494.9,0.0109,BID
1443055151,1495.42,0.001,BID
1443055158,1495.34,0.01,BID
1443055158,1495.44,0.105,BID
1443055189,1495.58,0.018,ASK
1443055189,1495.13,0.001,ASK
1443055189,1494.82,0.0796,ASK
1443055189,1494.81,0.0494,ASK
1443055200,1495.45,0.01,BID
1443055229,1495.43,0.001,BID
1443055229,1495.43,0.002,BID
1443055229,1495.56,0.025,BID
1443055229,1495.57,0.338,BID
1443055246,1495.43,0.001,ASK
1443055248,1495.2,0.009,BID
1443055253,1495.23,0.01,BID
1443055253,1495.56,0.33,BID
1443055259,1495.38,0.005,BID
1443055261,1495.57,0.162,BID
1443055261,1495.57,0.19,ASK
1443055262,1495.57,0.297,ASK
1443055263,1495.57,0.022,ASK
1443055264,1495.57,1.641,ASK
1443055264,1495.57,0.44,ASK
1443055265,1495.6,0.011,ASK
1443055265,1495.6,0.163,ASK
1443055265,1495.57,0.487,ASK
1443055266,1495.57,0.65,ASK
1443055267,1495.57,0.65,ASK
1443055268,1495.57,0.65,ASK
1443055269,1495.57,0.65,ASK
1443055270,1495.57,0.65,ASK
1443055270,1495.57,0.015,ASK
1443055271,1495.67,8.0,ASK
1443055271,1495.67,7.129,ASK
1443055271,1495.57,0.65,ASK
1443055271,1495.57,0.015,ASK
1443055271,1495.68,0.002,BID
1443055272,1495.68,0.098,ASK
1443055272,1495.57,0.552,ASK
1443055272,1495.57,0.022,ASK
1443055273,1495.57,0.65,ASK
1443055273,1495.57,0.011,ASK
1443055274,1495.58,0.0349,ASK
1443055274,1495.57,0.1991,ASK
1443055275,1495.58,0.022,ASK
1443055275,1495.58,0.65,ASK
1443055276,1495.58,0.011,ASK
1443055277,1495.75,0.0165,BID
1443055277,1495.76,0.33,BID
1443055277,1495.87,0.002,BID
1443055277,1495.88,0.0165,BID
1443055277,1495.89,0.33,BID
1443055277,1495.89,0.0165,BID
1443055277,1495.9,0.33,BID
1443055277,1495.97,0.1121,BID
1443055277,1495.98,5.0,BID
1443055277,1496.0,0.3,BID
1443055278,1496.0,0.5,ASK
1443055279,1496.0,0.057,ASK
1443055279,1496.0,0.136,ASK
1443055279,1496.0,0.6,ASK
1443055280,1496.0,0.1484,ASK
1443055280,1496.0,0.141,ASK
1443055280,1496.08,0.0165,BID
1443055280,1496.09,0.33,BID
1443055280,1496.21,0.0184,BID
1443055280,1496.22,0.33,BID
1443055280,1496.23,0.33,BID
1443055280,1496.28,0.004,BID
1443055280,1496.34,0.1511,BID
1443055280,1496.0,0.1278,ASK
1443055281,1496.0,0.5,ASK
1443055281,1496.0,0.011,ASK
1443055281,1496.0,0.65,ASK
1443055281,1496.0,0.011,ASK
1443055282,1496.0,0.025,ASK
1443055282,1496.0,0.65,ASK
1443055282,1496.0,0.041,ASK
1443055283,1496.0,0.5,ASK
1443055283,1496.0,0.01,ASK
1443055284,1496.0,0.095,ASK
1443055285,1496.0,0.65,ASK
1443055285,1496.0,0.042,ASK
1443055286,1496.0,0.5,ASK
1443055286,1496.0,0.017,ASK
1443055287,1496.0,0.083,ASK
1443055287,1496.0,0.65,ASK
1443055288,1496.0,0.5,ASK
1443055288,1496.0,0.65,ASK
1443055288,1496.0,0.017,ASK
1443055289,1496.0,0.348,ASK
1443055290,1496.0,0.017,ASK
1443055291,1496.0,0.5302,ASK
1443055293,1496.0,0.185,ASK
1443055293,1496.33,0.01,BID
1443055293,1496.34,1.17,BID
1443055300,1496.01,0.0522,ASK
1443055300,1496.01,0.095,ASK
1443055301,1496.0,0.1472,ASK
1443055301,1496.01,2.0,ASK
1443055301,1496.01,1.0,ASK
1443055301,1496.01,13.501,ASK
1443055304,1496.01,0.052,ASK
1443055305,1496.01,0.0002,ASK
1443055305,1496.0,0.0108,ASK
1443055306,1496.0,0.01,ASK
1443055307,1496.0,0.05,ASK
1443055307,1496.0,0.01,ASK
1443055308,1496.0,0.039,ASK
1443055309,1496.0,0.141,ASK
1443055310,1496.0,0.114,ASK
1443055313,1496.0,0.11,ASK
1443055315,1496.0,0.01,ASK
1443055315,1496.0,0.332,ASK
1443055316,1496.0,0.07,ASK
1443055319,1495.84,0.01,BID
1443055319,1495.68,0.0165,ASK
1443055319,1495.67,0.33,ASK
1443055320,1495.61,3.0,ASK
1443055320,1495.61,14.082,ASK
1443055320,1495.6,0.0756,ASK
1443055322,1495.57,0.1242,ASK
1443055392,1496.32,0.0494,BID
1443055392,1496.33,0.1158,BID
1443055392,1496.33,0.034,BID
1443055409,1496.33,0.061,BID
1443055409,1496.33,0.0287,BID
1443055409,1496.33,0.052,BID
1443055409,1496.34,0.1271,BID
1443055514,1496.3,3.0,BID
1443055516,1496.33,0.128,ASK
1443055516,1496.33,3.8892,ASK
1443055519,1496.0,0.01,ASK
1443055519,1496.04,0.161,BID
1443055520,1496.13,0.009,ASK
1443055520,1496.0,0.041,ASK
1443055520,1496.05,0.01,ASK
1443055521,1496.05,0.151,ASK
1443055521,1496.01,0.016,ASK
1443055521,1496.0,0.163,ASK
1443055521,1496.01,13.285,ASK
1443055521,1496.0,0.013,ASK
1443055522,1496.0,0.014,ASK
1443055523,1496.0,0.014,ASK
1443055524,1496.0,0.012,ASK
1443055525,1496.0,0.063,ASK
1443055528,1495.76,0.012,BID
1443055528,1495.76,0.008,BID
1443055533,1495.68,0.0165,ASK
1443055533,1495.67,0.33,ASK
1443055533,1495.6,0.095,ASK
1443055533,1495.58,0.1641,ASK
1443055533,1495.57,4.8121,ASK
1443055547,1495.73,0.13,BID
1443055548,1495.73,0.15,BID
1443055549,1495.74,0.04,ASK
1443055551,1495.74,0.01,ASK
1443055553,1495.74,0.08,ASK
1443055553,1495.74,0.28,ASK
1443055555,1495.57,0.19,ASK
1443055556,1495.57,0.011,ASK
1443055557,1495.57,0.011,ASK
1443055558,1495.57,0.111,ASK
1443055559,1495.57,0.043,ASK
1443055560,1495.57,0.209,ASK
1443055561,1495.57,0.032,ASK
1443055562,1495.57,0.319,ASK
1443055563,1495.57,0.18,ASK
1443055563,1495.57,0.01,ASK
1443055564,1495.57,0.05,ASK
1443055565,1495.57,0.5,ASK
1443055566,1495.57,0.048,ASK
1443055567,1495.57,0.024,ASK
1443055568,1495.57,0.011,ASK
1443055569,1495.57,0.01,ASK
1443055584,1495.57,0.1036,ASK
1443055592,1495.57,0.1,ASK
1443055593,1495.57,0.172,ASK
1443055595,1495.59,0.001,ASK
1443055595,1495.57,0.009,ASK
1443055596,1495.57,0.01,ASK
1443055598,1495.57,0.052,ASK
1443055598,1495.57,0.052,ASK
1443055605,1495.57,0.01,ASK
1443055607,1495.57,0.0104,ASK
1443055669,1495.98,0.0968,BID
1443055669,1495.99,0.0932,BID
1443055681,1495.59,0.0969,ASK
1443055682,1495.58,0.0932,ASK
1443055682,1495.57,0.0037,ASK
1443055683,1495.57,0.05,ASK
1443055684,1495.57,0.06,ASK
1443055685,1495.57,0.158,ASK
1443055686,1495.57,0.171,ASK
1443055687,1495.57,11.5292,ASK
1443055692,1495.98,0.0969,BID
1443055692,1495.99,0.0287,BID
1443055703,1495.58,0.01,ASK
1443055704,1495.58,0.0399,ASK
1443055723,1495.57,0.0101,ASK
1443055743,1495.57,5.1016,ASK
1443055752,1495.57,0.06,BID
1443055753,1495.57,0.0702,BID
1443055806,1495.86,0.0499,ASK
1443055807,1495.87,0.002,BID
1443055811,1495.89,0.0165,BID
1443055811,1495.9,0.0135,BID
1443055887,1495.58,0.06,ASK
1443055887,1495.58,0.1302,ASK
1443055887,1495.51,0.014,ASK
1443055887,1495.5,0.2808,ASK
1443055893,1495.43,0.005,ASK
1443055894,1495.37,0.004,ASK
1443055894,1495.34,0.33,ASK
1443055898,1495.24,0.33,ASK
1443055912,1495.37,0.001,BID
1443055930,1495.37,0.001,BID
1443055982,1495.09,0.054,ASK
1443055982,1495.09,0.276,ASK
1443055982,1495.09,0.007,ASK
1443055986,1495.0,0.3,ASK
1443055986,1495.0,5.403,ASK
1443055987,1495.0,0.65,ASK
1443055988,1495.09,0.054,ASK
1443055988,1495.0,0.596,ASK
1443055989,1495.41,0.0165,BID
1443055989,1495.42,0.33,BID
1443055989,1495.57,0.1902,BID
1443055989,1495.57,0.054,ASK
1443055990,1495.57,0.65,ASK
1443055990,1495.57,0.054,ASK
1443055992,1495.57,0.0415,ASK
1443056026,1495.55,0.005,BID
1443056026,1495.56,0.0415,BID
1443056026,1495.71,0.02,BID
1443056026,1495.84,0.075,BID
1443056026,1495.84,0.0323,BID
1443056026,1495.84,0.0416,BID
1443056026,1495.85,0.186,BID
1443056028,1495.84,1.0,BID
1443056028,1495.84,17.813,BID
1443056040,1495.83,0.002,BID
1443056062,1495.08,0.0969,ASK
1443056062,1495.04,0.01,ASK
1443056062,1495.03,0.002,ASK
1443056062,1495.01,0.0291,ASK
1443056117,1495.69,0.0969,BID
1443056117,1495.7,0.23,BID
1443056117,1495.76,0.002,BID
1443056117,1495.78,0.0291,BID
1443056117,1495.79,0.095,BID
1443056117,1495.8,0.147,BID
1443056117,1495.8,0.6,BID
1443056117,1495.8,0.4,BID
1443056117,1495.8,0.2,BID
1443056119,1495.8,1.653,BID
1443056119,1495.86,2.1459,BID
1443056119,1495.87,0.002,BID
1443056119,1496.0,3.0,BID
1443056119,1496.0,0.2798,BID
1443056119,1496.0,0.3,BID
1443056122,1495.3,2.0,ASK
1443056133,1495.99,0.05,BID
1443056137,1496.13,0.0725,BID
1443056148,1496.18,0.33,BID
1443056149,1496.26,0.001,BID
1443056149,1496.32,0.5,BID
1443056149,1496.32,0.15,BID
1443056149,1496.32,0.4225,BID
1443056153,1496.18,0.0681,ASK
1443056154,1496.19,0.0835,ASK
1443056158,1496.32,0.19,ASK
1443056158,1496.32,0.19,ASK
1443056158,1496.32,0.19,ASK
1443056163,1496.33,0.5,BID
1443056163,1496.33,0.3612,BID
1443056163,1496.34,1.0187,BID
1443056164,1496.32,0.0835,BID
1443056164,1496.34,0.5848,BID
1443056181,1496.31,0.001,BID
1443056181,1496.34,0.099,BID
1443056181,1496.34,0.1,BID
1443056181,1496.34,0.1,BID
1443056182,1496.0,0.127,ASK
1443056183,1496.34,0.1053,BID
1443056183,1496.37,0.002,BID
1443056183,1496.39,0.002,BID
1443056183,1496.5,5.0,BID
1443056183,1496.59,0.33,BID
1443056185,1496.61,0.487,ASK
1443056186,1496.61,1.5,ASK
1443056188,1496.4,0.1971,ASK
1443056188,1496.59,23.0,ASK
1443056188,1496.59,0.41,ASK
1443056189,1496.6,0.5,BID
1443056189,1496.41,0.0162,ASK
1443056189,1496.4,0.6338,ASK
1443056190,1496.41,0.0102,ASK
1443056190,1496.6,0.5,BID
1443056190,1496.6,0.1,BID
1443056190,1496.6,0.0682,BID
1443056191,1496.59,0.0162,BID
1443056191,1496.6,0.0318,BID
1443056191,1496.6,0.6202,BID
1443056192,1496.59,0.0102,BID
1443056192,1496.6,0.0298,BID
1443056192,1496.6,0.5,BID
1443056192,1496.6,0.096,BID
1443056197,1496.42,0.0969,ASK
1443056197,1496.41,0.049,ASK
1443056198,1496.41,0.1046,ASK
1443056198,1496.41,0.0165,ASK
1443056198,1496.41,0.0162,ASK
1443056198,1496.4,0.049,ASK
1443056199,1496.4,0.1333,ASK
1443056199,1496.41,0.0102,BID
1443056201,1496.41,0.0868,BID
1443056202,1496.41,0.0082,ASK
1443056202,1496.4,0.1153,ASK
1443056203,1496.59,0.0202,BID
1443056203,1496.6,0.3038,BID
1443056203,1496.42,0.0868,ASK
1443056203,1496.4,0.5632,ASK
1443056204,1496.6,0.1002,BID
1443056204,1496.6,0.0169,ASK
1443056204,1496.4,0.0988,ASK
1443056205,1496.41,0.0202,ASK
1443056205,1496.4,0.0098,ASK
1443056206,1496.4,0.1092,ASK
1443056210,1496.4,5.781,ASK
1443056210,1496.4,0.0358,ASK
1443056211,1496.4,0.65,ASK
1443056212,1496.4,5.2844,ASK
1443056214,1496.4,0.01,ASK
1443056214,1496.4,0.101,ASK
1443056218,1496.4,5.3575,ASK
1443056218,1496.62,2.0,ASK
1443056218,1496.62,38.563,ASK
1443056219,1496.4,0.65,ASK
1443056220,1496.4,0.65,ASK
1443056221,1496.4,0.65,ASK
1443056222,1496.4,0.65,ASK
1443056224,1496.65,0.0165,BID
1443056224,1496.66,0.0845,BID
1443056225,1496.4,4.1759,ASK
1443056226,1496.41,0.0165,ASK
1443056226,1496.4,0.6326,ASK
1443056228,1496.4,0.226,ASK
1443056230,1496.4,0.644,ASK
1443056231,1496.64,0.0969,BID
1443056231,1496.65,0.0123,BID
1443056231,1496.66,0.2455,BID
1443056231,1496.66,0.0123,BID
1443056231,1496.67,0.233,BID
1443056237,1496.67,0.097,BID
1443056242,1496.75,0.093,ASK
1443056259,1496.78,0.009,BID
1443056259,1496.92,0.001,BID
1443056260,1496.92,0.0113,BID
1443056260,1496.93,0.0647,BID
1443056261,1496.45,0.01,ASK
1443056261,1496.43,0.0123,ASK
1443056261,1496.42,0.0837,ASK
1443056264,1496.92,0.01,BID
1443056270,1496.43,0.001,ASK
1443056270,1496.92,0.0033,BID
1443056270,1496.92,0.01,BID
1443056270,1496.93,0.2553,BID
1443056271,1496.93,0.01,BID
1443056273,1496.94,0.13,ASK
1443056274,1496.94,0.002,ASK
1443056274,1496.93,0.01,ASK
1443056276,1496.44,0.12,BID
1443056283,1496.75,0.0256,ASK
1443056283,1496.69,0.0969,ASK
1443056283,1496.68,0.02,ASK
1443056283,1496.45,0.12,ASK
1443056283,1496.4,0.2375,ASK
1443056283,1496.98,0.0165,BID
1443056283,1496.99,0.1035,BID
1443056284,1496.99,0.12,BID
1443056286,1496.99,0.1065,BID
1443056286,1496.99,0.095,BID
1443056286,1496.99,0.0365,BID
1443056286,1497.0,0.3,BID
1443056286,1497.0,0.1,BID
1443056286,1497.0,0.33,BID
1443056286,1497.08,0.002,BID
1443056286,1497.31,0.0165,BID
1443056286,1497.32,0.33,BID
1443056286,1497.5,4.5929,BID
1443056289,1496.98,0.0101,BID
1443056289,1496.98,0.0969,BID
1443056291,1497.01,0.0314,ASK
1443056292,1496.67,0.33,ASK
1443056292,1496.42,0.053,ASK
1443056292,1496.42,0.0165,ASK
1443056292,1496.41,0.1005,ASK
1443056298,1496.9,0.013,BID
1443056304,1496.65,0.6,ASK
1443056304,1496.66,0.0969,ASK
1443056304,1496.65,0.7359,ASK
1443056307,1496.64,0.095,BID
1443056309,1496.4,1.9125,ASK
1443056327,1496.43,0.0314,ASK
1443056327,1496.4,0.0356,ASK
1443056328,1496.4,0.08,ASK
1443056336,1496.78,0.0969,BID
1443056336,1496.79,0.01,BID
1443056336,1496.8,0.0261,BID
1443056338,1496.4,0.6,ASK
1443056340,1496.41,0.084,ASK
1443056343,1496.4,0.4,ASK
1443056349,1496.4,0.605,ASK
1443056350,1496.4,0.01,ASK
1443056352,1496.4,0.673,ASK
1443056353,1496.4,0.01,ASK
1443056355,1496.4,0.01,ASK
1443056355,1496.4,0.5,ASK
1443056356,1496.4,0.5,ASK
1443056357,1496.4,0.01,ASK
1443056358,1496.4,0.01,ASK
1443056360,1496.4,0.01,ASK
1443056364,1496.78,0.01,BID
1443056373,1496.4,1.0255,ASK
1443056380,1496.4,0.5,ASK
1443056387,1496.4,0.5,ASK
1443056387,1496.4,2.9539,ASK
1443056389,1496.34,0.33,ASK
1443056400,1496.79,0.01,BID
1443056400,1496.79,0.074,BID
1443056400,1496.8,0.0339,BID
1443056400,1497.08,0.0121,BID
1443056406,1496.4,0.223,ASK
1443056406,1496.4,0.0578,ASK
1443056412,1496.09,0.002,ASK
1443056412,1496.08,0.0122,ASK
1443056418,1496.0,0.151,ASK
1443056425,1496.02,0.002,ASK
1443056425,1496.01,0.036,ASK
1443056433,1496.97,0.002,BID
1443056433,1496.98,0.0383,BID
1443056435,1496.02,15.112,BID
1443056473,1496.05,0.022,ASK
1443056572,1496.06,0.097,ASK
1443056572,1496.06,0.175,ASK
1443056594,1496.6,0.345,ASK
1443056595,1496.6,0.5,ASK
1443056597,1496.6,0.01,ASK
1443056598,1496.87,11.0,ASK
1443056598,1496.87,2.798,ASK
1443056601,1496.6,0.01,ASK
1443056602,1496.6,0.01,ASK
1443056606,1496.6,3.438,ASK
1443056608,1496.27,0.2,ASK
1443056611,1496.27,0.01,ASK
1443056643,1496.27,0.0721,ASK
1443056695,1496.1,0.0383,ASK
1443056695,1496.1,0.0007,ASK
1443056723,1496.1,0.0003,ASK
1443056723,1496.09,0.1297,ASK
1443056767,1496.89,0.014,BID
1443056767,1496.9,0.116,BID
1443056851,1496.09,0.01,ASK
1443056854,1496.09,0.093,ASK
1443056876,1496.09,0.159,ASK
1443056907,1496.11,0.001,ASK
1443056907,1496.09,0.257,ASK
1443057007,1496.09,0.15,ASK
1443057022,1496.74,0.0467,ASK
1443057023,1496.09,0.5,ASK
1443057031,1496.1,0.0139,ASK
1443057031,1496.09,0.0641,ASK
1443057135,1496.09,0.01,ASK
1443057169,1496.36,0.002,BID
1443057170,1496.36,0.002,BID
1443057171,1496.36,0.002,BID
1443057173,1496.37,0.002,BID
1443057175,1496.37,0.0443,ASK
1443057177,1496.37,0.002,ASK
1443057177,1496.37,0.008,BID
1443057211,1496.68,0.006,BID
1443057273,1496.38,0.097,ASK
1443057273,1496.37,0.006,ASK
1443057273,1496.23,0.005,ASK
1443057273,1496.09,0.022,ASK
1443057275,1496.1,12.0,ASK
1443057275,1496.1,5.042,ASK
1443057278,1496.09,1.6052,ASK
1443057278,1496.04,0.002,ASK
1443057278,1496.01,1.0,ASK
1443057278,1496.0,0.3,ASK
1443057278,1495.93,0.002,ASK
1443057278,1495.88,0.001,ASK
1443057278,1495.85,0.33,ASK
1443057278,1495.76,0.33,ASK
1443057278,1495.62,3.6059,ASK
1443057281,1496.13,5.0,ASK
1443057281,1496.13,12.08,ASK
1443057309,1496.74,0.097,BID
1443057309,1496.75,0.001,BID
1443057309,1496.8,0.176,BID
1443057309,1496.87,0.002,BID
1443057309,1496.9,0.1648,BID
1443057309,1496.96,0.002,BID
1443057309,1496.98,0.0165,BID
1443057309,1496.98,0.159,BID
1443057309,1496.98,0.015,BID
1443057309,1496.99,3.7064,BID
1443057309,1497.0,0.3,BID
1443057309,1497.0,0.706,BID
1443057315,1496.81,0.0137,ASK
1443057315,1496.81,0.097,ASK
1443057317,1496.3,0.1633,BID
1443057317,1496.73,0.01,BID
1443057327,1496.97,0.001,BID
1443057327,1496.99,0.095,BID
1443057327,1496.99,0.002,BID
1443057327,1497.01,0.0137,BID
1443057327,1497.02,0.33,BID
1443057327,1497.02,0.097,ASK
1443057329,1496.34,14.0,BID
1443057329,1496.34,8.903,BID
1443057339,1497.07,0.13,BID
1443057340,1496.33,0.001,ASK
1443057369,1496.2,0.0584,ASK
1443057369,1496.19,0.0386,ASK
1443057372,1496.21,0.097,ASK
1443057372,1496.21,0.013,ASK
1443057387,1496.24,0.001,ASK
1443057387,1496.22,0.0244,ASK
1443057387,1496.21,0.1046,ASK
1443057391,1497.02,0.097,BID
1443057391,1497.03,0.001,BID
1443057391,1497.04,0.025,BID
1443057391,1497.05,0.001,BID
1443057391,1497.05,0.5,BID
1443057391,1497.06,0.0334,BID
1443057391,1497.06,0.0244,BID
1443057391,1497.07,5.3759,BID
1443057391,1497.07,0.0386,BID
1443057391,1497.08,0.33,BID
1443057391,1497.13,0.001,BID
1443057391,1497.17,0.7527,BID
1443057406,1496.25,0.001,ASK
1443057406,1496.21,0.115,ASK
1443057406,1496.21,0.116,ASK
1443057408,1496.26,0.01,ASK
1443057410,1496.26,0.01,ASK
1443057414,1496.18,0.001,ASK
1443057414,1496.17,0.0191,ASK
1443057414,1496.16,0.1619,ASK
1443057414,1496.16,0.182,ASK
1443057414,1496.16,0.0385,ASK
1443057414,1496.15,0.002,ASK
1443057417,1496.01,0.0149,ASK
1443057417,1496.0,0.2991,ASK
1443057417,1496.0,0.0009,ASK
1443057418,1495.9,0.0165,ASK
1443057418,1495.89,0.33,ASK
1443057418,1495.8,0.0165,ASK
1443057418,1495.79,0.33,ASK
1443057418,1495.67,0.01,ASK
1443057418,1495.56,0.33,ASK
1443057418,1495.52,0.147,ASK
1443057421,1495.68,0.33,ASK
1443057421,1495.52,0.183,ASK
1443057421,1495.33,0.004,ASK
1443057421,1495.23,0.33,ASK
1443057421,1495.19,0.33,ASK
1443057421,1495.04,0.002,ASK
1443057421,1495.01,0.001,ASK
1443057422,1495.56,0.1451,ASK
1443057423,1495.33,0.0419,BID
1443057423,1495.78,0.0174,BID
1443057423,1495.79,0.0707,BID
1443057424,1495.79,0.075,BID
1443057424,1495.8,0.0174,ASK
1443057424,1495.8,0.3296,ASK
1443057427,1495.68,0.095,ASK
1443057441,1495.61,0.001,BID
1443057449,1495.66,0.0193,BID
1443057449,1495.66,0.0104,BID
1443057449,1495.67,0.095,BID
1443057449,1495.67,0.25,BID
1443057452,1495.01,0.01,ASK
1443057452,1495.01,0.01,ASK
1443057456,1495.0,4.455,ASK
1443057456,1495.0,0.01,ASK
1443057466,1495.01,1.4048,ASK
1443057517,1495.69,0.0215,BID
1443057517,1495.69,0.095,BID
1443057517,1495.7,2.66,BID
1443057517,1495.81,0.002,BID
1443057517,1495.83,0.5,BID
1443057517,1495.84,0.002,BID
1443057517,1495.85,0.02,BID
1443057517,1495.87,0.002,BID
1443057517,1495.89,0.033,BID
1443057517,1496.01,0.01,BID
1443057517,1496.13,0.513,BID
1443057517,1496.14,0.002,BID
1443057517,1496.17,0.015,BID
1443057517,1496.2,0.47,BID
1443057517,1496.2,0.47,BID
1443057517,1496.3,1.869,BID
1443057523,1496.2,0.049,ASK
1443057526,1495.7,0.049,BID
1443057526,1496.19,1.221,BID
1443057529,1495.71,0.01,ASK
1443057532,1495.87,0.002,BID
1443057536,1495.81,0.018,ASK
1443057537,1495.81,0.228,ASK
1443057537,1495.81,0.37,ASK
1443057537,1495.81,0.5,ASK
1443057537,1495.81,0.075,ASK
1443057537,1495.81,1.437,ASK
1443057537,1495.81,0.078,ASK
1443057539,1495.81,1.0,ASK
1443057540,1495.81,0.609,ASK
1443057540,1495.81,0.252,ASK
1443057541,1495.81,0.31,ASK
1443057541,1495.81,0.01,ASK
1443057541,1495.81,0.5,ASK
1443057541,1495.82,2.0,ASK
1443057541,1495.82,4.534,ASK
1443057542,1495.81,0.08,ASK
1443057542,1495.81,1.0,ASK
1443057543,1495.81,0.01,ASK
1443057543,1495.81,0.01,ASK
1443057549,1495.88,0.01,BID
1443057549,1495.88,0.077,BID
1443057549,1495.92,0.01,BID
1443057549,1495.93,0.203,BID
1443057550,1495.81,0.5,ASK
1443057550,1495.89,0.01,ASK
1443057550,1495.89,0.077,ASK
1443057550,1495.81,0.923,ASK
1443057553,1495.82,0.01,ASK
1443057553,1495.82,0.01,ASK
1443057555,1495.82,0.0905,ASK
1443057555,1495.82,0.0709,ASK
1443057555,1495.82,0.0152,ASK
1443057555,1495.81,0.3234,ASK
1443057556,1495.81,0.087,ASK
1443057558,1495.81,0.181,ASK
1443057560,1495.82,0.095,ASK
1443057560,1495.81,0.405,ASK
1443057562,1495.81,1.0,ASK
1443057564,1495.81,0.5,ASK
1443057564,1495.81,0.6,ASK
1443057564,1495.81,0.6,ASK
1443057564,1495.81,1.029,ASK
1443057565,1495.81,0.195,ASK
1443057565,1495.81,0.151,ASK
1443057565,1495.81,0.151,ASK
1443057565,1495.81,0.107,ASK
1443057565,1495.81,0.107,ASK
1443057565,1495.81,0.926,ASK
1443057566,1495.81,0.19,ASK
1443057566,1495.81,0.4,ASK
1443057567,1495.81,1.5,ASK
1443057567,1495.81,0.05,ASK
1443057567,1495.81,0.127,ASK
1443057567,1495.81,0.01,ASK
1443057568,1495.81,1.64,ASK
1443057568,1495.81,0.86,ASK
1443057568,1495.81,1.64,ASK
1443057568,1495.81,0.5,ASK
1443057568,1495.81,0.489,ASK
1443057568,1495.81,0.733,ASK
1443057568,1495.81,0.489,ASK
1443057568,1495.81,0.4391,ASK
1443057569,1495.81,0.489,ASK
1443057569,1495.81,1.4615,ASK
1443057569,1495.7,0.303,ASK
1443057573,1495.37,0.004,ASK
1443057576,1495.29,0.01,BID
1443057576,1495.73,1.117,ASK
1443057576,1495.07,0.122,BID
1443057578,1495.07,0.996,BID
1443057578,1495.07,0.125,BID
1443057580,1495.07,0.204,ASK
1443057580,1495.05,0.254,ASK
1443057580,1495.02,0.002,ASK
1443057580,1495.02,0.2805,ASK
1443057580,1495.0,0.4395,ASK
1443057584,1495.0,0.01,ASK
1443057585,1495.0,1.5,ASK
1443057587,1495.0,0.085,ASK
1443057590,1495.0,0.07,ASK
1443057590,1495.0,0.351,ASK
1443057590,1495.0,0.351,ASK
1443057590,1495.0,0.153,ASK
1443057590,1495.0,0.351,ASK
1443057592,1495.0,0.5,ASK
1443057594,1495.0,0.01,ASK
1443057595,1495.0,0.01,ASK
1443057598,1495.0,0.01,ASK
1443057599,1495.0,0.5,ASK
1443057600,1495.0,0.01,ASK
1443057601,1495.0,0.011,ASK
1443057601,1495.0,0.304,ASK
1443057602,1495.0,0.838,ASK
1443057602,1495.0,0.5,ASK
1443057602,1495.0,0.838,ASK
1443057602,1495.0,0.01,ASK
1443057603,1495.0,0.01,ASK
1443057605,1495.0,1.5,ASK
1443057605,1495.0,0.6,ASK
1443057605,1495.0,2.0,ASK
1443057606,1495.0,0.43,ASK
1443057606,1495.0,0.5,ASK
1443057606,1495.0,0.05,ASK
1443057608,1495.0,0.01,ASK
1443057608,1495.0,0.14,ASK
1443057608,1495.0,0.353,ASK
1443057609,1495.0,0.01,ASK
1443057610,1495.0,0.5,ASK
1443057610,1495.0,0.05,ASK
1443057612,1495.04,0.52,ASK
1443057613,1495.27,0.5,BID
1443057613,1495.28,1.0,BID
1443057613,1495.37,0.002,BID
1443057613,1495.4,0.05,ASK
1443057614,1495.4,0.01,ASK
1443057617,1495.35,0.2,BID
1443057617,1495.59,0.0966,BID
1443057617,1495.6,0.33,BID
1443057617,1495.7,0.0165,ASK
1443057618,1495.7,0.5,ASK
1443057618,1495.7,0.1,ASK
1443057618,1495.71,6.0,ASK
1443057618,1495.71,4.0,ASK
1443057618,1495.71,5.781,ASK
1443057619,1495.7,0.2,ASK
1443057619,1495.7,0.5,ASK
1443057619,1495.7,0.01,ASK
1443057619,1495.7,0.282,ASK
1443057619,1495.7,0.2,ASK
1443057619,1495.7,0.637,ASK
1443057619,1495.7,0.02,ASK
1443057619,1495.7,0.3594,ASK
1443057619,1495.3,0.0164,ASK
1443057619,1495.29,0.2932,ASK
1443057620,1495.3,0.017,ASK
1443057620,1495.29,0.329,ASK
1443057621,1495.29,0.0466,ASK
1443057621,1495.17,0.0034,BID
1443057621,1495.27,0.095,BID
1443057621,1495.4,5.3144,BID
1443057622,1495.4,0.7665,BID
1443057623,1495.01,3.0,BID
1443057623,1495.01,3.0,BID
1443057623,1495.01,2.107,BID
1443057623,1495.4,0.393,BID
1443057628,1495.61,0.01,BID
1443057628,1495.61,0.19,BID
1443057635,1495.61,0.19,BID
1443057635,1495.61,0.01,BID
1443057635,1495.62,0.2,BID
1443057636,1495.74,0.01,BID
1443057636,1495.76,0.152,BID
1443057637,1495.63,0.4,ASK
1443057637,1495.63,0.1,ASK
1443057639,1495.63,0.08,ASK
1443057639,1495.63,0.22,ASK
1443057641,1495.13,0.3,BID
1443057643,1495.48,0.01,BID
1443057643,1495.58,0.08,BID
1443057643,1495.58,0.031,BID
1443057647,1495.14,0.05,ASK
1443057647,1495.14,0.25,ASK
1443057647,1495.14,0.294,ASK
1443057666,1495.02,0.01,ASK
1443057666,1495.01,0.015,ASK
1443057670,1495.01,0.01,ASK
1443057672,1495.01,0.049,ASK
1443057686,1495.59,0.02,BID
1443057686,1495.61,0.016,BID
1443057686,1495.61,0.0109,BID
1443057686,1495.62,0.1301,BID
1443057703,1495.02,0.01,ASK
1443057738,1495.11,0.01,ASK
1443057744,1495.12,0.017,ASK
1443057746,1495.12,0.01,ASK
1443057747,1495.12,0.0399,ASK
1443057750,1495.11,0.2,ASK
1443057751,1495.11,0.4,ASK
1443057751,1495.11,0.017,ASK
1443057751,1495.11,0.01,ASK
1443057752,1495.12,0.1311,BID
1443057752,1495.12,0.059,BID
1443057752,1495.12,0.01,ASK
1443057753,1495.11,0.01,ASK
1443057754,1495.13,0.1901,ASK
1443057754,1495.11,0.5099,ASK
1443057754,1495.11,0.01,ASK
1443057755,1495.11,0.14,ASK
1443057758,1495.12,0.095,ASK
1443057758,1495.11,0.0308,ASK
1443057758,1495.01,0.2722,ASK
1443057759,1495.01,0.01,ASK
1443057761,1495.01,0.01,ASK
1443057763,1495.03,0.001,ASK
1443057763,1495.01,0.009,ASK
1443057766,1495.01,0.01,ASK
1443057767,1495.01,0.38,ASK
1443057769,1495.01,0.01,ASK
1443057772,1495.01,0.01,ASK
1443057773,1495.01,0.01,ASK
1443057775,1495.01,0.01,ASK
1443057780,1495.01,0.01,ASK
1443057786,1495.01,0.01,ASK
1443057786,1495.01,0.01,ASK
1443057791,1495.01,0.05,ASK
1443057792,1495.01,0.01,ASK
1443057793,1495.01,0.01,ASK
1443057799,1495.01,0.01,ASK
1443057803,1495.35,0.001,BID
1443057806,1495.01,0.01,ASK
1443057807,1495.01,0.01,ASK
1443057808,1495.01,0.13,ASK
1443057808,1495.36,1.0,ASK
1443057808,1495.36,14.0,ASK
1443057808,1495.36,5.427,ASK
1443057813,1495.03,0.001,ASK
1443057813,1495.01,0.0088,ASK
1443057813,1495.01,0.0002,ASK
1443057814,1495.34,10.923,ASK
1443057820,1495.01,0.01,ASK
1443057820,1495.01,0.01,ASK
1443057839,1495.35,0.001,BID
1443057839,1495.37,0.002,BID
1443057839,1495.61,0.0204,BID
1443057839,1495.61,0.095,BID
1443057839,1495.62,0.2816,BID
1443057839,1495.62,0.2383,BID
1443057839,1495.62,0.0136,BID
1443057839,1495.63,0.236,BID
1443057839,1495.63,0.035,BID
1443057839,1495.67,0.0165,BID
1443057839,1495.68,0.33,BID
1443057839,1495.68,0.1535,BID
1443057840,1495.64,0.026,ASK
1443057845,1495.63,0.0771,ASK
1443057845,1495.63,0.1159,ASK
1443057846,1495.64,0.0339,ASK
1443057846,1495.63,0.475,ASK
1443057951,1495.32,0.001,ASK
1443057953,1495.32,0.454,BID
1443057953,1495.32,0.0005,BID
1443058026,1495.32,0.001,ASK
1443058045,1495.6,0.0116,BID
1443058045,1495.6,0.033,BID
1443058045,1495.61,0.001,BID
1443058045,1495.61,0.3744,BID
1443058047,1495.61,0.236,BID
1443058048,1495.61,0.374,BID
1443058049,1495.6,0.01,BID
1443058055,1495.61,0.01,BID
1443058144,1495.61,0.0056,BID
1443058156,1495.61,0.01,ASK
1443058157,1495.76,0.002,BID
1443058157,1495.61,0.01,ASK
1443058159,1495.61,0.01,ASK
1443058175,1495.62,0.0334,ASK
1443058175,1495.62,0.0334,ASK
1443058175,1495.62,0.0484,ASK
1443058175,1495.62,0.095,ASK
1443058175,1495.61,2.3048,ASK
1443058177,1495.6,13.0,ASK
1443058177,1495.6,1.468,ASK
1443058199,1495.46,0.004,ASK
1443058199,1495.32,0.061,ASK
1443058199,1495.16,0.002,ASK
1443058199,1495.13,0.33,ASK
1443058199,1495.11,0.397,BID
1443058199,1495.12,0.397,BID
1443058199,1495.12,0.397,BID
1443058199,1495.6,0.095,BID
1443058199,1495.61,2.055,BID
1443058199,1495.01,0.6676,ASK
1443058201,1495.01,0.095,BID
1443058201,1495.01,0.302,BID
1443058203,1495.03,19.593,ASK
1443058205,1495.03,24.24,ASK
1443058208,1495.04,0.001,ASK
1443058208,1495.02,0.009,ASK
1443058260,1495.02,0.222,ASK
1443058265,1495.02,0.166,ASK
1443058265,1495.02,0.004,ASK
1443058275,1495.02,0.01,ASK
1443058291,1495.02,0.081,ASK
1443058291,1495.01,0.36,ASK
1443058291,1495.01,0.138,ASK
1443058291,1495.01,0.403,ASK
1443058291,1495.01,0.541,ASK
1443058297,1495.01,0.01,ASK
1443058302,1495.01,0.02,ASK
1443058307,1495.01,0.024,ASK
1443058312,1495.01,0.01,ASK
1443058313,1495.01,0.01,ASK
1443058316,1495.01,0.01,ASK
1443058317,1495.01,0.01,ASK
1443058319,1495.01,0.01,ASK
1443058321,1495.01,0.396,ASK
1443058321,1495.01,0.396,ASK
1443058321,1495.01,0.01,ASK
1443058323,1495.01,0.01,ASK
1443058324,1495.01,0.01,ASK
1443058325,1495.01,0.01,ASK
1443058328,1495.01,0.01,ASK
1443058329,1495.01,0.01,ASK
1443058330,1495.01,0.01,ASK
1443058332,1495.01,0.01,ASK
1443058334,1495.01,0.01,ASK
1443058334,1495.02,3.0,ASK
1443058334,1495.02,2.583,ASK
1443058335,1495.01,0.01,ASK
1443058336,1495.01,0.01,ASK
1443058337,1495.01,0.01,ASK
1443058339,1495.01,0.01,ASK
1443058346,1495.01,0.03,ASK
1443058346,1495.0,0.02,ASK
1443058350,1495.0,0.01,ASK
1443058359,1495.0,0.01,ASK
1443058362,1495.0,0.01,ASK
1443058363,1495.0,0.01,ASK
1443058364,1495.0,0.01,ASK
1443058366,1495.0,0.01,ASK
1443058367,1495.31,6.0,ASK
1443058367,1495.31,6.98,ASK
1443058369,1495.0,0.6,ASK
1443058369,1495.0,0.01,ASK
1443058371,1495.0,0.6,ASK
1443058374,1495.0,0.01,ASK
1443058375,1495.0,0.01,ASK
1443058381,1495.0,0.01,ASK
1443058382,1495.0,0.32,ASK
1443058382,1495.0,0.01,ASK
1443058384,1495.0,0.01,ASK
1443058397,1495.0,0.01,ASK
1443058399,1495.0,0.01,ASK
1443058400,1495.0,0.01,ASK
1443058402,1495.0,0.01,ASK
1443058415,1495.0,0.01,ASK
1443058417,1495.0,0.01,ASK
1443058424,1495.0,0.01,ASK
1443058424,1495.0,0.01,ASK
1443058425,1495.0,0.16,ASK
1443058426,1495.0,0.01,ASK
1443058428,1495.0,0.01,ASK
1443058431,1495.0,0.01,ASK
1443058432,1495.0,0.01,ASK
1443058432,1495.31,1.0,ASK
1443058432,1495.31,3.614,ASK
1443058434,1495.0,0.01,ASK
1443058437,1495.0,0.01,ASK
1443058438,1495.0,0.01,ASK
1443058440,1495.0,0.01,ASK
1443058445,1495.0,0.01,ASK
1443058446,1495.0,0.01,ASK
1443058448,1495.0,0.01,ASK
1443058451,1495.0,0.01,ASK
1443058452,1495.0,0.01,ASK
1443058454,1495.0,0.01,ASK
1443058461,1495.32,0.001,BID
1443058461,1495.37,0.002,BID
1443058462,1495.54,1.0,BID
1443058462,1495.58,0.014,BID
1443058462,1495.59,0.095,BID
1443058462,1495.59,0.1358,BID
1443058462,1495.59,0.05,BID
1443058462,1495.6,1.0,BID
1443058462,1495.6,0.05,BID
1443058462,1495.61,3.4017,BID
1443058462,1495.01,0.01,ASK
1443058467,1495.51,0.5,BID
1443058468,1495.6,0.05,BID
1443058468,1495.6,0.0251,BID
1443058468,1495.61,5.1762,BID
1443058469,1495.61,0.0751,BID
1443058471,1495.53,0.05,ASK
1443058471,1495.52,0.05,ASK
1443058472,1495.52,0.05,ASK
1443058472,1495.52,0.4,ASK
1443058472,1495.5,0.15,BID
1443058472,1495.51,0.4,BID
1443058472,1495.51,0.55,BID
1443058472,1495.51,0.55,BID
1443058472,1495.51,0.55,BID
1443058472,1495.52,0.05,BID
1443058472,1495.52,0.027,BID
1443058472,1495.53,0.01,BID
1443058472,1495.61,2.0414,BID
1443058472,1495.61,0.661,BID
1443058474,1495.51,0.55,BID
1443058474,1495.51,0.1186,BID
1443058476,1495.06,0.001,ASK
1443058476,1495.05,0.0165,ASK
1443058476,1495.04,0.33,ASK
1443058476,1495.02,0.1025,ASK
1443058477,1495.02,0.01,ASK
1443058477,1495.48,13.878,ASK
1443058478,1495.05,0.01,ASK
1443058482,1495.02,0.01,ASK
1443058483,1495.02,0.01,ASK
1443058522,1495.01,0.0226,ASK
1443058522,1495.01,0.0435,ASK
1443058526,1495.01,0.0062,ASK
1443058526,1495.01,0.075,ASK
1443058538,1495.0,0.01,ASK
1443058540,1495.0,0.01,ASK
1443058542,1495.0,0.01,ASK
1443058592,1495.0,1.5,ASK
1443058592,1495.0,0.5,ASK
1443058592,1495.0,5.0,ASK
1443058592,1495.0,5.0,ASK
1443058592,1495.0,5.731,ASK
1443058592,1495.0,3.17,ASK
1443058592,1495.0,5.0,ASK
1443058592,1495.0,2.0,ASK
1443058592,1495.0,5.0,ASK
1443058593,1495.0,6.0,ASK
1443058593,1495.0,5.0,ASK
1443058593,1495.0,1.0,ASK
1443058593,1495.0,0.6,ASK
1443058593,1495.0,2.0,ASK
1443058593,1495.0,0.6,ASK
1443058593,1495.0,1.0,ASK
1443058593,1495.0,0.922,ASK
1443058595,1495.0,0.05,ASK
1443058595,1495.0,0.01,ASK
1443058596,1495.0,10.3693,ASK
1443058597,1495.0,0.01,ASK
1443058598,1495.0,0.1275,ASK
1443058598,1495.0,1.0,ASK
1443058600,1495.01,0.01,ASK
1443058601,1495.01,0.01,ASK
1443058604,1495.01,0.01,ASK
1443058612,1495.01,0.01,ASK
1443058649,1495.1,0.01,ASK
1443058654,1495.1,0.02,ASK
1443058659,1495.1,0.01,ASK
1443058666,1495.1,0.2,ASK
1443058667,1495.1,0.2,ASK
1443058668,1495.1,0.01,ASK
1443058669,1495.1,0.2,ASK
1443058669,1495.1,0.2,ASK
1443058669,1495.1,0.01,ASK
1443058670,1495.1,0.2,ASK
1443058670,1495.1,0.01,ASK
1443058671,1495.1,0.2,ASK
1443058672,1495.1,0.01,ASK
1443058672,1495.1,1.0,ASK
1443058674,1495.1,0.857,ASK
1443058675,1495.1,2.5,ASK
1443058675,1495.1,5.0,ASK
1443058675,1495.1,1.0,ASK
1443058675,1495.1,1.863,ASK
1443058675,1495.01,1.298,ASK
1443058675,1495.01,0.52,ASK
1443058677,1495.01,0.142,ASK
1443058677,1495.0,0.358,ASK
1443058677,1495.05,0.2,BID
1443058677,1495.08,0.74,BID
1443058677,1495.09,0.637,BID
1443058677,1495.09,1.003,BID
1443058677,1495.0,0.2,ASK
1443058678,1495.0,0.2,ASK
1443058678,1495.0,0.2,ASK
1443058678,1495.0,0.142,ASK
1443058679,1495.0,0.142,ASK
1443058680,1495.01,0.01,BID
1443058680,1495.09,0.438,BID
1443058680,1495.08,0.037,BID
1443058680,1495.09,0.703,BID
1443058680,1495.09,0.199,BID
1443058680,1495.1,0.65,ASK
1443058680,1495.1,0.2,ASK
1443058680,1495.1,0.2,ASK
1443058680,1495.1,0.03,ASK
1443058681,1495.1,0.01,ASK
1443058682,1495.1,0.051,ASK
1443058683,1495.01,0.0152,ASK
1443058683,1495.01,0.037,ASK
1443058683,1495.0,0.4478,ASK
1443058683,1495.0,0.2,ASK
1443058684,1495.0,0.061,ASK
1443058684,1495.0,0.01,ASK
1443058685,1495.0,0.65,ASK
1443058686,1495.0,0.2,ASK
1443058686,1495.0,0.2,ASK
1443058687,1495.0,0.5,ASK
1443058687,1495.0,1.0,ASK
1443058687,1495.0,0.01,ASK
1443058688,1495.1,0.015,ASK
1443058688,1495.0,0.055,ASK
1443058689,1495.0,0.2,ASK
1443058692,1495.0,0.2,ASK
1443058693,1495.0,0.2,ASK
1443058693,1495.0,0.01,ASK
1443058694,1495.0,0.2,ASK
1443058695,1495.0,1.0,ASK
1443058697,1495.0,0.2,ASK
1443058697,1495.0,0.2,ASK
1443058698,1495.0,0.01,ASK
1443058698,1495.0,0.01,ASK
1443058698,1495.0,1.0,ASK
1443058700,1495.0,0.2,ASK
1443058700,1495.0,0.2,ASK
1443058701,1495.0,0.2,ASK
1443058702,1495.0,1.0,ASK
1443058702,1495.0,0.01,ASK
1443058703,1495.0,0.5,ASK
1443058704,1495.0,0.2,ASK
1443058705,1495.0,2.1059,ASK
1443058705,1495.0,0.3,ASK
1443058705,1495.0,0.6,ASK
1443058705,1494.9,0.002,ASK
1443058705,1494.87,0.006,ASK
1443058705,1494.72,0.001,ASK
1443058705,1494.72,0.002,ASK
1443058705,1494.67,0.33,ASK
1443058705,1494.61,0.67,ASK
1443058708,1494.72,0.7,BID
1443058710,1494.73,0.669,ASK
1443058710,1494.61,6.8761,ASK
1443058711,1494.61,0.2437,ASK
1443058712,1494.73,0.058,ASK
1443058712,1494.61,0.1857,ASK
1443058733,1494.6,0.2,ASK
1443058733,1494.6,0.5,ASK
1443058734,1494.6,0.4253,ASK
1443058734,1494.6,0.2,ASK
1443058736,1494.6,0.2,ASK
1443058737,1494.6,0.5,ASK
1443058738,1494.6,1.0,ASK
1443058740,1494.6,0.19,ASK
1443058741,1494.6,0.2,ASK
1443058741,1494.6,0.01,ASK
1443058742,1494.6,0.19,ASK
1443058743,1494.6,0.391,ASK
1443058746,1494.6,0.15,ASK
1443058747,1494.6,0.305,ASK
1443058751,1494.6,0.01,ASK
1443058760,1494.6,0.01,ASK
1443058769,1494.6,0.01,ASK
1443058770,1494.6,0.362,ASK
1443058779,1494.6,0.01,ASK
1443058787,1494.6,0.2,ASK
1443058792,1494.6,0.2,ASK
1443058795,1494.6,0.2,ASK
1443058798,1494.6,0.2,ASK
1443058806,1494.6,0.11,ASK
1443058810,1494.6,0.1,ASK
1443058811,1494.6,0.83,ASK
1443058811,1494.6,0.6,ASK
1443058811,1494.6,2.6967,ASK
1443058811,1494.5,2.1933,ASK
1443058813,1494.5,0.05,ASK
1443058813,1494.5,0.48,ASK
1443058813,1494.5,0.01,ASK
1443058814,1494.5,0.2,ASK
1443058817,1494.5,0.05,ASK
1443058818,1494.5,0.2,ASK
1443058820,1494.5,2.58,ASK
1443058822,1494.5,0.2,ASK
1443058823,1494.5,0.01,ASK
1443058826,1494.5,2.5,ASK
1443058826,1494.5,0.627,ASK
1443058826,1494.5,0.6,ASK
1443058826,1494.5,0.4,ASK
1443058826,1494.5,1.723,ASK
1443058826,1494.5,0.2,ASK
1443058826,1494.5,0.6,ASK
1443058826,1494.5,1.0,ASK
1443058827,1494.5,0.2,ASK
1443058827,1494.5,1.0,ASK
1443058828,1494.5,0.05,ASK
1443058829,1494.5,0.01,ASK
1443058830,1494.5,0.2,ASK
1443058831,1494.5,0.01,ASK
1443058832,1494.5,0.05,ASK
1443058832,1494.51,7.568,ASK
1443058834,1494.5,0.26,ASK
1443058835,1494.5,1.0,ASK
1443058836,1494.5,1.0,ASK
1443058836,1494.5,0.6,ASK
1443058836,1494.5,0.05,ASK
1443058836,1494.5,1.0,ASK
1443058836,1494.5,0.9467,ASK
1443058837,1494.45,0.004,ASK
1443058838,1494.15,0.002,ASK
1443058838,1494.0,0.0751,ASK
1443058838,1494.0,0.0429,ASK
1443058855,1494.0,0.17,ASK
1443058870,1494.0,0.06,ASK
1443058871,1494.0,0.046,ASK
1443058872,1494.0,0.07,ASK
1443058885,1494.0,0.01,ASK
1443058886,1494.0,0.03,ASK
1443058899,1494.0,0.01,ASK
1443058926,1494.0,0.01,ASK
1443058936,1494.0,0.02,ASK
1443058957,1494.01,0.02,ASK
1443058964,1494.01,0.01,ASK
1443058966,1494.01,0.06,ASK
1443058970,1494.01,0.18,ASK
1443058973,1494.01,0.01,ASK
1443058974,1494.01,0.1,ASK
1443058979,1494.01,0.19,ASK
1443058983,1494.01,0.01,ASK
1443058991,1494.01,0.01,ASK
1443059000,1494.01,0.01,ASK
1443059008,1494.01,0.01,ASK
1443059012,1494.01,0.04,ASK
1443059016,1494.01,0.01,ASK
1443059025,1494.01,0.01,ASK
1443059045,1494.01,0.33,ASK
1443059045,1494.0,0.0611,ASK
1443059048,1493.91,11.967,ASK
1443059049,1493.92,0.1089,BID
1443059050,1493.93,0.02,ASK
1443059200,1494.33,0.001,BID
1443059206,1494.35,0.002,BID
1443059222,1494.35,0.01,ASK
1443059228,1494.35,0.01,ASK
1443059233,1494.35,0.01,ASK
1443059237,1494.35,0.8,ASK
1443059249,1494.35,0.1289,ASK
1443059251,1494.35,0.15,ASK
1443059251,1494.35,0.1,ASK
1443059252,1494.35,0.6,ASK
1443059259,1494.35,0.05,ASK
1443059260,1494.35,0.01,ASK
1443059262,1494.35,0.141,ASK
1443059262,1494.35,0.141,ASK
1443059262,1494.35,0.01,ASK
1443059262,1494.35,0.141,ASK
1443059262,1494.35,0.141,ASK
1443059263,1494.35,0.131,ASK
1443059265,1494.35,0.011,ASK
1443059266,1494.35,0.0016,ASK
1443059266,1494.35,0.05,ASK
1443059266,1494.35,0.5,ASK
1443059266,1494.35,0.6,ASK
1443059266,1494.35,0.4,ASK
1443059267,1494.35,0.243,ASK
1443059267,1494.35,0.141,ASK
1443059268,1494.35,0.01,ASK
1443059268,1494.35,0.4,ASK
1443059269,1494.35,0.6,ASK
1443059269,1494.35,0.15,ASK
1443059270,1494.35,0.5,ASK
1443059271,1494.35,0.6,ASK
1443059273,1494.35,0.05,ASK
1443059273,1494.35,0.1675,ASK
1443059280,1493.65,0.001,ASK
1443059280,1493.57,0.002,ASK
1443059283,1493.56,0.097,BID
1443059283,1494.16,0.003,BID
1443059285,1493.44,0.005,ASK
1443059285,1493.14,0.002,ASK
1443059285,1493.0,0.003,ASK
1443059285,1493.0,0.297,ASK
1443059285,1492.97,0.86,ASK
1443059285,1493.57,0.097,ASK
1443059285,1492.97,0.903,ASK
1443059286,1493.45,0.05,ASK
1443059287,1493.45,0.0472,ASK
1443059287,1492.97,0.4528,ASK
1443059287,1493.68,19.264,ASK
1443059291,1493.0,0.1033,ASK
1443059291,1492.99,0.001,ASK
1443059291,1492.97,0.0347,ASK
1443059291,1492.97,0.248,ASK
1443059291,1492.97,0.248,ASK
1443059294,1492.97,1.0,ASK
1443059295,1493.26,18.365,ASK
1443059298,1493.39,0.0252,BID
1443059299,1492.97,0.6,ASK
1443059300,1492.97,0.1279,ASK
1443059302,1492.96,0.057,BID
1443059302,1492.96,0.4151,BID
1443059303,1492.97,0.01,ASK
1443059303,1492.97,0.0469,ASK
1443059303,1492.95,0.0101,ASK
1443059306,1492.97,0.4721,ASK
1443059306,1492.95,0.1279,ASK
1443059306,1492.95,0.6,ASK
1443059306,1492.95,0.222,ASK
1443059306,1492.95,0.4721,ASK
1443059308,1492.95,0.01,ASK
1443059308,1492.95,0.05,ASK
1443059308,1492.95,0.297,ASK
1443059308,1492.95,0.18,ASK
1443059309,1492.95,0.3566,ASK
1443059309,1492.95,0.1431,ASK
1443059309,1492.95,0.0003,ASK
1443059309,1492.95,0.0355,ASK
1443059309,1492.95,0.0072,ASK
1443059318,1492.93,0.01,BID
1443059328,1492.54,0.004,ASK
1443059331,1492.85,0.01,BID
1443059347,1492.83,0.002,BID
1443059347,1492.94,0.0543,BID
1443059347,1492.94,0.097,BID
1443059348,1493.0,0.0252,ASK
1443059351,1493.0,1.0,ASK
1443059352,1493.0,1.0,ASK
1443059352,1493.0,2.1,ASK
1443059352,1493.0,0.3751,ASK
1443059352,1493.0,0.05,ASK
1443059355,1493.0,0.222,ASK
1443059356,1493.0,4.26,ASK
1443059357,1493.0,0.05,ASK
1443059358,1493.0,0.246,ASK
1443059362,1493.0,0.6,ASK
1443059362,1493.0,0.05,ASK
1443059363,1493.0,0.2,ASK
1443059367,1493.0,0.05,ASK
1443059367,1493.0,0.01,ASK
1443059370,1493.0,0.32,ASK
1443059372,1493.0,0.012,ASK
1443059373,1493.0,0.01,ASK
1443059373,1493.0,0.6,ASK
1443059374,1493.0,0.05,ASK
1443059374,1493.0,0.129,ASK
1443059376,1493.0,0.029,ASK
1443059376,1493.0,0.2,ASK
1443059378,1493.0,0.01,ASK
1443059379,1493.0,0.05,ASK
1443059381,1493.0,0.524,ASK
1443059383,1493.0,0.01,ASK
1443059384,1493.0,0.05,ASK
1443059385,1493.0,0.6444,ASK
1443059385,1492.65,0.015,ASK
1443059385,1492.65,0.0103,ASK
1443059385,1492.64,0.5587,ASK
1443059393,1492.73,0.1,ASK
1443059393,1492.64,1.34,ASK
1443059400,1492.64,0.6,ASK
1443059401,1492.64,0.05,ASK
1443059403,1492.64,0.162,ASK
1443059406,1492.64,0.05,ASK
1443059408,1492.64,0.371,ASK
1443059426,1492.35,0.01,ASK
1443059470,1492.3,0.01,ASK
1443059476,1492.3,0.16,ASK
1443059476,1492.3,0.01,ASK
1443059481,1492.3,0.01,ASK
1443059486,1492.3,0.01,ASK
1443059491,1492.58,0.1,BID
1443059491,1492.3,1.0,ASK
1443059491,1492.3,0.5,ASK
1443059492,1492.3,1.0,ASK
1443059493,1492.3,7.3,ASK
1443059493,1492.04,0.002,ASK
1443059493,1492.02,0.002,ASK
1443059493,1492.0,0.006,ASK
1443059494,1492.0,0.1,ASK
1443059494,1492.0,0.05,ASK
1443059498,1492.0,0.144,ASK
1443059498,1491.89,0.006,ASK
1443059499,1491.75,0.01,BID
1443059499,1491.8,0.85,BID
1443059501,1492.05,0.05,ASK
1443059504,1492.05,0.01,ASK
1443059506,1492.05,0.05,ASK
1443059510,1492.05,0.01,ASK
1443059514,1491.78,0.05,BID
1443059514,1492.24,0.05,BID
1443059520,1491.79,0.05,ASK
1443059524,1491.72,0.05,BID
1443059529,1491.73,0.05,ASK
1443059529,1491.73,0.05,ASK
1443059529,1491.59,0.002,ASK
1443059532,1491.59,0.4,BID
1443059533,1491.59,0.1889,BID
1443059549,1491.73,0.0068,ASK
1443059606,1491.73,0.0032,ASK
1443059606,1491.65,0.2238,ASK
1443059627,1491.9,0.9191,ASK
1443059632,1492.37,0.002,BID
1443059639,1492.63,0.033,BID
1443059639,1492.64,0.33,BID
1443059639,1492.64,0.037,BID
1443059644,1492.37,0.098,ASK
1443059644,1491.94,0.0137,ASK
1443059644,1491.93,0.2742,ASK
1443059644,1491.92,0.008,ASK
1443059648,1492.63,0.0116,BID
1443059648,1492.64,0.1184,BID
1443059660,1492.85,0.002,BID
1443059660,1492.87,0.002,BID
1443059660,1492.95,0.095,BID
1443059660,1492.97,0.33,BID
1443059660,1492.99,0.015,BID
1443059660,1493.0,0.046,BID
1443059662,1492.3,1.0,BID
1443059662,1492.3,17.699,BID
1443059726,1492.65,0.01,ASK
1443059731,1492.65,0.01,ASK
1443059737,1492.65,0.01,ASK
1443059742,1492.65,0.01,ASK
1443059748,1492.65,0.01,ASK
1443059749,1492.65,0.0378,ASK
1443059749,1492.65,0.095,ASK
1443059749,1492.64,0.0872,ASK
1443059753,1492.64,0.01,ASK
1443059759,1492.64,0.01,ASK
1443059764,1492.64,0.01,ASK
1443059769,1492.64,0.01,ASK
1443059776,1492.64,0.01,ASK
1443059781,1492.64,0.01,ASK
1443059786,1492.64,0.01,ASK
1443059792,1492.64,0.01,ASK
1443059792,1492.65,0.349,BID
1443059797,1492.64,0.01,ASK
1443059799,1492.65,0.0243,BID
1443059800,1492.65,0.3607,BID
1443059802,1492.66,0.01,ASK
1443059808,1492.66,0.01,ASK
1443059814,1492.97,0.002,BID
1443059814,1492.97,0.0127,BID
1443059814,1492.97,0.01,ASK
1443059818,1492.97,0.05,ASK
1443059819,1492.97,0.0227,ASK
1443059823,1492.96,0.01,BID
1443059835,1492.67,0.01,ASK
1443059870,1492.67,0.0027,ASK
1443059870,1492.66,0.0043,ASK
1443059870,1492.66,0.003,ASK
1443059874,1492.66,0.29,ASK
1443059929,1492.66,0.0677,ASK
1443059929,1492.64,0.9323,ASK
1443059935,1492.64,0.01,ASK
1443059940,1492.64,0.01,ASK
1443060012,1492.64,1.832,ASK
1443060032,1492.64,0.01,ASK
1443060037,1492.64,0.01,ASK
1443060043,1492.64,0.01,ASK
1443060048,1492.64,0.01,ASK
1443060055,1492.96,0.04,BID
1443060055,1492.96,0.0727,BID
1443060055,1492.97,0.0165,BID
1443060055,1492.98,0.0717,BID
1443060055,1492.64,0.01,ASK
1443060063,1492.65,0.01,ASK
1443060071,1492.65,0.0065,ASK
1443060071,1492.64,0.0035,ASK
1443060078,1492.64,0.01,ASK
1443060085,1492.64,0.01,ASK
1443060085,1492.64,0.4745,ASK
1443060091,1492.99,0.0127,BID
1443060091,1493.0,0.254,BID
1443060091,1493.14,0.011,BID
1443060091,1493.26,0.095,BID
1443060091,1493.26,0.0665,BID
1443060091,1493.26,0.0335,BID
1443060091,1493.27,1.0,BID
1443060091,1493.29,0.0838,BID
1443060091,1493.3,0.33,BID
1443060091,1493.32,0.33,BID
1443060091,1493.37,0.002,BID
1443060091,1493.39,7.9745,BID
1443060091,1493.4,0.7,BID
1443060091,1493.44,0.002,BID
1443060091,1493.5,8.0,BID
1443060091,1493.59,0.231,BID
1443060091,1493.6,2.464,BID
1443060092,1492.64,0.01,ASK
1443060093,1492.96,0.498,BID
1443060093,1493.27,0.9747,BID
1443060096,1493.32,0.5,ASK
1443060097,1493.32,0.178,ASK
1443060097,1493.32,0.4,ASK
1443060097,1493.32,0.05,ASK
1443060098,1493.32,0.2,ASK
1443060100,1493.32,0.01,ASK
1443060215,1493.51,0.01,BID
1443060216,1493.52,0.002,BID
1443060216,1493.54,0.002,BID
1443060216,1493.63,0.33,BID
1443060216,1493.67,0.001,BID
1443060216,1494.0,0.3,BID
1443060216,1494.04,0.004,BID
1443060217,1494.11,0.195,ASK
1443060218,1493.63,0.0972,ASK
1443060219,1493.35,0.1,BID
1443060219,1493.11,0.195,BID
1443060219,1493.35,0.1,BID
1443060219,1493.61,0.0978,BID
1443060219,1493.62,0.05,BID
1443060219,1494.15,0.0872,BID
1443060219,1494.16,0.2395,BID
1443060219,1494.36,0.4105,BID
1443060219,1493.89,0.01,BID
1443060220,1493.89,0.368,BID
1443060220,1494.3,0.01,ASK
1443060221,1494.3,0.33,ASK
1443060221,1494.3,0.01,ASK
1443060222,1494.3,0.33,ASK
1443060222,1494.37,0.002,BID
1443060222,1494.39,1.0,BID
1443060222,1494.56,0.1,BID
1443060222,1494.6,0.078,BID
1443060222,1494.3,0.07,ASK
1443060222,1494.3,0.2,ASK
1443060222,1494.3,5.536,ASK
1443060222,1494.3,0.2,ASK
1443060222,1494.3,0.1,ASK
1443060223,1494.3,0.209,ASK
1443060223,1494.3,1.8346,ASK
1443060223,1493.62,0.0149,ASK
1443060223,1493.36,0.1,ASK
1443060223,1493.36,0.1,ASK
1443060224,1493.3,0.01,BID
1443060225,1493.3,1.5,BID
1443060225,1493.3,0.114,BID
1443060225,1493.3,0.5,BID
1443060225,1493.3,0.8265,BID
1443060225,1494.07,0.06,BID
1443060225,1494.17,0.06,BID
1443060225,1494.17,0.05,BID
1443060225,1494.28,0.0149,BID
1443060225,1494.29,0.518,BID
1443060225,1494.29,0.65,BID
1443060225,1494.29,1.52,BID
1443060225,1494.29,1.6254,BID
1443060227,1494.28,0.01,BID
1443060227,1494.29,1.1736,BID
1443060227,1494.34,0.33,BID
1443060227,1494.36,0.01,BID
1443060227,1494.44,0.463,BID
1443060227,1494.5,0.5934,BID
1443060230,1494.08,0.49,BID
1443060230,1494.26,0.001,BID
1443060230,1494.5,0.009,BID
1443060234,1494.51,0.1,ASK
1443060235,1494.51,0.094,ASK
1443060236,1494.51,0.01,ASK
1443060236,1494.52,7.0,ASK
1443060236,1494.52,6.021,ASK
1443060237,1494.51,0.296,ASK
1443060239,1494.01,0.0972,BID
1443060239,1494.01,0.1068,BID
1443060262,1493.53,0.01,ASK
1443060262,1493.52,0.0325,ASK
1443060262,1493.52,0.0575,ASK
1443060316,1493.55,0.0231,ASK
1443060316,1493.55,0.0834,ASK
1443060316,1493.54,0.7525,ASK
1443060347,1493.55,0.095,ASK
1443060347,1493.54,0.005,ASK
1443060359,1493.3,0.078,ASK
1443060359,1493.02,0.001,ASK
1443060359,1493.01,0.021,ASK
1443060369,1493.72,0.001,ASK
1443060369,1493.7,0.099,ASK
1443060374,1494.11,0.425,ASK
1443060374,1494.42,0.001,BID
1443060375,1494.54,0.078,ASK
1443060375,1494.54,0.038,ASK
1443060375,1494.54,0.073,ASK
1443060378,1494.54,0.043,ASK
1443060378,1494.11,0.157,ASK
1443060379,1494.11,0.1,ASK
1443060381,1494.11,0.517,ASK
1443060382,1494.11,0.2,ASK
1443060382,1494.11,0.1462,ASK
1443060384,1494.16,0.122,ASK
1443060387,1494.16,0.2,ASK
1443060388,1494.16,0.01,ASK
1443060389,1494.51,0.001,BID
1443060389,1494.53,0.043,BID
1443060390,1494.63,0.1,ASK
1443060390,1494.63,0.2,ASK
1443060391,1494.63,0.0387,ASK
1443060391,1494.16,0.2993,ASK
1443060392,1494.16,0.338,ASK
1443060394,1494.16,0.48,ASK
1443060394,1494.16,0.2,ASK
1443060394,1494.16,0.01,ASK
1443060395,1494.62,0.039,BID
1443060395,1494.62,0.039,BID
1443060398,1494.13,0.001,ASK
1443060398,1494.11,0.199,ASK
1443060398,1494.11,0.05,ASK
1443060399,1494.11,0.1,ASK
1443060401,1494.11,0.01,ASK
1443060402,1494.11,0.2,ASK
1443060404,1494.12,0.05,BID
1443060404,1494.62,0.01,BID
1443060404,1494.63,0.1,BID
1443060404,1494.76,0.095,BID
1443060407,1494.81,0.05,ASK
1443060407,1494.81,0.5,ASK
1443060408,1494.81,0.077,ASK
1443060408,1494.81,0.6,ASK
1443060408,1494.81,0.0972,ASK
1443060408,1494.81,2.758,ASK
1443060408,1494.81,0.05,ASK
1443060408,1494.81,1.0,ASK
1443060408,1494.81,0.002,ASK
1443060409,1494.81,0.073,ASK
1443060409,1494.81,0.2,ASK
1443060409,1494.81,0.002,ASK
1443060409,1494.81,0.01,ASK
1443060410,1494.81,0.2,ASK
1443060410,1494.81,0.2,ASK
1443060410,1494.81,0.486,ASK
1443060411,1494.81,0.1,ASK
1443060413,1494.81,0.05,ASK
1443060416,1494.81,0.01,ASK
1443060417,1494.81,0.05,ASK
1443060417,1494.82,0.0165,BID
1443060420,1494.82,0.0785,ASK
1443060420,1494.81,0.0165,ASK
1443060426,1494.31,0.011,BID
1443060458,1494.33,0.001,ASK
1443060458,1494.13,0.05,ASK
1443060458,1494.12,0.0265,ASK
1443060458,1494.11,3.034,ASK
1443060458,1494.04,0.1,ASK
1443060458,1494.0,0.0973,BID
1443060460,1494.0,1.5,BID
1443060461,1494.0,4.889,BID
1443060461,1494.0,0.3022,BID
1443060531,1494.76,0.01,ASK
1443060545,1494.13,0.302,ASK
1443060545,1494.11,5.1359,ASK
1443060547,1494.11,7.5621,BID
1443060548,1494.77,0.002,BID
1443060548,1494.8,0.001,BID
1443060548,1494.82,0.0165,BID
1443060548,1494.83,0.33,BID
1443060548,1494.87,0.002,BID
1443060548,1494.92,0.1033,BID
1443060548,1494.94,0.1421,BID
1443060548,1494.94,0.0379,BID
1443060548,1494.94,0.095,BID
1443060548,1494.94,0.005,BID
1443060548,1494.95,1.2652,BID
1443060553,1494.46,0.01,BID
1443060554,1494.8,0.01,BID
1443060555,1494.8,0.09,BID
1443060555,1494.85,0.317,BID
1443060555,1494.95,4.1419,BID
1443060555,1494.97,0.33,BID
1443060555,1494.99,0.33,BID
1443060555,1495.0,0.3,BID
1443060555,1495.09,0.33,BID
1443060555,1495.17,0.004,BID
1443060555,1495.3,0.33,BID
1443060555,1495.32,0.33,BID
1443060555,1495.37,0.002,BID
1443060555,1495.42,0.33,BID
1443060555,1495.49,0.001,BID
1443060555,1495.61,9.0522,BID
1443060555,1495.65,0.33,BID
1443060555,1495.7,0.668,BID
1443060555,1495.7,7.4066,BID
1443060555,1495.76,0.046,BID
1443060555,1495.8,4.542,BID
1443060559,1494.57,0.001,ASK
1443060559,1494.55,0.009,ASK
1443060559,1494.56,6.0,ASK
1443060559,1494.56,2.865,ASK
1443060580,1494.55,0.007,ASK
1443060580,1494.54,0.003,ASK
1443060584,1494.55,0.01,ASK
1443060587,1494.55,0.0058,ASK
1443060587,1494.54,0.0042,ASK
1443060593,1494.96,0.01,ASK
1443060614,1494.21,0.22,ASK
1443060614,1494.22,0.0263,ASK
1443060614,1494.22,0.1238,ASK
1443060614,1494.21,0.0369,ASK
1443060624,1494.97,0.01,BID
1443060630,1494.93,0.01,BID
1443060646,1495.13,0.204,ASK
1443060647,1495.13,0.05,ASK
1443060647,1495.13,0.155,ASK
1443060647,1495.13,1.0,ASK
1443060648,1495.13,1.192,ASK
1443060648,1495.13,0.01,ASK
1443060649,1495.13,0.572,ASK
1443060649,1495.13,0.05,ASK
1443060650,1495.13,0.01,ASK
1443060652,1495.13,0.709,ASK
1443060659,1495.13,0.01,ASK
1443060663,1495.14,0.095,ASK
1443060663,1495.13,2.905,ASK
1443060665,1495.13,0.01,ASK
1443060666,1495.13,1.064,ASK
1443060667,1495.13,0.05,ASK
1443060668,1495.13,0.34,ASK
1443060670,1495.13,0.5,ASK
1443060670,1495.13,3.263,ASK
1443060671,1495.13,0.08,ASK
1443060671,1495.13,0.05,ASK
1443060672,1495.13,0.01,ASK
1443060675,1495.13,0.4,ASK
1443060675,1495.13,0.497,ASK
1443060675,1495.13,0.05,ASK
1443060677,1495.13,0.1958,ASK
1443060677,1494.81,0.0145,ASK
1443060677,1494.8,0.33,ASK
1443060677,1494.47,0.33,ASK
1443060677,1494.15,0.17,ASK
1443060689,1494.5,0.01,ASK
1443060690,1494.94,0.0773,BID
1443060690,1494.95,0.0165,BID
1443060690,1494.96,0.0062,BID
1443060712,1494.51,0.0973,ASK
1443060712,1494.5,0.0127,ASK
1443060712,1494.95,0.01,BID
1443060713,1494.95,0.0062,BID
1443060713,1494.96,0.0938,BID
1443060713,1494.96,0.1,BID
1443060713,1494.96,0.1,BID
1443060715,1494.96,0.01,BID
1443060715,1494.95,0.0973,BID
1443060715,1494.96,0.0027,BID
1443060720,1494.96,0.0173,BID
1443060720,1495.28,0.0027,BID
1443060756,1494.53,0.0167,ASK
1443060756,1494.53,0.0188,ASK
1443060756,1494.53,0.0293,ASK
1443060911,1495.4,0.001,BID
1443060911,1495.43,0.002,BID
1443060911,1495.72,0.0591,BID
1443060911,1495.73,1.1804,BID
1443060911,1495.73,0.002,BID
1443060911,1495.74,0.174,BID
1443060911,1495.78,0.001,BID
1443060911,1495.87,0.002,BID
1443060911,1495.93,0.0165,BID
1443060911,1495.94,0.33,BID
1443060911,1495.99,5.0,BID
1443060911,1496.0,0.3,BID
1443060911,1496.0,2.959,BID
1443060914,1495.38,8.0,BID
1443060914,1495.38,7.0,BID
1443060914,1495.38,30.747,BID
1443060921,1495.39,0.0289,ASK
1443060927,1495.33,0.02,BID
1443060931,1495.71,0.0165,BID
1443060931,1495.71,0.0293,BID
1443060931,1495.72,0.33,BID
1443060932,1495.76,0.01,ASK
1443060933,1495.77,0.06,ASK
1443060934,1495.77,0.008,ASK
1443060934,1495.76,0.052,ASK
1443060934,1495.76,0.111,ASK
1443060934,1495.76,0.296,ASK
1443060934,1495.76,0.05,ASK
1443060935,1495.76,0.068,ASK
1443060935,1495.76,0.0388,ASK
1443060938,1495.01,0.015,ASK
1443060938,1495.0,0.3,ASK
1443060941,1494.76,0.03,BID
1443060941,1495.45,0.01,BID
1443061012,1495.45,6.4536,BID
1443061012,1495.69,0.0521,BID
1443061012,1495.69,0.0109,BID
1443061012,1495.69,0.0564,BID
1443061012,1495.7,4.0,BID
1443061012,1495.75,5.0245,BID
1443061105,1495.3,0.001,BID
1443061129,1495.2,0.01,BID
1443061131,1494.9,0.15,BID
1443061132,1494.9,0.6689,BID
1443061134,1494.83,0.01,ASK
1443061134,1494.9,0.6689,BID
1443061135,1494.9,0.5476,BID
1443061135,1494.9,0.6689,BID
1443061136,1494.9,3.2957,BID
1443061137,1494.91,0.01,ASK
1443061139,1494.91,0.1,ASK
1443061140,1494.92,0.0631,ASK
1443061140,1494.91,0.5589,ASK
1443061140,1494.91,0.028,ASK
1443061141,1494.91,0.6409,ASK
1443061141,1494.91,0.0091,ASK
1443061142,1494.83,0.01,ASK
1443061143,1494.83,0.03,ASK
1443061143,1494.68,0.006,ASK
1443061148,1494.65,0.017,BID
1443061148,1494.99,0.003,BID
1443061177,1494.54,0.001,ASK
1443061177,1494.5,0.1273,ASK
1443061177,1494.5,1.2187,ASK
1443061179,1494.5,0.01,ASK
1443061188,1494.52,0.001,ASK
1443061188,1494.5,0.009,ASK
1443061188,1494.5,0.05,ASK
1443061191,1494.5,3.7123,ASK
1443061194,1494.49,0.01,BID
1443061199,1494.38,0.002,ASK
1443061243,1494.22,0.01,BID
1443061247,1494.21,0.33,ASK
1443061247,1494.12,0.5,ASK
1443061247,1494.12,0.5,ASK
1443061247,1494.11,0.151,ASK
1443061247,1494.11,2.519,ASK
1443061254,1494.48,0.032,BID
1443061254,1494.49,0.64,BID
1443061254,1494.69,0.0372,BID
1443061254,1494.7,5.0692,BID
1443061266,1494.7,0.9308,BID
1443061266,1494.7,8.0,BID
1443061266,1494.8,8.0,BID
1443061266,1494.8,4.0634,BID
1443061270,1494.7,0.01,ASK
1443061271,1494.7,2.58,ASK
1443061272,1494.7,0.05,ASK
1443061272,1494.7,0.01,ASK
1443061272,1494.7,0.1504,ASK
1443061273,1494.12,0.0042,ASK
1443061274,1494.21,0.1104,BID
1443061274,1494.68,1.0,ASK
1443061274,1494.68,1.0,ASK
1443061274,1494.68,4.072,ASK
1443061277,1494.37,0.01,ASK
1443061287,1494.49,0.109,ASK
1443061290,1494.49,0.13,ASK
1443061292,1494.5,13.0,ASK
1443061292,1494.5,2.703,ASK
1443061292,1494.49,0.01,ASK
1443061296,1494.49,0.2,ASK
1443061301,1494.54,0.01,ASK
1443061309,1494.54,0.01,ASK
1443061318,1494.54,0.01,ASK
1443061324,1494.54,0.19,ASK
1443061324,1494.49,0.128,ASK
1443061326,1494.5,0.0776,ASK
1443061326,1494.49,0.0724,ASK
1443061327,1494.49,0.05,ASK
1443061327,1494.49,0.19,ASK
1443061327,1494.49,0.0776,ASK
1443061332,1494.5,0.05,ASK
1443061340,1494.49,0.033,ASK
1443061340,1494.49,0.067,ASK
1443061340,1494.49,0.933,ASK
1443061340,1494.16,0.067,ASK
1443061342,1494.16,0.263,ASK
1443061342,1494.16,0.237,ASK
1443061343,1494.16,0.05,ASK
1443061344,1494.16,0.043,ASK
1443061344,1494.04,0.002,ASK
1443061344,1494.01,0.5,ASK
1443061344,1494.0,0.3,ASK
1443061351,1493.99,0.155,BID
1443061367,1493.83,0.05,ASK
1443061370,1493.83,0.01,ASK
1443061379,1493.83,0.01,ASK
1443061391,1493.83,0.01,ASK
1443061397,1494.22,0.011,BID
1443061397,1494.23,0.22,BID
1443061399,1494.3,0.5,ASK
1443061400,1494.3,0.05,ASK
1443061400,1494.3,0.2,ASK
1443061400,1494.3,0.01,ASK
1443061401,1494.31,19.0,BID
1443061401,1494.31,2.361,BID
1443061401,1494.3,0.5,ASK
1443061402,1494.3,0.5,ASK
1443061402,1494.3,0.2,ASK
1443061402,1494.3,0.2,ASK
1443061403,1494.3,0.722,ASK
1443061404,1494.3,0.5,ASK
1443061404,1494.3,0.05,ASK
1443061405,1494.3,1.0,ASK
1443061405,1494.3,0.5,ASK
1443061406,1494.3,0.2,ASK
1443061406,1494.3,0.2,ASK
1443061407,1494.3,0.2,ASK
1443061409,1494.3,0.01,ASK
1443061409,1494.3,1.0,ASK
1443061410,1494.3,0.2,ASK
1443061411,1494.3,0.2,ASK
1443061412,1494.3,0.05,ASK
1443061454,1494.37,0.002,BID
1443061454,1494.44,0.236,BID
1443061454,1494.45,0.236,BID
1443061454,1494.45,0.236,BID
1443061454,1494.49,0.0556,BID
1443061454,1494.49,0.016,BID
1443061454,1494.49,0.0492,BID
1443061454,1494.5,5.8581,BID
1443061458,1493.87,0.1,ASK
1443061458,1493.84,0.0758,ASK
1443061458,1493.84,0.0492,ASK
1443061458,1493.84,0.0556,ASK
1443061458,1493.83,0.25,ASK
1443061458,1493.83,1.4743,ASK
1443061470,1494.39,0.0758,BID
1443061470,1494.39,0.0492,BID
1443061470,1494.39,0.0556,BID
1443061471,1494.5,0.8572,ASK
1443061473,1494.5,0.05,ASK
1443061474,1494.5,0.02,ASK
1443061475,1494.5,0.1,ASK
1443061479,1494.5,0.05,ASK
1443061485,1494.5,0.05,ASK
1443061486,1494.5,0.01,ASK
1443061494,1494.5,0.01,ASK
1443061502,1494.5,0.01,ASK
1443061510,1494.65,0.001,BID
1443061510,1494.69,0.4996,BID
1443061510,1494.69,0.65,BID
1443061510,1494.76,0.1,BID
1443061510,1494.78,0.33,BID
1443061510,1494.8,8.0,BID
1443061510,1494.8,4.2233,BID
1443061510,1494.83,19.14,BID
1443061510,1494.87,0.002,BID
1443061510,1494.9,6.0,BID
1443061510,1494.9,8.0,BID
1443061510,1494.98,0.001,BID
1443061510,1495.0,13.2561,BID
1443061511,1494.5,0.01,ASK
1443061519,1494.53,0.001,ASK
1443061519,1494.51,0.009,ASK
1443061528,1494.51,0.01,ASK
1443061542,1494.51,0.0446,ASK
1443061544,1494.51,0.1195,ASK
1443061544,1494.5,1.1322,ASK
1443061546,1494.51,0.1195,BID
1443061556,1494.52,0.01,ASK
1443061565,1494.52,0.01,ASK
1443061573,1494.52,0.01,ASK
1443061582,1494.52,0.01,ASK
1443061590,1494.52,0.01,ASK
1443061599,1494.52,0.01,ASK
1443061603,1494.52,0.059,ASK
1443061604,1494.52,0.0005,ASK
1443061604,1494.51,0.0065,ASK
1443061604,1494.51,0.0471,ASK
1443061604,1494.5,0.1459,ASK
1443061605,1494.79,20.111,ASK
1443061608,1494.5,0.01,ASK
1443061617,1494.5,0.01,ASK
1443061626,1494.5,0.01,ASK
1443061631,1494.5,0.001,ASK
1443061634,1494.5,0.01,ASK
1443061659,1494.5,2.3331,ASK
1443061662,1494.49,0.136,BID
1443061670,1494.49,0.0004,BID
1443061670,1494.8,0.001,BID
1443061672,1494.8,5.5754,ASK
1443061673,1494.8,0.05,ASK
1443061675,1494.8,0.9,ASK
1443061678,1494.8,0.4,ASK
1443061678,1494.8,0.05,ASK
1443061681,1494.8,0.47,ASK
1443061683,1494.8,0.05,ASK
1443061686,1494.8,0.1,ASK
1443061686,1494.8,0.1,ASK
1443061687,1494.8,0.05,ASK
1443061687,1494.8,3.3081,ASK
1443061687,1494.8,0.089,ASK
1443061689,1494.8,0.08,ASK
1443061691,1494.8,0.08,ASK
1443061691,1494.8,0.311,ASK
1443061691,1494.8,0.05,ASK
1443061692,1494.8,0.08,ASK
1443061693,1494.8,0.06,ASK
1443061693,1494.8,0.42,ASK
1443061694,1494.8,0.06,ASK
1443061695,1494.8,0.05,ASK
1443061695,1494.81,4.0,ASK
1443061695,1494.81,4.26,ASK
1443061696,1494.8,0.02,ASK
1443061699,1494.8,0.4,ASK
1443061699,1494.8,0.05,ASK
1443061704,1494.8,0.427,ASK
1443061706,1494.9,0.05,ASK
1443061708,1494.9,1.0,ASK
1443061708,1494.9,0.2,ASK
1443061710,1494.9,0.2,ASK
1443061711,1494.9,0.2,ASK
1443061711,1494.9,0.01,ASK
1443061711,1494.9,0.05,ASK
1443061712,1494.9,1.0,ASK
1443061714,1494.9,0.2,ASK
1443061716,1494.9,0.2,ASK
1443061716,1494.9,0.05,ASK
1443061717,1494.9,1.0,ASK
1443061717,1494.9,0.19,ASK
1443061718,1494.9,0.16,ASK
1443061718,1494.9,0.19,ASK
1443061719,1494.9,0.01,ASK
1443061720,1494.98,3.0,ASK
1443061720,1494.98,5.0,ASK
1443061720,1494.98,3.241,ASK
1443061720,1494.9,1.79,ASK
1443061720,1494.8,9.8642,ASK
1443061720,1494.8,0.05,ASK
1443061721,1494.8,1.0,ASK
1443061725,1494.8,0.05,ASK
1443061725,1494.8,1.0,ASK
1443061727,1494.8,0.01,ASK
1443061728,1494.8,1.0,ASK
1443061729,1494.8,0.05,ASK
1443061731,1494.8,1.0,ASK
1443061734,1494.8,0.05,ASK
1443061735,1494.8,1.0,ASK
1443061736,1494.8,0.01,ASK
1443061737,1494.98,0.0124,BID
1443061737,1494.99,0.114,BID
1443061737,1494.99,0.3127,BID
1443061737,1495.0,2.1409,BID
1443061739,1494.81,0.0457,ASK
1443061739,1494.8,0.9139,ASK
1443061739,1494.58,0.0165,ASK
1443061739,1494.57,0.0239,ASK
1443061739,1494.57,0.05,ASK
1443061745,1494.6,0.001,ASK
1443061745,1494.58,0.009,ASK
1443061753,1494.58,0.0038,ASK
1443061755,1494.57,0.05,ASK
1443061761,1494.58,0.0103,ASK
1443061761,1494.57,0.0397,ASK
1443061766,1494.57,0.05,ASK
1443061770,1494.57,0.05,ASK
1443061773,1494.57,0.01,ASK
1443061774,1494.57,0.05,ASK
1443061779,1494.57,0.0064,ASK
1443061779,1494.47,0.0436,ASK
1443061782,1494.47,0.01,ASK
1443061783,1494.9,0.001,BID
1443061783,1494.9,1.0451,BID
1443061785,1494.48,0.0138,ASK
1443061785,1494.47,0.0362,ASK
1443061792,1494.48,0.012,ASK
1443061792,1494.47,0.038,ASK
1443061796,1494.49,0.001,ASK
1443061796,1494.47,0.049,ASK
1443061796,1494.47,0.01,ASK
1443061801,1494.47,0.05,ASK
1443061804,1494.47,0.01,ASK
1443061805,1494.47,0.05,ASK
1443061809,1494.47,0.0332,ASK
1443061809,1494.37,0.0168,ASK
1443061817,1494.37,0.01,ASK
1443061825,1494.37,0.01,ASK
1443061830,1494.37,0.233,ASK
1443061833,1494.37,0.0002,ASK
1443061833,1494.35,0.001,ASK
1443061833,1494.19,0.0488,ASK
1443061835,1494.19,0.01,ASK
1443061843,1494.19,0.01,ASK
1443061845,1494.2,2.0,ASK
1443061845,1494.2,1.0,ASK
1443061845,1494.2,0.61,ASK
1443061852,1494.19,0.1,ASK
1443061855,1494.19,0.1612,ASK
1443061855,1494.14,0.0998,ASK
1443061856,1494.14,0.2,ASK
1443061858,1494.14,0.0302,ASK
1443061858,1493.94,0.0198,ASK
1443061859,1493.94,0.0037,ASK
1443061859,1493.94,0.2263,ASK
1443061861,1493.86,0.11,ASK
1443061862,1493.86,0.011,ASK
1443061866,1494.4,0.777,BID
1443061868,1493.86,0.05,ASK
1443061872,1493.86,0.01,ASK
1443061873,1493.86,0.02,ASK
1443061878,1493.86,0.01,ASK
1443061883,1493.86,0.09,ASK
1443061885,1493.86,0.01,ASK
1443061892,1493.86,0.01,ASK
1443061893,1493.86,0.009,ASK
1443061893,1493.86,0.33,ASK
1443061893,1493.86,0.33,ASK
1443061893,1493.83,0.01,ASK
1443061894,1493.83,0.06,ASK
1443061894,1493.83,0.05,ASK
1443061895,1493.86,0.011,BID
1443061895,1494.11,0.0125,BID
1443061895,1494.12,0.3765,BID
1443061898,1493.84,0.0544,ASK
1443061898,1493.84,0.0125,ASK
1443061898,1493.83,0.9331,ASK
1443061898,1493.83,0.01,ASK
1443061901,1493.83,0.066,ASK
1443061904,1493.83,0.05,ASK
1443061905,1493.83,1.0,ASK
1443061906,1493.83,0.01,ASK
1443061907,1493.84,3.0,ASK
1443061907,1493.84,2.0,ASK
1443061907,1493.84,9.311,ASK
1443061908,1493.83,1.0,ASK
1443061909,1493.83,0.05,ASK
1443061911,1493.83,1.0,ASK
1443061912,1494.1,0.261,BID
1443061912,1494.11,0.0131,ASK
1443061913,1494.11,0.01,ASK
1443061914,1494.11,0.05,ASK
1443061915,1494.11,0.0659,ASK
1443061915,1493.84,0.0131,ASK
1443061915,1493.83,0.1539,ASK
1443061918,1493.83,0.5,ASK
1443061919,1493.84,11.0,ASK
1443061919,1493.84,4.0,ASK
1443061919,1493.84,9.071,ASK
1443061920,1493.83,0.01,ASK
1443061921,1493.83,1.0,ASK
1443061925,1493.83,0.911,ASK
1443061926,1493.83,0.0009,ASK
1443061926,1493.8,0.0091,ASK
1443061929,1493.8,0.3209,ASK
1443061929,1493.76,0.0091,ASK
1443061931,1493.76,0.0089,ASK
1443061931,1493.75,0.004,ASK
1443061931,1493.53,0.0371,ASK
1443061933,1493.53,0.012,ASK
1443061933,1493.53,0.01,ASK
1443061936,1493.83,0.6,BID
1443061939,1493.82,0.1518,BID
1443061939,1493.83,0.1052,BID
1443061940,1493.53,0.01,ASK
1443061946,1493.53,0.01,ASK
1443061953,1493.53,0.01,ASK
1443061953,1493.82,0.0336,BID
1443061953,1493.82,0.0112,BID
1443061953,1493.83,0.5552,BID
1443061972,1493.68,0.01,ASK
1443061976,1493.82,0.01,BID
1443061976,1493.83,0.59,BID
1443061980,1493.68,0.01,ASK
1443061987,1493.68,0.002,ASK
1443061987,1493.68,0.008,ASK
1443061991,1493.82,0.01,BID
1443061991,1493.82,0.01,BID
1443061991,1493.83,0.58,BID
1443061996,1493.68,0.002,ASK
1443061996,1493.68,0.008,ASK
1443062003,1493.68,0.002,ASK
1443062003,1493.68,0.008,ASK
1443062006,1493.82,0.01,BID
1443062006,1493.82,0.01,BID
1443062006,1493.83,0.58,BID
1443062006,1493.67,0.05,ASK
1443062010,1493.67,0.01,ASK
1443062013,1493.67,0.05,ASK
1443062017,1493.67,0.01,ASK
1443062018,1493.83,0.0333,BID
1443062019,1493.83,0.666,BID
1443062020,1493.83,0.6694,BID
1443062021,1493.83,0.4256,BID
1443062023,1493.84,0.05,ASK
1443062024,1493.84,0.01,ASK
1443062024,1493.84,0.1838,ASK
1443062024,1493.84,0.06,ASK
1443062025,1493.84,0.243,ASK
1443062025,1493.84,0.3664,ASK
1443062028,1493.68,0.016,ASK
1443062028,1493.67,0.034,ASK
1443062031,1493.67,0.01,ASK
1443062032,1493.68,0.0143,ASK
1443062032,1493.67,0.0357,ASK
1443062034,1493.67,0.2403,ASK
1443062050,1493.52,0.003,ASK
1443062050,1493.35,0.047,ASK
1443062058,1493.35,0.01,ASK
1443062065,1493.35,0.01,ASK
1443062072,1493.35,0.01,ASK
1443062087,1493.64,0.068,BID
1443062087,1493.65,0.0143,BID
1443062087,1493.66,0.0457,BID
1443062087,1493.66,0.172,BID
1443062100,1493.36,0.01,ASK
1443062100,1493.66,0.0683,BID
1443062103,1493.66,0.05,ASK
1443062104,1493.66,0.0222,ASK
1443062106,1493.36,0.0292,ASK
1443062106,1493.35,0.0428,ASK
1443062151,1493.82,0.1405,BID
1443062151,1493.87,0.002,BID
1443062151,1494.14,0.016,BID
1443062151,1494.15,0.33,BID
1443062151,1494.15,0.11,BID
1443062151,1494.15,0.11,BID
1443062151,1494.15,0.11,BID
1443062151,1494.16,0.33,BID
1443062151,1494.24,0.21,BID
1443062151,1494.28,0.002,BID
1443062151,1494.3,1.0968,BID
1443062151,1494.3,4.235,BID
1443062153,1493.37,0.1406,ASK
1443062154,1493.37,0.01,BID
1443062155,1493.37,0.139,BID
1443062156,1493.7,0.33,BID
1443062165,1493.86,0.01,BID
1443062167,1493.87,0.002,BID
1443062171,1493.88,0.0973,ASK
1443062171,1493.87,0.008,ASK
1443062174,1493.8,0.035,BID
1443062174,1493.8,0.0003,BID
1443062180,1493.81,0.035,ASK
1443062180,1493.72,0.085,BID
1443062180,1494.01,0.012,BID
1443062183,1493.8,0.024,BID
1443062184,1493.8,0.0457,BID
1443062192,1493.71,0.01,BID
1443062193,1494.01,0.01,BID
1443062194,1494.01,0.048,BID
1443062212,1494.01,0.027,BID
1443062222,1494.02,0.015,BID
1443062226,1494.02,0.0003,BID
1443062226,1494.03,0.0147,BID
1443062232,1494.02,0.0139,BID
1443062232,1494.03,0.0001,BID
1443062253,1494.03,0.315,BID
1443062254,1494.03,0.0002,BID
1443062316,1494.04,0.01,ASK
1443062361,1494.04,0.02,ASK
1443062367,1494.04,0.01,ASK
1443062374,1494.04,0.01,ASK
1443062392,1494.04,0.265,ASK
1443062393,1494.04,0.097,BID
1443062394,1494.04,0.714,BID
1443062395,1494.02,0.2,BID
1443062395,1494.04,0.4693,BID
1443062396,1494.04,0.6693,BID
1443062397,1494.04,1.258,BID
1443062398,1494.04,0.6693,BID
1443062399,1494.04,0.6693,BID
1443062400,1494.04,0.05,BID
1443062400,1494.04,0.6693,BID
1443062401,1494.04,0.1385,BID
1443062404,1494.05,0.01,ASK
1443062424,1494.34,0.0055,BID
1443062430,1494.1,0.124,ASK
1443062430,1494.34,0.09,BID
1443062435,1494.34,0.0018,BID
1443062435,1494.35,0.2782,BID
1443062439,1494.11,0.0973,ASK
1443062439,1494.11,0.1448,ASK
1443062439,1494.1,0.0379,ASK
1443062442,1494.1,0.124,ASK
1443062445,1494.34,0.0973,BID
1443062445,1494.35,0.0518,BID
1443062445,1494.35,0.0165,BID
1443062445,1494.36,0.2324,BID
1443062447,1494.36,0.07,BID
1443062448,1494.36,0.0276,BID
1443062448,1494.37,0.002,BID
1443062455,1494.37,0.01,ASK
1443062462,1494.37,0.01,ASK
1443062474,1494.37,0.01,ASK
1443062476,1494.37,0.0676,ASK
1443062476,1494.37,0.0564,ASK
1443062477,1494.37,0.0412,ASK
1443062478,1494.35,0.0973,ASK
1443062488,1494.07,0.0974,ASK
1443062488,1494.06,0.0266,ASK
1443062498,1494.06,0.0089,ASK
1443062498,1494.06,0.0165,ASK
1443062498,1494.05,0.0986,ASK
1443062499,1494.05,0.01,ASK
1443062508,1494.06,0.0162,ASK
1443062508,1494.05,0.1078,ASK
1443062517,1494.05,0.124,ASK
1443062525,1494.05,0.01,ASK
1443062527,1494.05,0.124,ASK
1443062549,1494.32,0.0027,BID
1443062556,1494.32,0.0893,ASK
1443062556,1494.05,0.0464,ASK
1443062556,1494.05,0.1885,ASK
1443062558,1494.05,0.37,BID
1443062558,1494.05,0.4434,BID
1443062559,1494.05,0.01,BID
1443062559,1494.05,0.6693,BID
1443062560,1494.05,0.6693,BID
1443062561,1494.05,0.6693,BID
1443062562,1494.05,0.6693,BID
1443062563,1494.05,0.01,BID
1443062565,1494.05,0.1,BID
1443062565,1494.02,0.01,ASK
1443062565,1493.9,0.09,ASK
1443062566,1494.05,0.301,BID
1443062566,1494.05,0.301,BID
1443062566,1494.05,0.301,BID
1443062566,1494.05,0.301,BID
1443062566,1494.05,0.01,BID
1443062566,1494.05,0.5202,BID
1443062573,1494.1,0.01,ASK
1443062579,1494.1,0.1,BID
1443062579,1494.31,0.0893,BID
1443062579,1494.34,0.1655,BID
1443062579,1494.35,0.0145,BID
1443062579,1494.35,3.32,BID
1443062579,1494.36,0.124,BID
1443062579,1494.36,0.1652,BID
1443062579,1494.47,0.0165,BID
1443062579,1494.48,0.33,BID
1443062579,1494.51,0.005,BID
1443062579,1494.64,0.33,BID
1443062579,1494.64,0.33,BID
1443062579,1494.69,0.33,BID
1443062579,1494.8,0.33,BID
1443062579,1494.81,0.002,BID
1443062579,1494.87,0.001,BID
1443062579,1494.87,0.002,BID
1443062579,1494.97,0.33,BID
1443062579,1494.97,0.33,BID
1443062579,1494.99,0.2498,BID
1443062579,1495.0,4.103,BID
1443062579,1495.0,0.3,BID
1443062579,1495.0,0.4144,BID
1443062579,1495.1,8.0,BID
1443062579,1495.1,6.0,BID
1443062579,1495.2,6.0,BID
1443062579,1495.2,8.0,BID
1443062579,1495.3,1.0195,BID
1443062579,1495.3,3.075,BID
1443062600,1494.4,0.124,ASK
1443062602,1494.41,0.01,ASK
1443062610,1494.42,0.01,ASK
1443062621,1494.5,0.1,ASK
1443062631,1494.51,0.054,ASK
1443062631,1494.51,0.1152,ASK
1443062631,1494.5,0.8308,ASK
1443062637,1494.6,0.031,ASK
1443062643,1494.45,0.01,ASK
1443062643,1494.45,0.0072,ASK
1443062643,1494.44,0.3168,ASK
1443062646,1494.4,0.5484,ASK
1443062648,1494.4,1.0,ASK
1443062652,1494.44,0.1,BID
1443062656,1494.45,0.1,ASK
1443062656,1494.44,0.1,ASK
1443062656,1494.41,0.8,ASK
1443062659,1494.6,0.1,ASK
1443062669,1494.42,0.1,ASK
1443062677,1495.24,0.0974,BID
1443062677,1495.25,0.001,BID
1443062677,1495.26,0.003,BID
1443062677,1495.27,0.0302,BID
1443062677,1495.28,0.002,BID
1443062679,1495.28,0.15,ASK
1443062679,1495.28,0.3546,ASK
1443062680,1494.93,0.05,BID
1443062680,1495.16,0.05,BID
1443062680,1495.26,0.0464,BID
1443062680,1495.27,0.505,BID
1443062680,1495.27,0.505,BID
1443062680,1495.27,0.5046,BID
1443062680,1495.34,0.0163,BID
1443062680,1495.35,0.33,BID
1443062680,1495.37,0.002,BID
1443062680,1495.49,0.3268,BID
1443062680,1495.52,1.8509,BID
1443062680,1495.26,9.0,ASK
1443062680,1495.26,2.545,ASK
1443062682,1494.78,0.1,BID
1443062682,1494.57,0.0974,ASK
1443062682,1494.56,0.0302,ASK
1443062682,1494.55,0.3764,ASK
1443062683,1494.78,0.404,BID
1443062688,1495.09,0.0165,BID
1443062689,1495.09,0.01,ASK
1443062689,1495.09,0.0735,ASK
1443062689,1494.81,0.0164,ASK
1443062689,1494.8,0.9101,ASK
1443062690,1494.81,0.0165,ASK
1443062690,1494.8,0.8735,ASK
1443062692,1494.8,0.1,ASK
1443062695,1494.79,0.1,ASK
1443062695,1494.79,0.504,ASK
1443062695,1494.95,0.01,BID
1443062695,1495.09,0.0165,BID
1443062695,1495.1,0.33,BID
1443062699,1494.68,0.01,BID
1443062706,1494.77,0.0974,BID
1443062706,1494.78,0.5066,BID
1443062706,1494.61,0.0055,ASK
1443062707,1494.61,0.011,ASK
1443062707,1494.6,0.089,BID
1443062707,1494.78,0.0084,BID
1443062709,1494.59,0.0974,BID
1443062709,1494.59,0.0356,BID
1443062712,1494.6,0.01,ASK
1443062715,1494.6,0.123,ASK
1443062715,1494.55,0.208,ASK
1443062715,1494.55,0.0916,ASK
1443062718,1494.5,0.04,ASK
1443062718,1494.43,0.92,ASK
1443062718,1494.43,0.08,ASK
1443062719,1494.4,0.01,ASK
1443062720,1494.43,0.02,BID
1443062720,1494.49,0.04,BID
1443062730,1494.4,0.1,ASK
1443062731,1494.5,0.65,ASK
1443062734,1494.55,0.01,BID
1443062739,1494.4,0.1,ASK
1443062740,1494.4,0.65,ASK
1443062741,1494.4,0.04,ASK
1443062741,1494.4,0.65,ASK
1443062742,1494.4,0.65,ASK
1443062743,1494.4,0.65,ASK
1443062743,1494.4,0.01,ASK
1443062744,1494.4,0.65,ASK
1443062745,1494.45,0.03,ASK
1443062745,1494.4,0.62,ASK
1443062746,1494.4,0.01,ASK
1443062746,1494.4,0.65,ASK
1443062747,1494.4,0.65,ASK
1443062748,1494.4,0.65,ASK
1443062749,1494.4,0.65,ASK
1443062750,1494.4,0.1,ASK
1443062750,1494.4,0.01,ASK
1443062751,1494.4,0.65,ASK
1443062751,1494.4,0.65,ASK
1443062752,1494.4,0.65,ASK
1443062754,1494.4,0.2143,ASK
1443062755,1494.4,0.03,ASK
1443062758,1494.4,0.01,ASK
1443062761,1494.47,0.1,ASK
1443062765,1494.47,0.01,ASK
1443062772,1494.47,0.01,ASK
1443062772,1494.47,0.03,ASK
1443062772,1494.4,0.07,ASK
1443062778,1494.4,0.01,ASK
1443062782,1494.4,0.1,ASK
1443062784,1494.4,0.01,ASK
1443062790,1494.4,0.01,ASK
1443062793,1494.4,0.1,ASK
1443062796,1494.4,0.01,ASK
1443062799,1494.4,0.328,ASK
1443062802,1494.4,0.01,ASK
1443062802,1494.4,0.332,ASK
1443062804,1494.4,0.1,ASK
1443062804,1494.41,4.0,ASK
1443062804,1494.41,6.452,ASK
1443062808,1494.4,0.01,ASK
1443062814,1494.4,0.1,ASK
1443062814,1494.4,0.01,ASK
1443062821,1494.4,0.01,ASK
1443062827,1494.55,0.1451,BID
1443062827,1494.55,0.01,ASK
1443062829,1494.56,0.1451,ASK
1443062829,1494.55,0.1789,ASK
1443062831,1494.55,0.1,ASK
1443062832,1494.55,0.53,ASK
1443062832,1494.55,0.01,ASK
1443062834,1494.55,0.02,ASK
1443062835,1494.55,0.025,ASK
1443062838,1494.55,0.01,ASK
1443062841,1494.55,0.11,ASK
1443062843,1494.55,0.1,ASK
1443062845,1494.55,0.01,ASK
1443062848,1494.55,0.02,ASK
1443062851,1494.55,0.01,ASK
1443062856,1494.55,0.1,ASK
1443062857,1494.55,0.01,ASK
1443062862,1494.57,0.001,ASK
1443062862,1494.55,0.009,ASK
1443062866,1494.55,0.1,ASK
1443062868,1494.55,0.01,ASK
1443062876,1494.55,0.01,ASK
1443062877,1494.55,0.1,ASK
1443062882,1494.55,0.01,ASK
1443062883,1494.55,3.2,ASK
1443062885,1494.55,0.05,ASK
1443062886,1494.55,0.1451,ASK
1443062887,1494.55,0.1,ASK
1443062887,1494.55,0.01,ASK
1443062889,1494.55,0.05,ASK
1443062893,1494.55,0.01,ASK
1443062895,1494.55,0.05,ASK
1443062897,1494.55,0.1,ASK
1443062899,1494.55,0.05,ASK
1443062900,1494.55,1.8045,ASK
1443062901,1494.55,1.0,ASK
1443062901,1494.55,3.3985,ASK
1443062902,1494.55,0.2,ASK
1443062902,1494.55,0.01,ASK
1443062903,1494.55,0.05,ASK
1443062904,1494.55,0.2,ASK
1443062904,1494.55,1.0,ASK
1443062906,1494.55,0.141,ASK
1443062906,1494.55,0.141,ASK
1443062906,1494.55,0.141,ASK
1443062906,1494.55,0.2,ASK
1443062907,1494.55,0.141,ASK
1443062908,1494.55,0.1,ASK
1443062908,1494.55,0.01,ASK
1443062908,1494.55,0.05,ASK
1443062909,1494.56,13.758,ASK
1443062911,1494.55,0.2,ASK
1443062912,1494.55,0.3,ASK
1443062913,1494.55,0.2,ASK
1443062914,1494.55,0.01,ASK
1443062914,1494.55,0.14,ASK
1443062914,1494.55,0.2,ASK
1443062915,1494.55,0.4,ASK
1443062916,1494.55,0.05,ASK
1443062916,1494.55,0.2,ASK
1443062917,1494.55,0.6,ASK
1443062917,1494.55,0.2,ASK
1443062918,1494.55,0.164,ASK
1443062919,1494.55,0.2,ASK
1443062919,1494.55,0.1,ASK
1443062919,1494.55,1.0,ASK
1443062920,1494.55,0.01,ASK
1443062921,1494.55,0.2,ASK
1443062921,1494.55,0.393,ASK
1443062921,1494.55,0.05,ASK
1443062922,1494.55,1.0,ASK
1443062924,1494.55,0.2,ASK
1443062925,1494.55,0.2,ASK
1443062926,1494.55,0.01,ASK
1443062926,1494.55,0.05,ASK
1443062926,1494.55,1.0,ASK
1443062926,1494.55,0.2,ASK
1443062927,1494.55,1.7206,ASK
1443062927,1494.55,0.1067,ASK
1443062928,1494.55,1.0,ASK
1443062929,1494.55,0.2,ASK
1443062929,1494.55,0.1,ASK
1443062930,1494.55,0.05,ASK
1443062931,1494.55,0.01,ASK
1443062933,1494.55,1.0,ASK
1443062934,1494.55,0.2,ASK
1443062934,1494.55,0.05,ASK
1443062936,1494.55,0.2,ASK
1443062936,1494.55,2.58,ASK
1443062937,1494.55,2.0,ASK
1443062937,1494.55,0.01,ASK
1443062937,1494.55,1.18,ASK
1443062939,1494.55,1.0,ASK
1443062939,1494.55,0.2,ASK
1443062940,1494.55,0.05,ASK
1443062941,1494.55,1.0,ASK
1443062942,1494.55,0.1,ASK
1443062943,1494.55,0.2,ASK
1443062944,1494.55,0.01,ASK
1443062944,1494.55,1.0,ASK
1443062944,1494.55,0.05,ASK
1443062944,1494.55,0.2,ASK
1443062947,1494.55,0.09,ASK
1443062948,1494.55,0.46,ASK
1443062949,1494.55,0.05,ASK
1443062949,1494.55,0.06,ASK
1443062949,1494.55,0.2,ASK
1443062949,1494.55,0.01,ASK
1443062950,1494.55,0.2,ASK
1443062953,1494.55,0.2,ASK
1443062953,1494.55,1.0,ASK
1443062954,1494.55,0.2,ASK
1443062955,1494.55,0.05,ASK
1443062955,1494.55,0.01,ASK
1443062956,1494.55,0.2,ASK
1443062957,1494.55,1.0,ASK
1443062957,1494.55,0.2,ASK
1443062958,1494.55,0.15,ASK
1443062960,1494.55,0.05,ASK
1443062961,1494.55,0.01,ASK
1443062961,1494.55,0.261,ASK
1443062962,1494.55,0.06,ASK
1443062963,1494.55,0.011,ASK
1443062965,1494.55,0.122,ASK
1443062965,1494.55,0.05,ASK
1443062965,1494.55,0.122,ASK
1443062966,1494.55,1.0,ASK
1443062966,1494.55,0.122,ASK
1443062966,1494.55,0.2,ASK
1443062967,1494.55,0.134,ASK
1443062967,1494.55,0.122,ASK
1443062967,1494.55,0.01,ASK
1443062967,1494.55,0.225,ASK
1443062968,1494.55,0.198,ASK
1443062968,1494.55,0.2,ASK
1443062969,1494.55,0.111,ASK
1443062969,1494.55,0.05,ASK
1443062970,1494.55,0.29,ASK
1443062970,1494.55,0.05,ASK
1443062972,1494.55,0.12,ASK
1443062973,1494.55,0.011,ASK
1443062974,1494.55,0.01,ASK
1443062974,1494.55,0.12,ASK
1443062975,1494.55,0.12,ASK
1443062975,1494.55,0.05,ASK
1443062976,1494.55,0.069,ASK
1443062979,1494.55,0.05,ASK
1443062979,1494.55,0.05,ASK
1443062979,1494.55,0.01,ASK
1443062980,1494.55,0.4153,ASK
1443062980,1494.4,0.1097,ASK
1443062984,1494.4,0.069,ASK
1443062985,1494.4,0.01,ASK
1443062991,1494.4,0.01,ASK
1443062996,1494.4,0.01,ASK
1443063003,1494.4,0.01,ASK
1443063006,1494.4,0.05,ASK
1443063007,1494.4,4.29,ASK
1443063008,1494.4,0.01,ASK
1443063013,1494.4,0.05,ASK
1443063014,1494.4,0.01,ASK
1443063017,1494.4,0.05,ASK
1443063020,1494.4,0.01,ASK
1443063022,1494.4,0.05,ASK
1443063025,1494.4,0.01,ASK
1443063026,1494.4,0.05,ASK
1443063027,1494.59,0.01,BID
1443063031,1494.41,0.01,ASK
1443063037,1494.41,0.0001,ASK
1443063037,1494.4,0.0099,ASK
1443063039,1494.4,0.01,ASK
1443063041,1494.4,0.05,ASK
1443063044,1494.4,0.01,ASK
1443063044,1494.4,0.25,ASK
1443063045,1494.4,0.05,ASK
1443063049,1494.4,0.01,ASK
1443063050,1494.4,0.05,ASK
1443063055,1494.4,0.01,ASK
1443063057,1494.4,0.447,ASK
1443063060,1494.4,1.7972,ASK
1443063061,1494.4,0.01,ASK
1443063067,1494.4,0.01,ASK
1443063071,1494.4,0.05,ASK
1443063074,1494.4,0.01,ASK
1443063077,1494.61,0.106,BID
1443063077,1494.7,0.01,BID
1443063078,1494.62,0.05,ASK
1443063078,1494.62,0.056,ASK
1443063078,1494.56,0.075,BID
1443063079,1494.62,0.01,ASK
1443063079,1494.83,8.32,BID
1443063081,1494.83,0.0195,BID
1443063083,1494.62,0.021,ASK
1443063087,1494.48,0.01,BID
1443063091,1494.48,0.03,ASK
1443063091,1494.4,0.02,ASK
1443063093,1494.4,0.01,ASK
1443063098,1494.4,0.01,ASK
1443063105,1494.4,0.01,ASK
1443063110,1494.5,0.01,ASK
1443063112,1494.5,0.05,ASK
1443063115,1494.5,0.01,ASK
1443063116,1494.5,0.12,ASK
1443063117,1494.5,0.05,ASK
1443063120,1494.5,0.12,ASK
1443063121,1494.5,0.01,ASK
1443063121,1494.5,0.05,ASK
1443063126,1494.5,0.01,ASK
1443063127,1494.61,0.021,BID
1443063127,1494.66,0.3,BID
1443063127,1494.67,0.0411,BID
1443063127,1494.69,0.0267,BID
1443063127,1494.7,0.261,BID
1443063127,1494.73,0.475,BID
1443063127,1494.84,0.001,BID
1443063127,1494.87,0.002,BID
1443063127,1494.87,0.0165,BID
1443063127,1494.88,0.0357,BID
1443063127,1494.5,0.05,ASK
1443063131,1494.73,0.757,ASK
1443063132,1494.71,0.01,ASK
1443063133,1494.7,0.02,ASK
1443063135,1494.62,0.021,ASK
1443063135,1494.51,0.0267,ASK
1443063135,1494.5,0.0023,ASK
1443063136,1494.87,0.0147,BID
1443063136,1494.88,0.2793,BID
1443063136,1494.88,0.015,BID
1443063136,1494.89,0.002,ASK
1443063137,1494.89,0.0779,ASK
1443063138,1494.89,0.1991,ASK
1443063138,1494.51,0.0165,ASK
1443063138,1494.51,0.041,ASK
1443063138,1494.51,0.0147,ASK
1443063138,1494.5,0.2048,ASK
1443063140,1494.62,0.01,BID
1443063140,1494.63,0.05,BID
1443063140,1494.88,0.015,BID
1443063140,1494.88,0.0629,BID
1443063142,1494.89,0.015,ASK
1443063142,1494.89,0.0001,ASK
1443063142,1494.51,0.0149,ASK
1443063146,1494.59,0.0149,ASK
1443063146,1494.59,0.01,ASK
1443063151,1494.89,0.195,BID
1443063152,1494.53,0.01,ASK
1443063158,1494.52,0.001,ASK
1443063158,1494.5,0.009,ASK
1443063159,1494.87,0.01,BID
1443063159,1494.88,0.1217,BID
1443063159,1494.88,0.0271,BID
1443063159,1494.88,0.0477,BID
1443063159,1494.89,9.355,BID
1443063159,1494.98,0.001,BID
1443063160,1495.0,0.141,ASK
1443063160,1495.0,0.141,ASK
1443063162,1495.0,0.181,ASK
1443063162,1495.0,3.37,ASK
1443063162,1495.0,0.5,ASK
1443063163,1495.0,1.0,ASK
1443063163,1495.0,0.05,ASK
1443063163,1495.0,0.0545,ASK
1443063166,1494.51,0.0477,ASK
1443063166,1494.51,0.0271,ASK
1443063166,1494.51,0.1217,ASK
1443063166,1494.5,0.0015,ASK
1443063184,1494.77,0.001,BID
1443063185,1494.51,0.0409,ASK
1443063200,1494.5,0.05,ASK
1443063205,1494.5,0.05,ASK
1443063208,1494.75,0.127,BID
1443063208,1494.75,0.062,BID
1443063208,1494.76,0.0409,BID
1443063208,1494.77,0.019,BID
1443063208,1494.99,0.0051,BID
1443063212,1494.99,0.0464,BID
1443063212,1494.99,0.0214,BID
1443063212,1494.99,0.1651,BID
1443063212,1494.99,0.01,BID
1443063212,1495.0,0.0731,BID
1443063212,1495.0,0.316,BID
1443063223,1494.53,0.001,ASK
1443063223,1494.51,0.009,ASK
1443063228,1494.52,0.01,ASK
1443063234,1494.51,0.01,ASK
1443063240,1494.51,0.01,ASK
1443063247,1494.51,0.01,ASK
1443063252,1494.51,0.01,ASK
1443063258,1494.51,0.01,ASK
1443063264,1494.51,0.01,ASK
1443063265,1494.97,0.01,BID
1443063265,1494.98,0.001,BID
1443063265,1494.99,0.019,BID
1443063265,1494.99,0.01,BID
1443063265,1494.99,0.01,BID
1443063265,1495.0,2.728,BID
1443063267,1495.0,1.185,BID
1443063272,1494.82,0.04,ASK
1443063297,1494.53,0.001,ASK
1443063297,1494.51,0.019,ASK
1443063301,1494.54,0.01,ASK
1443063306,1494.51,0.01,ASK
1443063309,1494.51,0.01,ASK
1443063309,1494.51,0.01,ASK
1443063312,1494.51,0.01,ASK
1443063317,1494.51,0.0013,ASK
1443063317,1494.51,0.0087,ASK
1443063322,1494.51,0.01,ASK
1443063329,1494.51,0.01,ASK
1443063330,1494.97,0.001,BID
1443063330,1494.97,0.154,BID
1443063331,1494.98,0.01,ASK
1443063332,1494.98,1.185,ASK
1443063332,1494.98,0.5,ASK
1443063333,1494.98,0.05,ASK
1443063334,1494.98,0.08,ASK
1443063335,1494.98,0.011,ASK
1443063335,1494.98,0.154,ASK
1443063335,1494.98,0.01,ASK
1443063337,1494.98,0.5,ASK
1443063338,1494.98,0.05,ASK
1443063339,1494.99,0.0687,BID
1443063339,1494.99,0.0286,BID
1443063339,1494.99,0.0217,BID
1443063339,1495.0,1.881,BID
1443063339,1494.98,0.2,ASK
1443063340,1495.0,0.119,BID
1443063340,1495.0,1.604,BID
1443063341,1495.0,0.5381,BID
1443063341,1495.0,0.6419,BID
1443063341,1494.98,1.0,ASK
1443063341,1494.98,0.01,ASK
1443063343,1494.98,0.085,ASK
1443063343,1494.98,0.0217,ASK
1443063343,1494.98,0.0933,ASK
1443063344,1495.0,0.0143,BID
1443063344,1495.01,0.119,ASK
1443063345,1495.01,0.23,ASK
1443063346,1495.18,10.0,ASK
1443063346,1495.18,3.147,ASK
1443063347,1495.01,0.01,ASK
1443063349,1495.02,0.0974,ASK
1443063349,1495.01,0.2076,ASK
1443063350,1495.02,0.0148,ASK
1443063350,1495.01,0.088,ASK
1443063351,1495.0,0.1,BID
1443063352,1494.8,0.295,ASK
1443063352,1495.0,0.0928,BID
1443063352,1495.18,8.0,BID
1443063352,1495.18,6.528,BID
1443063353,1495.01,0.01,ASK
1443063353,1495.01,0.0777,ASK
1443063357,1494.81,0.012,ASK
1443063358,1494.81,0.021,ASK
1443063358,1494.81,0.079,ASK
1443063359,1494.81,0.0021,ASK
1443063359,1494.71,0.0079,ASK
1443063360,1494.72,2.0,ASK
1443063360,1494.72,2.0,ASK
1443063360,1494.72,1.947,ASK
1443063364,1495.16,0.001,BID
1443063364,1495.18,0.0974,BID
1443063364,1495.19,0.0217,BID
1443063364,1495.19,0.0283,BID
1443063364,1495.2,1.0,BID
1443063364,1495.24,0.283,BID
1443063364,1495.24,0.163,BID
1443063364,1495.28,0.1,BID
1443063364,1495.38,0.176,BID
1443063364,1495.42,0.001,BID
1443063364,1495.79,0.1,BID
1443063364,1495.79,0.1104,BID
1443063364,1495.8,0.978,BID
1443063364,1495.8,1.2293,BID
1443063364,1495.9,0.0234,BID
1443063365,1495.0,0.01,ASK
1443063366,1495.01,0.1103,ASK
1443063366,1495.01,0.0217,ASK
1443063366,1495.0,0.868,ASK
1443063371,1495.01,0.0224,ASK
1443063371,1495.01,0.019,ASK
1443063371,1495.0,0.0786,ASK
1443063371,1495.0,0.01,ASK
1443063377,1495.0,0.01,ASK
1443063378,1495.01,0.1,ASK
1443063382,1495.01,0.06,ASK
1443063382,1495.01,0.28,ASK
1443063385,1495.02,0.01,ASK
1443063388,1495.01,0.032,ASK
1443063389,1495.01,0.1,ASK
1443063392,1495.01,0.01,ASK
1443063393,1495.45,18.593,ASK
1443063396,1495.88,0.017,BID
1443063396,1495.89,0.303,BID
1443063398,1495.0,0.01,ASK
1443063398,1495.0,0.1,ASK
1443063403,1495.01,0.01,ASK
1443063408,1495.0,0.01,ASK
1443063409,1495.01,0.1,BID
1443063414,1495.02,0.01,ASK
1443063419,1495.02,0.01,ASK
1443063426,1495.02,0.01,ASK
1443063427,1495.58,0.01,BID
1443063427,1495.58,0.0424,BID
1443063427,1495.85,0.0139,BID
1443063427,1495.86,0.062,BID
1443063428,1495.03,8.0,BID
1443063428,1495.03,1.441,BID
1443063433,1495.02,0.09,ASK
1443063433,1495.01,0.91,ASK
1443063434,1495.01,0.01,ASK
1443063439,1495.0,0.01,ASK
1443063445,1495.0,0.01,ASK
1443063452,1495.36,0.01,ASK
1443063453,1495.37,0.01,ASK
1443063456,1495.0,0.05,ASK
1443063456,1495.0,0.087,ASK
1443063457,1495.0,0.017,ASK
1443063458,1495.0,0.01,ASK
1443063463,1495.0,0.01,ASK
1443063464,1495.77,0.01,BID
1443063464,1495.78,0.0634,BID
1443063464,1495.79,0.042,BID
1443063468,1495.01,0.05,ASK
1443063469,1495.01,0.0184,ASK
1443063469,1495.01,0.05,ASK
1443063470,1495.01,0.01,ASK
1443063475,1495.0,0.01,ASK
1443063480,1495.0,0.01,ASK
1443063482,1495.0,0.01,ASK
1443063484,1495.0,0.05,ASK
1443063487,1495.0,0.01,ASK
1443063488,1495.0,0.05,ASK
1443063493,1495.0,0.01,ASK
1443063499,1495.0,0.01,ASK
1443063504,1495.0,0.01,ASK
1443063510,1495.0,0.01,ASK
1443063515,1495.0,0.01,ASK
1443063521,1495.0,0.01,ASK
1443063527,1495.0,0.01,ASK
1443063534,1495.0,0.01,ASK
1443063540,1495.0,0.01,ASK
1443063543,1495.0,0.1,ASK
1443063547,1495.0,0.01,ASK
1443063552,1495.0,0.01,ASK
1443063554,1495.0,0.1,ASK
1443063558,1495.0,0.01,ASK
1443063564,1495.0,0.1,ASK
1443063564,1495.0,0.01,ASK
1443063569,1495.0,0.01,ASK
1443063577,1495.0,0.01,ASK
1443063578,1495.0,0.1,ASK
1443063583,1495.0,0.01,ASK
1443063588,1495.0,0.01,ASK
1443063590,1495.0,0.1,ASK
1443063592,1495.0,1.4888,ASK
1443063595,1495.0,0.01,ASK
1443063600,1495.0,0.1,ASK
1443063600,1495.0,0.01,ASK
1443063606,1495.0,0.01,ASK
1443063610,1495.0,0.1,ASK
1443063612,1495.0,0.01,ASK
1443063619,1495.0,0.01,ASK
1443063622,1495.0,0.1,ASK
1443063625,1495.0,0.01,ASK
1443063633,1495.0,0.1,ASK
1443063644,1495.01,0.1,ASK
1443063655,1495.01,0.1,ASK
1443063682,1495.01,0.01,ASK
1443063683,1495.01,0.88,ASK
1443063689,1495.0,0.01,ASK
1443063695,1495.0,0.01,ASK
1443063702,1495.0,0.01,ASK
1443063704,1495.0,0.1,ASK
1443063716,1495.0,0.023,ASK
1443063716,1494.96,0.077,ASK
1443063717,1495.0,0.023,ASK
1443063718,1495.0,0.023,ASK
1443063720,1495.0,0.46,ASK
1443063721,1495.0,0.0017,ASK
1443063726,1495.0,0.1,ASK
1443063740,1495.0,0.1,ASK
1443063750,1495.0,0.1,ASK
1443063804,1495.01,0.2655,ASK
1443063839,1495.36,0.001,BID
1443063868,1495.01,0.0345,ASK
1443063885,1495.0,5.4724,ASK
1443063918,1495.0,1.0,ASK
1443063923,1495.0,0.05,ASK
1443063938,1495.0,5.8214,ASK
1443063940,1495.0,0.5185,ASK
1443063940,1494.96,4.3045,ASK
1443063943,1494.96,0.3,ASK
1443063959,1495.02,2.0,BID
1443063971,1494.96,1.0,ASK
1443064000,1495.01,0.0133,BID
1443064000,1495.01,0.0117,BID
1443064000,1495.02,0.5,BID
1443064006,1495.36,0.0245,BID
1443064006,1495.37,0.002,BID
1443064006,1495.45,0.001,BID
1443064010,1495.45,0.0275,ASK
1443064011,1495.17,0.0225,BID
1443064047,1495.72,0.0225,ASK
1443064048,1495.72,0.59,ASK
1443064048,1495.72,0.4,ASK
1443064048,1495.72,0.5252,ASK
1443064048,1495.01,0.001,ASK
1443064048,1494.99,0.025,ASK
1443064048,1494.98,1.4488,ASK
1443064053,1495.22,0.4,BID
1443064069,1495.23,0.4,ASK
1443064069,1495.01,0.136,ASK
1443064069,1494.97,0.9328,ASK
1443064072,1495.25,7.0,ASK
1443064072,1495.25,4.473,ASK
1443064158,1495.87,0.002,BID
1443064158,1495.99,0.1668,BID
1443064158,1495.99,0.095,BID
1443064158,1496.0,2.954,BID
1443064158,1496.0,0.3,BID
1443064158,1496.0,0.295,BID
1443064158,1496.05,0.004,BID
1443064158,1496.08,0.0157,BID
1443064158,1496.08,0.014,BID
1443064158,1496.09,2.838,BID
1443064204,1495.22,0.5,ASK
1443064204,1495.08,0.0154,ASK
1443064204,1495.08,0.0135,ASK
1443064204,1495.08,0.1675,ASK
1443064204,1495.08,0.0436,ASK
1443064204,1495.08,6.4108,ASK
1443064204,1495.07,9.8289,ASK
1443064204,1495.06,0.095,ASK
1443064205,1495.02,0.0974,BID
1443064207,1495.02,0.84,BID
1443064208,1495.02,2.0,BID
1443064208,1495.02,2.58,BID
1443064208,1495.02,0.6689,BID
1443064208,1495.02,0.4,BID
1443064208,1495.0,0.3,ASK
1443064208,1494.96,1.7836,ASK
1443064209,1495.02,0.6689,BID
1443064210,1495.0,0.3,BID
1443064210,1495.02,0.3689,BID
1443064211,1495.02,0.6689,BID
1443064212,1495.02,0.5023,BID
1443064213,1495.03,0.0251,ASK
1443064249,1495.03,0.1415,ASK
1443064249,1495.03,0.2938,ASK
1443064258,1495.03,0.313,ASK
1443064261,1495.03,0.05,ASK
1443064267,1495.03,0.0121,ASK
1443064267,1494.97,0.0252,ASK
1443064267,1494.96,0.0127,ASK
1443064270,1494.96,0.526,ASK
1443064274,1494.96,0.1,ASK
1443064279,1494.96,1.0,ASK
1443064283,1494.96,0.021,ASK
1443064284,1494.96,0.1,ASK
1443064285,1494.96,0.6,ASK
1443064285,1494.96,1.0,ASK
1443064288,1494.96,0.06,ASK
1443064289,1494.96,0.05,ASK
1443064289,1494.96,0.184,ASK
1443064290,1494.96,0.65,ASK
1443064291,1494.96,0.65,ASK
1443064293,1494.96,0.3,ASK
1443064293,1494.96,0.05,ASK
1443064295,1494.96,0.1,ASK
1443064296,1494.96,0.5,ASK
1443064298,1495.22,0.05,ASK
1443064302,1495.22,0.201,ASK
1443064305,1495.21,0.201,BID
1443064305,1495.21,0.201,BID
1443064306,1495.2,0.0201,BID
1443064310,1495.22,0.1,ASK
1443064314,1495.22,0.05,ASK
1443064321,1495.22,0.1,ASK
1443064321,1495.22,0.05,ASK
1443064326,1495.22,0.05,ASK
